2658 3914
220 203 285 270 166
541 207 572 255 L.
597 201 901 272 [ΔΗΜοεουειουε]

216 364 447 448 ποιησάμενος,
473 360 546 430 οὐδ’
570 363 620 430 ὅτι
637 373 822 449 τριηραρχῶ
841 360 896 428 καὶ
915 363 976 428 οὐκ
995 361 1040 432 ,διν
1063 362 1240 444 δυναίμην
1252 343 1310 430 1203

218 471 280 536 δύο
298 471 496 556 λῃτουργίας
515 474 711 556 λῃτουργεῖν
730 463 809 534 οὐδὲ
825 469 865 534 Ἰοί
879 469 977 551 νόμοι
995 465 1108 551 ἐῶσιν,
1123 469 1239 550 ἔθηκα
1309 431 1310 496 3

217 575 275 651 τὰς
295 576 518 662 προεισφορὰς
539 586 676 660 πρῶτος.
718 572 774 641 καὶ
801 573 862 642 οὐκ
889 571 1146 660 εἰσεπραξάμην,
1174 572 1237 636 διδι

216 681 254 746 τὸ
276 683 349 746 τότε
371 677 433 766 μὲν
455 680 641 766 ἀποδημεῖν
663 676 747 766 ὑπὲρ
769 679 863 764 ὑμῶν
886 689 1108 765 τριηραρχῶν,
1135 678 1236 744 δστε-
1309 729 1310 766 ,

217 807 279 868 ρον
309 781 345 852 δέ
373 786 600 863 καταπλεύσας
625 789 824 870 καταλαβεῖν
852 785 893 851 τδ
921 780 982 869 μὲν
1011 785 1137 871 εὔπορα
1165 781 1228 868 ὑφ’
1309 775 1310 868 3

179 907 204 947 1⁰
219 887 340 978 ἑτέρων
367 889 659 979 προεξειλεγμένα,
687 893 727 958 τά
757 887 787 957 δ’
822 892 929 978 ἀπορα
957 889 1132 958 ὑπόλοιπα.
1172 888 1233 958 καὶ
1309 873 1310 946 3

217 1003 318 1062 ταῦτα
332 998 382 1063 ὅτι
395 995 505 1082 ἀληθῆ
521 995 606 1080 λέγω
624 999 706 1084 πρὸς
723 997 819 1081 ὑμᾶς,
837 997 965 1064 τούτων
983 995 1064 1080 ὑμῖν
1077 995 1231 1079 ἀναγνώ-

218 1118 308 1168 σεται
321 1103 378 1180 τὰς
391 1105 570 1189 μαρτυρίας
582 1113 649 1168 τῶν
663 1125 697 1167 τε
709 1103 749 1167 τὰ
762 1102 976 1189 στρατιωτικὰ
989 1103 1062 1167 τότε
1075 1104 1231 1188 εἰσπρατ-

217 1211 342 1276 τόντων
371 1206 426 1274 καί
454 1220 521 1278 τῶν
551 1206 779 1292 ἀποστολέων,
806 1205 862 1274 καὶ
888 1211 967 1286 τοὺς
997 1209 1141 1292 μισθοὺς
1167 1207 1230 1284 οὓς

216 1327 287 1393 ταῖς
307 1315 500 1401 ὑπηρεσίαις
522 1312 577 1379 καὶ
598 1326 667 1392 τοῖς
687 1312 855 1398 ἐπιβάταις
872 1315 954 1380 κατὰ
972 1323 1060 1399 μῆνα
1078 1313 1229 1398 ἐδίδουν,

217 1422 305 1508 παρὰ
317 1431 385 1486 τῶν
399 1430 588 1505 στρατηγῶν
602 1417 789 1506 σιτηρέσιον
806 1422 911 1504 μόνον
930 1421 1120 1505 λαμβάνων,
1137 1421 1228 1504 πλὴν

218 1528 315 1592 δυοίν
338 1535 459 1609 μηνοῖν
482 1527 588 1608 μόνον
610 1527 736 1608 μισθὸν
759 1524 795 1590 έν
816 1522 913 1591 πέντε
936 1523 1016 1610 μησὶ
1037 1525 1095 1592 καὶ
1115 1525 1227 1592 ένιαυ-

217 1637 275 1717 τῷ,
296 1627 351 1694 καὶ
373 1632 450 1706 τοὺς
471 1630 593 1706 ναύτας
610 1633 688 1708 τοὺς
705 1629 948 1716 μισθωθέντας,
970 1628 1026 1697 καί
1048 1631 1129 1698 ὅσον
1151 1631 1222 1698 ἕνα·

218 1752 294 1812 στος
316 1737 433 1819 ἔλαβεν
454 1733 627 1821 ἀργύριον,
649 1733 694 1801 ἵν’
721 1735 757 1802 έκ
778 1737 905 1803 τούτων
927 1738 1036 1822 είδῆτε
1057 1740 1118 1822 τὴν
1141 1738 1225 1824 ἐμῆν

216 1844 421 1927 προθυμίαν,
441 1839 497 1906 καὶ
519 1835 615 1918 οὗτος
637 1843 723 1906 διότι
740 1845 943 1928 παραλαβεῖν
959 1841 1035 1929 παρ’
1057 1843 1140 1930 έμοῦ
1162 1847 1224 1930 τῆν

216 1956 303 2013 ναῦν
342 1946 403 2012 οὐκ
434 1949 570 2031 ῆθελεν,
615 1947 727 2031 έπειδῆ
754 1971 811 2034 μοι
835 1948 853 2015 δ
875 1952 995 2035 χρόνος
1021 1949 1139 2034 ἐξῆλθε
1167 1961 1225 2035 τῆς

217 2056 436 2140 τετραετίας·

617 2159 821 2214 ΜΑΡΤΤΡΙΑΙ.

177 2279 202 2319 ¹1
272 2264 345 2332 Ὅτι
371 2261 432 2350 μέν
458 2268 574 2331 τοίνυν
601 2265 642 2332 οὐ
668 2267 833 2351 ψεύδομαι
859 2269 941 2353 πρὸς
966 2267 1051 2352 ὑμᾶς
1076 2264 1222 2355 περίδου

215 2368 309 2440 εἶπον
335 2367 362 2437 ὦ
389 2373 509 2458 ἀνδρες
535 2370 700 2457 δικασταί,
727 2383 793 2437 τῶν
820 2385 1010 2460 μαρτυριῶν
1037 2373 1221 2460 ἀναγιγνῶ·

216 2477 385 2563 σπομέναν
415 2477 583 2562 ἀκηκόατε.
626 2481 674 2544 έτι
705 2474 742 2544 δέ
770 2477 846 2566 περὶ
880 2473 928 2544 ὧν
960 2479 1068 2565 μέλλω
1101 2481 1221 2567 λέγειν,

215 2581 355 2660 ἅπαντές
381 2607 438 2667 μοι
464 2583 683 2668 ὁμολογήσετε
713 2584 763 2649 ὅτι
791 2583 900 2670 ἀληθῆ
929 2585 1027 2654 έστιν.
1067 2591 1222 2675 τριῆρους

214 2687 278 2772 γδιρ
301 2687 507 2771 ὁμολογεῖται
529 2689 706 2766 κατάλυσις
728 2684 825 2774 εἶναι,
846 2701 978 2778 πρῶτον
1000 2689 1073 2779 μέν,
1095 2693 1154 2760 έδν
1175 2696 1219 2780 μὴ

214 2796 338 2878 μισθόν
359 2816 409 2870 τις
438 2794 534 2880 διδῷ,
564 2795 721 2882 δεύτερον
751 2791 807 2880 δέ,
835 2796 893 2862 έάν
923 2799 970 2876 είς
997 2800 1056 2865 τδν
1078 2804 1219 2887 Πειραιᾶ

214 2896 332 2982 μεταξὺ
350 2899 570 2984 καταπλεύση·
590 2899 761 2979 ἀπόλειψίς
778 2924 813 2966 τε
831 2902 895 2987 γὰρ
912 2907 1045 2988 πλείστη
1064 2908 1218 2991 γίγνεται,

213 3003 302 3070 οἵτε
328 3001 572 3089 παραμένοντες
598 3015 665 3070 τῶν
692 3017 825 3074 ναυτῶν
852 3007 913 3074 οὐκ
940 3008 1094 3078 ἐθέλουσι
1119 3013 1217 3078 πάλιν
1309 3065 1310 3088 ,

214 3108 400 3194 έμβαίνειν,
428 3108 486 3174 ἐὰν
513 3111 558 3193 μῆ
584 3133 634 3188 τις
660 3112 772 3190 αὐτοῖς
797 3112 910 3199 ἕτερον
936 3113 1098 3202 ἀργύριον
1125 3119 1217 3206 διδῷ,

214 3215 296 3280 ὥστε
319 3215 359 3280 τδι
381 3217 486 3280 οίκεία
512 3216 754 3300 διοικήσασθαι.
799 3219 821 3284 δ
848 3217 921 3304 ἐμοὶ
947 3220 1115 3309 ἀμφότερα
1141 3241 1216 3293 συν-

213 3318 272 3406 έβη
295 3315 321 3384 ὦ
346 3322 466 3405 ἀνδρες
489 3322 654 3406 δικασταί,
682 3325 763 3390 ὥστε
789 3326 1067 3413 πολυτελεστέραν
1089 3354 1145 3413 μοι
1166 3355 1215 3414 γε·
1224 3348 1286 3398 1210
1309 3319 1310 3406 3

175 3439 200 3480 1²
212 3425 333 3492 νέσθαι
346 3428 407 3511 τῆν
420 3431 645 3514 τριηραρχίαν,
680 3428 811 3518 καὶγὰρ
825 3435 949 3514 μισθὸν
963 3432 1084 3500 οὐδένα
1097 3437 1214 3520 ἔλαβον
1309 3481 1310 3490 ¹

214 3533 300 3614 παρὰ
321 3541 381 3599 τοῦ
399 3543 582 3619 στρατηγοῦ
601 3532 684 3599 ὀκτὼ
703 3546 829 3620 μηνῶν,
850 3535 906 3602 καί
923 3535 1124 3605 κατέπλευσα
1140 3544 1215 3620 τοὺς
