2658 3922
421 223 517 274 RATA
535 222 755 277 οεοκεικον.
1026 223 1093 290 269

78 383 257 466 ποιήσητε,
284 377 368 466 μηδὲ
394 393 461 448 τῶν
493 385 624 448 οἰκείων
652 381 895 469 ἀποστερήσητε
925 385 1094 451 τοσούτων

79 488 192 553 ὄντων
214 489 252 552 τὸ
274 493 415 573 πλῆθος,
437 485 493 554 καὶ
516 489 599 566 ὅλως
622 487 810 573 ἀπολέσητε.
845 493 1008 578 πρότερον
1030 492 1094 578 γὰρ

79 593 103 678 ή
127 592 302 679 προλιπεῖν
331 595 484 678 τούτους,
515 596 548 660 εί
572 596 617 679 μὴ
646 595 791 662 δυνατὸν
818 592 875 661 ὑπ’
907 597 1017 662 αὐτῶν
1044 604 1094 682 είη

80 707 247 784 σωθῆναι,
266 697 488 784 ἀποκτείναιμ’
511 699 554 766 δν
573 699 727 786 ἐμαυτόν,
750 699 826 767 ὥστ’
850 701 886 768 ἐν
904 711 943 788 τή
961 705 1096 790 πατρίδι

78 802 116 888 μ’
143 805 210 871 ὑπὸ
232 806 360 872 τούτων
383 815 535 892 ταφῆναι.

529 1139 650 1207 LVIII.

138 1337 141 1339 -
208 1281 456 1366 ΕΝΔΕΙΞΙΣ
485 1279 632 1357 ΚΑΤΑ
659 1279 976 1360 ΘΕΟΚΡΙΝΟΤ.

486 1467 690 1524 ΤΠΟΘΕΣΙΣ.
891 1507 893 1514 .
1106 1464 1174 1515 1³21

72 1653 74 1659 .
152 1605 265 1664 Τούτου
286 1599 339 1663 τὸν
360 1599 449 1682 λόγον
467 1600 522 1663 ούκ
539 1593 598 1662 οἶδ’
619 1599 699 1674 ὅπως
717 1595 829 1675 ἐντοῖς
848 1597 1006 1676 ἰδιωτικοῖς
1024 1597 1097 1662 άνα-

78 1699 251 1782 ηράφονσιν
269 1697 301 1760 οἱ
315 1696 418 1777 πολλοὶ
436 1697 581 1778 δημόσιον
599 1693 671 1759 ὄντα
688 1705 838 1780 φανερῶς·
863 1699 954 1780 δήλου
966 1691 1001 1762 δ’
1018 1695 1098 1760 ἐσται

79 1789 163 1859 τοῦτ’
188 1793 217 1870 ἐξ
240 1795 332 1876 αὐτῆς
353 1804 406 1876 τής
428 1791 610 1869 ὑποθέσεως.
649 1791 723 1855 κατὰ
745 1803 805 1856 τῶν
832 1793 952 1879 ἐτέρωσέ
973 1816 1026 1858 ποι
1047 1793 1098 1857 καλ

81 1893 124 1974 μή
150 1885 296 1972 Ἀθήναζε
328 1891 559 1974 σεσιτηγηκότων
591 1889 728 1974 ἐμπύρων
755 1887 777 1971 ἢ
804 1893 980 1976 ναυκλήρων
1004 1886 1097 1972 Ἀθη-

80 1991 178 2078 ναίων
200 1991 305 2070 φάσεις
327 1981 404 2069 ἦσαν
427 1989 589 2070 δεδομέναι.
630 1990 722 2070 νόμος
749 1983 781 2076 δ’
805 1981 860 2071 ήν,
887 1989 939 2052 ἐάν
965 1988 1010 2064 τίς
1030 2009 1097 2050 τινα

79 2088 193 2167 φήνας
212 2085 252 2166 μή
281 2085 395 2171 ἐπεξίῃ,
422 2083 443 2165 ἢ
466 2085 588 2160 ἐπεξιὼν
615 2085 655 2166 μὴ
683 2086 759 2171 λάβη
789 2085 822 2148 τδ
850 2084 983 2172 πέμπτον
1011 2083 1098 2167 μέρος

80 2194 144 2246 τῶν
164 2183 292 2262 ψήφων,
314 2183 408 2262 χιλίοις
430 2179 553 2243 ἐκτίνειν
575 2187 616 2266 τῷ
639 2181 784 2268 δημοσίῳ,
806 2187 868 2256 τοῖς
891 2176 920 2243 δ’
946 2178 1099 2261 ὀφείλουσι

24 2357 26 2362 Ι
82 2281 126 2361 μὴ
150 2279 257 2353 ἐξεῖναι
278 2276 385 2360 λέγειν·
403 2297 475 2337 *κ*
491 2276 542 2362 καί
559 2278 664 2361 τρίτος,
687 2277 740 2340 ἐὰν
756 2278 806 2359 μή
822 2279 867 2354 τις
885 2279 957 2364 δόξη
976 2278 1097 2352 δικαίως

81 2378 128 2451 εἰς
145 2374 317 2459 ἐλευθερίαν
335 2372 498 2454 ἀφελέσθαι
511 2375 587 2454 τινά,
605 2373 638 2436 τὸ
656 2374 748 2456 ήμισν
766 2385 820 2438 τοῦ
837 2375 997 2457 τιμήματος
1017 2371 1098 2454 ἀφεί-

55 2479 147 2534 ελειν
173 2475 214 2556 τῷ
242 2471 383 2558 δημοσίῳ.
421 2463 581 2554 Ἕκτιχάρης
612 2462 668 2534 ούν
699 2471 821 2548 ἐνέδειξε
852 2474 1016 2557 Θεοκρίνην
1043 2472 1098 2536 ούιι

82 2568 152 2646 ἐξὸν
174 2568 254 2656 αὐτῷ
276 2566 369 2651 λέγειν
390 2566 423 2631 ἐκ
444 2577 533 2651 τριῶν
555 2569 666 2632 τούτων
684 2570 794 2651 νόμων.
829 2569 880 2634 καί
897 2570 953 2654 γὰρ
971 2565 1095 2634 Μίκων’

83 2666 126 2742 ὡς
153 2663 272 2749 ἑτέρωσέ
297 2687 350 2728 ποι
377 2651 598 2748 σεσιτηγηκότα
616 2675 712 2747 φήναι
744 2664 797 2748 μὲν
824 2668 915 2732 αύτδν
940 2667 1028 2751 λέγει,
1055 2669 1096 2750 μή

83 2763 252 2838 ἐπεξελθεῖν
279 2761 325 2826 δέ·
351 2762 403 2825 καί
433 2761 610 2844 ἐπιμελητήν
641 2761 700 2826 δπδ
732 2772 791 2826 τῶν
818 2770 952 2844 φυλετῶν
978 2763 1097 2829 ἀποδει-

83 2854 185 2943 χθέντ’
210 2860 244 2923 ἐν
270 2861 415 2936 εὐθύναις
442 2859 553 2923 ἁλῶναι
579 2865 692 2941 κλοπῆς
717 2861 890 2944 χρημάτων,
921 2861 942 2924 δ
968 2855 1007 2944 ήν
1033 2864 1096 2948 δερδι

83 2967 145 3020 τῶν
171 2956 348 3038 ἐπωνύμων·
382 2955 433 3020 καί
463 2960 561 3042 τρίτον
587 2957 809 3040 Κηφισοδώρου
841 2959 1028 3043 θεράπαιναν
1055 2960 1097 3035 είς
1126 3029 1127 3032 ¹

85 3054 257 3136 ἐλευθερίαν
283 3053 394 3130 ἀδίκως
419 3048 603 3136 ἀφελόμενον
632 3053 686 3116 τὸν
715 3053 827 3137 πατέρα
851 3065 905 3118 τοῦ
934 3057 1096 3138 Θεοκρίνου

85 3155 292 3232 προσοφλήσει
319 3150 448 3234 δραχμὰς
474 3151 676 3226 πεντακοσίας.
718 3149 766 3212 ἐπί
791 3152 907 3227 τούτοις
930 3150 984 3232 μέν
1006 3150 1026 3232 ἡ
1049 3152 1096 3214 ἐν·

86 3247 184 3327 δειξις,
206 3245 259 3309 καί
278 3246 311 3309 τὸ
332 3258 452 3330 πρᾶγμα
474 3258 611 3333 φανερῶς
633 3247 786 3330 δημόσιον.
827 3250 880 3314 τδν
902 3247 934 3312 δέ
947 3247 1045 3332 λόγον
1068 3251 1099 3312 οί

85 3343 188 3406 πολλοὶ
209 3345 380 3425 νομίζουσιν
402 3339 481 3408 εἶναι
499 3347 672 3430 Δεινάρχου,
694 3346 789 3410 καίτοι
810 3341 840 3430 μ’
862 3347 917 3410 ούιι
939 3345 1096 3408 άπεοικότα

86 3449 145 3502 τῶν
166 3450 219 3503 τοῦ
241 3439 466 3523 Δημοσθένους.

556 3581 557 3586 .
596 3579 599 3586 ι

485 3599 698 3614 ——m
