2658 3922
462 203 562 254 ΠΡΟΣ
579 202 829 258 ΕΤΒΟΤΔΙΔΗΝ.
1084 200 1149 268 263

137 360 376 449 κληρουμένων
406 360 463 428 καὶ
494 361 753 449 προκριθέντων.
797 361 882 432 οὐδέ
905 361 938 448 γ’
969 363 1012 430 ἀν
1039 357 1066 428 δι
1093 363 1152 428 ἀν-

139 471 217 554 δρες
242 465 426 552 Ἀθηναῖοι
440 469 583 545 παλαιὸς
612 468 660 534 ὢν
689 467 811 554 ἐχθρὸς
839 466 914 554 ἐμοὶ
942 479 1062 535 τοῦτον
1091 468 1151 534 τὸν

137 576 256 661 καιρὸν
277 571 481 659 περιέμενεν,
504 573 544 640 ὃν
567 571 678 651 οὐδεὶς
699 572 774 662 ῄδει
795 577 1038 660 γενησόμενον,
1059 579 1152 657 είπερ

90 701 123 740 ιε
137 703 170 747 τι
200 676 339 767 συνῄδει
367 689 530 746 τοιοῦτον.
578 677 649 746 ἀλλ’
682 680 724 746 οὐ
757 678 911 768 συνῄδει·
946 681 1062 766 διόπερ
1091 679 1151 745 τὸν

138 782 201 871 μὲν
230 787 333 852 ἀλλον
363 786 491 852 ἅπαντα
519 788 643 872 χρόνον
674 787 936 872 δημοτευόμενος
964 782 1032 871 μετ’
1068 784 1150 870 ἐμοῦ

137 889 194 957 καὶ
224 893 449 979 κληρούμενος
478 889 581 959 οὐδέν
613 890 699 978 ἐώρα
728 893 878 977 τούτων,
914 890 1026 976 ἐπειδὴ
1059 887 1092 956 δ’
1128 889 1149 987 ῄ

136 1001 234 1075 πόλις
254 1007 344 1064 πᾶσα
365 1009 435 1080 τοῖς
458 997 603 1082 ἀσελγῶς
624 1000 900 1082 εἰσπεπηδηκόσιν
922 999 971 1074 είς
992 999 1070 1072 τοὺς
1092 997 1150 1081 δῄ-

137 1127 222 1188 μους
244 1103 441 1190 δργιζομένη.
462 1101 673 1190 παρώξυντο,
699 1113 879 1188 τηνικαῦτα
906 1105 989 1187 [μοι]
1014 1101 1149 1185 ἐπεβού-

137 1215 265 1276 λευσεν.
308 1206 351 1294 ἦν
378 1207 410 1276 δ’
441 1208 568 1288 ἐκεῖνος
598 1204 660 1294 μέν
687 1209 705 1276 ὁ
733 1211 846 1295 καιρὸς
871 1218 932 1276 τοῦ
960 1207 1150 1285 συνειδότος

137 1316 226 1403 αὑτῷ
257 1315 387 1400 τάληθῆ
418 1313 546 1400 λέγειν,
575 1316 595 1383 ὁ
621 1311 660 1381 δὲ
688 1313 767 1382 νυνὶ
795 1315 911 1401 παρὼν
940 1313 1066 1400 ἐχθροῦ
1093 1311 1150 1378 καὶ

92 1441 123 1482 εο
137 1433 360 1507 συκοφαντεῖν
387 1419 604 1506 βουλομένω.
648 1421 712 1506 ἐγὼ
740 1418 770 1487 δ’
798 1417 825 1488 ὦ
852 1421 972 1507 ἀνδρες
1000 1421 1153 1486 δικασταί

137 1525 211 1614 (καί
229 1551 286 1612 μοι
307 1529 391 1614 πρὸς
413 1530 498 1604 Διὸς
523 1526 578 1593 καὶ
604 1533 696 1595 θεῶν
723 1525 837 1613 μηδεὶς
858 1528 1046 1613 θορυβῄση,
1068 1523 1145 1610 μηδ’

138 1629 190 1717 ἐφ’
227 1626 253 1722 ᾧ
291 1632 400 1718 μέλλω
439 1631 549 1717 λέγειν
587 1632 754 1721 ἀχθεσθῇ)
792 1632 936 1720 ἐμαυτὸν
968 1629 1150 1716 Ἀθηναίου

137 1735 291 1824 ὑπείληφ’
308 1740 424 1824 Ιὥσπερ
441 1739 537 1824 ὑμῶν
560 1738 696 1818 ἕκαστος
713 1737 845 1824 ἑαυτόν,
867 1734 978 1824 μητέρ’
997 1736 1030 1816 ἐξ
1049 1736 1151 1824 ἀρχῆς

136 1847 281 1929 νομίζων
309 1845 414 1932 ῄνπερ
445 1847 494 1923 είς
523 1845 609 1930 ὑμᾶς
639 1845 834 1932 ἀποφαίνω,
862 1843 919 1912 καὶ
948 1845 1009 1930 οὐχ
1039 1840 1150 1930 ἑτέρας

137 1946 199 2035 μὲν
226 1951 290 2033 ὥν,
316 1951 437 2035 ταύτης
465 1947 503 2016 δὲ
528 1952 826 2037 προσποιούμενος·
849 1948 972 2034 πατέρα
998 1945 1148 2016 πάλινῶ

95 2075 122 2116 ει
137 2057 258 2141 ἄνδρες
282 2051 457 2140 Ἀθηναῖοι
485 2057 546 2122 τὸν
574 2056 676 2122 αὐτὸν
705 2059 840 2142 τρόπον.
886 2060 993 2124 καίτοι
1021 2058 1054 2121 εί
1080 2067 1150 2133 τοίς

138 2157 401 2245 ἐξελεγχομένοις
432 2155 480 2226 ὧν
507 2158 568 2244 μέν
596 2157 659 2226 είσ’
690 2159 1009 2247 ἀποκρυπτομένοις,
1036 2155 1084 2226 ὧν
1112 2157 1145 2226 δ’

139 2266 201 2332 οὐκ
223 2263 288 2330 είσὶ
310 2264 620 2351 προσποιουμένοις,
643 2268 773 2334 δίκαιον
793 2266 953 2353 ὑπάρχειν
970 2262 1047 2352 παρ’
1069 2265 1150 2350 ὑμίν

138 2379 236 2437 τοῦτο
260 2382 398 2456 σημεῖον
424 2372 469 2450 ὡς
495 2369 560 2438 είσλ
587 2369 693 2455 ξένοι,
719 2369 793 2456 ἐμοὶ
820 2373 928 2456 δήπου
954 2371 1149 2438 τούναντίον

138 2477 184 2554 ὡς
212 2474 280 2561 είμλ
309 2480 453 2562 πολίτης.
501 2476 542 2542 οὐ
571 2478 635 2563 γδρ
664 2475 708 2543 ἀν
737 2476 835 2562 ξένην
863 2475 918 2544 ιιαλ
948 2476 1045 2556 ξένον
1072 2481 1150 2556 τοὺς

138 2592 282 2668 εμαοτοῦ
317 2581 435 2667 γονέας
468 2583 732 2670 ἐπιγραφόμενος
765 2583 911 2671 μετέχειν
944 2582 1060 2670 ῄξίονν
1093 2594 1150 2670 τῆς

137 2691 279 2767 πόλεως·
303 2686 379 2755 ἀλλ’
405 2695 440 2756 εί
456 2714 489 2756 τι
511 2699 665 2756 τοιοῦτον
688 2687 864 2777 συνῄδειν,
885 2687 1009 2776 έζῄτηο)
1036 2689 1079 2757 ἀν
1102 2684 1149 2757 ὧν
1201 2716 1203 2720 ·

137 2797 233 2880 φήσω
256 2793 385 2878 γονέων
407 2791 503 2862 εἶναι.
540 2792 612 2862 ἀλλ’
639 2795 681 2861 οδ
704 2792 879 2883 συνῄδειν,
902 2798 1016 2884 διόπερ
1039 2795 1149 2882 μένων

139 2897 192 2965 ἐπὶ
221 2911 290 2978 τοῖς
319 2895 396 2967 οὖσι
425 2900 561 2977 δικαίως
592 2908 751 2982 γονεῦσιν
780 2899 909 2990 ἐμαυτῷ
938 2911 997 2986 της
1023 2904 1150 2978 πόλεως

137 3008 284 3092 μετέχειν
306 3000 396 3084 ἀξιῶ.
1021 3018 1024 3022 ’
1160 3021 1226 3074 ιεισ

97 3126 124 3168 ιε
194 3108 268 3176 Ἔτι
298 3113 415 3178 τοίνυν
451 3111 598 3197 ὀρφανὸς
632 3115 870 3199 κατελείφθην,
905 3111 960 3180 καὶ
995 3120 1080 3199 φασί
1108 3112 1144 3198 μ’

137 3217 283 3303 εὔπορον
310 3212 414 3301 εἶναι,
439 3214 496 3282 καὶ
524 3228 592 3284 τῶν
619 3219 797 3306 μαρτύρων
825 3219 935 3297 ἐνίους
962 3217 1149 3305 ὠφελουμέ-

137 3346 218 3399 νους
250 3345 307 3407 μοι
343 3333 522 3408 μαρτυρεῖν
558 3335 730 3408 συγγενεῖς
764 3320 859 3392 εἶναι.
903 3322 959 3394 καὶ
989 3326 1056 3410 ἅμα
1088 3321 1149 3410 μὲν

137 3425 210 3494 κατ’
238 3427 320 3500 ἐμοῦ
342 3424 477 3512 λέγουσι
499 3428 557 3507 τὰς
579 3427 616 3496 ἐκ
633 3438 690 3514 τῆς
706 3434 821 3508 πενίας
843 3429 976 3508 ἀδοξίαις
997 3429 1052 3496 καὶ
1073 3428 1150 3516 περὶ

137 3535 174 3598 τὸ
207 3531 304 3618 γένος
336 3533 603 3620 διαβάλλουσιν,Ι
626 3536 693 3620 ἅμα
725 3533 763 3602 δέ
795 3534 842 3602 δι’
877 3535 1036 3617 εὐπορίαν
1067 3533 1150 3617 φασὶ
