2650 3918
177 164 244 232 350
481 167 553 220 m.
579 162 884 237 [εωτοεοεωοτε]

177 319 286 394 ἆθλον
307 327 555 412 προφανήσεται
582 335 651 402 τοῖς
677 322 732 390 καὶ
761 326 900 410 μετρίως
922 321 1039 410 άρετής
1060 319 1193 408 έφιεμέ-
1204 340 1271 390 140⁹

176 455 257 509 νοις.
301 433 478 517 τεκμήριον
510 427 548 498 δὲ
579 429 735 516 μέγιστον
771 431 813 496 όν
844 453 895 507 τις
924 432 1095 514 ποιήσαιτο
1127 432 1197 514 τήν

172 533 318 622 Ὀμήρου
348 539 502 621 ποίησιν,
533 534 572 602 έν
599 529 622 622 ᾗ
651 533 707 601 καί
735 537 813 613 τοὺς
831 532 996 619 Ἕλληνας
1026 532 1080 600 καὶ
1110 537 1194 613 τοὺς

177 641 367 728 βαρβάρους
399 642 480 726 μετὰ
515 642 669 726 τοιαύτης
699 648 908 728 παρασκευῆς
942 642 1195 726 πολεμήσαντας

177 750 356 832 πεποίηκεν
378 747 545 832 ἀλλήλοις·
573 749 622 814 ἔτι
649 743 687 813 δὲ
713 745 769 813 καλ
795 757 860 814 νῦν
882 753 950 813 τόν
970 748 1101 813 πόλεων
1122 755 1195 813 τῶν

173 849 379 937 Ἑλληνίδων
397 852 438 920 οὐ
456 864 528 931 ταῖς
545 853 802 938 ταπεινοτάταις,
825 851 910 919 ἀλλὰ
931 863 1002 930 ταῖς
1023 856 1194 938 μεγίσταις

139 979 165 1021 τε
180 957 217 1024 έν
247 971 317 1038 τοϊς
348 957 453 1044 ἀγῶσι
484 965 630 1046 χρῆσθαι
661 956 807 1044 σύνηθές
838 958 937 1024 ἐστιν.
985 958 1006 1043 ή
1036 955 1099 1044 μὲν
1127 953 1194 1026 οὖν

178 1069 369 1152 προαίρεσις
386 1065 473 1132 οὕτω
491 1066 575 1150 καλή
593 1061 649 1130 καί
667 1065 756 1150 παρδ
772 1073 875 1131 πᾶσιν
897 1063 1090 1150 ἀνθρώποις
1110 1065 1193 1149 ήγα-

179 1169 321 1258 πημένη·
351 1174 496 1257 νομίζων
518 1169 548 1237 δ’
576 1166 676 1237 οὐδὲν
698 1165 784 1236 εἶναι
805 1171 977 1256 προῦργου
998 1182 1067 1236 τῶν
1088 1187 1192 1237 σπου-

181 1278 364 1344 δαιοτάτων
386 1276 581 1362 ε’πνθυμελν,
604 1273 683 1342 οὐδὲ
704 1281 812 1353 καλῶς
833 1278 916 1362 πρὸς
937 1277 1066 1344 ἅπαντα
1085 1297 1192 1362 πεφυ-

180 1380 273 1449 κέναι
300 1384 337 1449 τὸ
361 1394 470 1468 σῶμα,
497 1383 542 1467 μή
569 1391 628 1468 της
653 1391 762 1469 ψυχῆς
787 1385 968 1467 φιλοτίμως
988 1399 1192 1470 παρεσκευα-

181 1486 312 1574 σμένης,
334 1488 396 1572 τήν
414 1485 476 1572 μέν
493 1490 694 1573 φιλοπονίαν
712 1484 838 1564 εὐθέως
855 1486 893 1553 έν
910 1499 978 1566 τοῖς
996 1492 1193 1575 γυμνασίοις

181 1592 426 1677 ἐπιδειξάμενος
447 1591 520 1660 οὐδ’
548 1591 585 1658 έν
607 1603 676 1670 τοῖς
698 1595 807 1679 ἔργοις
830 1591 970 1677 έόνεόσω,
991 1593 1054 1680 τήν
1075 1592 1106 1661 δ’
1133 1597 1192 1661 ἄλ-

182 1702 245 1782 λην
263 1697 458 1782 ἐπιφάνειαν
479 1706 537 1783 τῆς
555 1707 679 1764 σαυτοῦ
698 1699 829 1784 φάσεως
850 1697 906 1765 καί
923 1701 985 1784 τήν
1006 1709 1063 1785 της
1084 1711 1195 1788 ψυχῆς

141 1825 167 1866 ετ
182 1803 340 1889 ἀνδρείαν
369 1802 407 1868 ἐν
435 1811 505 1880 τοῖς
534 1802 638 1886 άγῶσι
667 1800 795 1888 μάλιστ’
832 1803 993 1884 ἐνεδείξω.
1035 1804 1111 1891 περὶ
1142 1802 1193 1874 ὧν

182 1909 269 1976 ὀκνῶ
292 1904 365 1993 μέν
380 1906 544 1994 ἄρξασθαι
571 1906 698 1994 λέγειν,
725 1910 769 1994 μή
793 1914 921 1996 λειφθῶ
943 1919 989 2000 τῷ
1012 1913 1098 2001 λόγῳ
1121 1923 1192 1979 τῶν

181 2019 255 2082 τότε
283 2012 531 2101 γεγενημένων,
562 2015 651 2102 ὅμως
680 2013 710 2082 δ’
738 2016 779 2082 οὐ
808 2021 1012 2104 παραλείψω·
1043 2017 1097 2084 καὶ
1125 2020 1191 2106 γάρ

182 2124 332 2209 αἰσχρόν,
354 2121 375 2187 δ
392 2128 606 2208 θεωροῦντας
621 2121 707 2206 ἡμᾶς
724 2122 908 2209 εὐφραίνει,
924 2121 1015 2190 ταῦτ’
1037 2122 1191 2209 ἀπαγγελ-

184 2233 238 2294 λαι
268 2229 313 2313 μή
345 2225 468 2294 θέλειν.
514 2229 659 2307 ἅπαντας
687 2226 749 2314 μὲν
777 2223 841 2296 οὖν
868 2231 901 2295 εί
930 2227 1089 2314 διεξιοίην
1114 2233 1192 2310 τοὺς

182 2333 331 2419 ἀγῶνας,
362 2339 441 2412 ἴσως
470 2333 513 2400 ἂν
539 2335 678 2421 ἄκαιρον
704 2343 807 2419 μῆκος
831 2333 913 2419 ἡμίν
939 2331 1123 2419 ἐπιγένοιτο
1145 2343 1192 2424 τςό

182 2443 286 2530 λόγφ·
310 2438 385 2518 ἑνὸς
406 2437 453 2524 δ’,
476 2438 513 2505 έν
536 2433 562 2528 ςό
585 2442 671 2506 πολὺ
695 2441 885 2525 διήνεγκας,
908 2438 1069 2525 μνησθεὶς
1089 2441 1192 2507 ταύτά

182 2569 217 2612 τε
240 2546 391 2630 δηλώσω,
413 2543 525 2632 κοίτη
543 2555 611 2611 τῶν
633 2544 824 2612 ἀκουόντων
848 2547 989 2632 δυνάμει
1011 2550 1192 2634 συμμετρό·

144 2669 169 2711 τε
183 2673 279 2736 τερον
301 2653 491 2737 φανήσομαι
508 2653 685 2738 χρώμενος.
729 2663 797 2718 τῶν
818 2653 882 2740 γάρ
906 2655 1029 2737 ζευγῶν
1050 2651 1193 2740 ἀφεθέν-

182 2779 261 2840 των,
282 2754 338 2822 ιιαδ
359 2767 426 2822 τῶν
448 2753 510 2842 μὲν
531 2758 826 2844 προορμησάντων,
848 2769 914 2825 τῶν
937 2755 967 2824 δ’
989 2759 1192 2845 ὑφηνιοχου-

183 2858 304 2947 μένων,
322 2859 519 2948 ἀμφοτέρων
531 2865 785 2950 περιγενόμενος
798 2864 843 2942 ὡς
856 2861 1020 2952 ἑκατέρων
1036 2873 1192 2951 προσῆκε,

183 2969 244 3053 τήν
265 2970 363 3052 νίκην
385 2969 500 3051 ἔλαβες
507 3014 518 3052 ,
546 2969 702 3035 τοιούτου
729 2970 895 3056 στεφάνου
917 2971 1046 3057 τυχόν,
1074 2967 1126 3056 ἐφ’
1153 2964 1193 3060 ᾧ,

183 3075 298 3159 καίπερ
329 3077 435 3139 καλοῦ
464 3083 525 3140 τοῦ
555 3081 654 3140 νικᾶν
685 3075 799 3159 ὄντος,
830 3075 967 3144 κάλλιον
999 3075 1107 3142 ἐδόκει
1136 3073 1193 3142 καί

184 3178 457 3265 παραλογώτερον
480 3173 626 3246 εἶναιτὸ
649 3185 810 3264 σωθῆναι.
845 3179 1033 3268 φερομένου
1054 3180 1116 3268 γάρ
1139 3179 1192 3248 έν·
1201 3203 1266 3254 141⁰

184 3288 299 3352 αντίου
321 3283 382 3370 μέν
405 3301 458 3352 σοι
480 3294 541 3352 τοῦ
563 3295 631 3352 τῶν
652 3283 840 3352 ἀντιπάλων
862 3287 1016 3374 ἅρματος,
1038 3285 1194 3355 ἁπάντων

185 3387 215 3454 δ’
242 3388 471 3458 ἀνυπόστατον
493 3387 657 3474 οίομίνωυ
684 3384 770 3455 εἶναι
792 3393 938 3476 τὴντῶν
960 3392 1070 3459 ἵππων
1092 3394 1193 3468 δόνα-

186 3517 255 3579 μιν,
276 3495 366 3582 δρῶν
389 3496 498 3564 αὐτῶν
521 3495 632 3576 ένίους
652 3494 707 3562 καὶ
729 3498 872 3582 μηδενὸς
894 3498 1008 3564 δεινοῦ
1029 3501 1194 3584 παρόντος
