2650 3918
494 186 589 237 RATA
606 186 770 240 ΝΕΑΙΡΑΣ.
895 235 899 242 ,
1072 183 1136 248 32¹1

130 342 275 411 καὶτῶν
297 346 411 429 νόμων
437 345 644 411 δεδωκότων·
671 342 781 423 δόξετε
809 344 871 429 γάρ
895 344 1062 428 ὀλιγώρως
1082 342 1138 408 καλ

131 451 292 538 ῥᾳθύμως
318 449 475 536 φέροντες
501 450 733 536 ὁμογνώμονες
758 448 813 515 καλ
841 449 935 516 αὐτοὶ
962 446 1139 525 εἶναιτοῖς

78 576 117 616 ιιι
131 557 251 639 ταύτης
272 559 414 640 τρόποις.
460 556 542 622 ὥστε
564 559 650 622 πολὺ
672 561 799 641 μᾶλλον
817 554 995 622 ἐλυσιτέλει
1018 556 1062 640 μὴ
1085 578 1138 640 γε-

128 658 252 726 νέσθαι
280 661 339 726 τὸν
366 659 478 743 ἀγῶνα
503 664 655 744 τουτονί,
680 660 702 745 ἢ
724 659 908 745 γενομένου
930 660 1139 746 ἀποψηφίσα-

131 771 214 830 σθαι
235 764 330 849 ὑμᾶς.
363 767 482 850 κομιδῇ
506 767 569 850 γάρ
590 767 654 850 ἥδη
679 768 871 848 [παντελῶς]
896 764 1026 844 έξουσία
1048 768 1139 832 ἔσται

129 881 202 948 ταῖς
232 873 371 953 πόρναις
399 883 569 937 συνοικεῖν
601 863 651 949 οἷς
678 870 720 937 ἀν
749 873 953 956 βούλωνται,
981 870 1036 937 καλ
1062 875 1140 948 τοὺς

130 977 251 1053 παῖδας
267 977 407 1062 φάσκειν
426 972 468 1042 οὗ
486 975 528 1042 ἀν
546 978 690 1062 τύχωσιν
712 972 810 1042 εἶναι·
833 975 889 1043 καὶ
908 978 943 1042 οί
962 973 1023 1061 μὲν
1040 981 1138 1061 νόμοι

17 1140 20 1146 ,
130 1083 249 1168 ἀκυροι
270 1082 352 1166 ὑμῖν
369 1085 513 1168 ἔσονται,
536 1085 572 1148 οί
592 1079 629 1148 δέ
646 1085 762 1167 τρόποι
779 1094 847 1149 τῶν
869 1080 1008 1169 ἑταιρῶν
1029 1083 1139 1167 κύριοι

131 1188 199 1254 ὅτι
218 1186 260 1253 ἀν
279 1170 466 1272 βούλωνται
484 1189 750 1273 διαπράττεσθαι.
786 1189 869 1253 ὥστε
891 1186 945 1252 καλ
967 1182 1050 1270 ὑπὲρ
1072 1197 1139 1252 τῶν

130 1294 311 1359 πολιτίδων
333 1303 493 1378 σκοπεῖτε,
515 1303 575 1359 τοῦ
598 1295 642 1378 μὴ
665 1292 864 1370 ἀνεκδότους
885 1295 1061 1377 γίγνεσθαι
1082 1292 1139 1368 τάς

77 1422 118 1464 ιω
131 1409 199 1464 τῶν
221 1399 372 1482 πενήτων
394 1396 587 1482 θυγατέρας.
631 1408 695 1464 νῦν
718 1394 778 1482 μέν
802 1398 878 1483 γάρ,
899 1397 962 1463 κάν
985 1395 1138 1482 ἀπορηθῇ

130 1528 190 1588 τις,
214 1504 332 1588 ίιωινὴυ
353 1501 461 1589 προῖκ’
488 1504 570 1590 αὐτῇ
594 1503 612 1570 ὁ
635 1507 737 1588 νόμος
759 1504 997 1589 συμβάλλεται,
1019 1501 1062 1566 ἀν
1083 1500 1139 1568 κοιλ

131 1611 318 1677 ὁπωστιοῦν
345 1609 524 1695 μετρίαυη
551 1611 651 1694 φύσις
678 1611 757 1688 όύιυ
784 1609 910 1696 ἀποδῷ·
937 1613 1139 1695 προπηλακι-

102 1737 104 1742 ·
131 1714 272 1793 σθένεος
294 1711 333 1781 δέ
353 1725 414 1782 τοῦ
432 1718 538 1801 νόμου
560 1713 617 1800 ὑφ’
640 1716 734 1800 ὑμῶν
753 1713 988 1800 ἀποφυγούσης
1009 1715 1139 1798 ταύτης,

130 1818 185 1886 καλ
208 1819 334 1907 ἀκύρου
356 1818 552 1906 γενομένου,
573 1827 740 1898 παντελῶς
760 1822 824 1905 ἤδη
847 1820 868 1904 ἡ
891 1817 952 1904 μὲν
970 1831 1037 1885 τῶν
1058 1834 1218 1905 τωρ-1384

128 1937 200 1991 νῶν
223 1925 358 2011 ἐργασία
380 1924 450 2010 ἥξει
472 1928 520 2003 είς
541 1925 599 2003 τάς
620 1937 687 1992 τῶν
705 1931 848 1993 πολιτῶν
868 1922 1065 2010 θυγατέρας,
1089 1922 1136 1990 δι’

129 2030 273 2114 ἀπορίαν
300 2031 375 2097 ὅσαι
402 2031 445 2096 ἀν
471 2032 516 2116 μη
539 2032 705 2098 δύνωνται
729 2032 925 2114 ἐκδοθῆναι,
950 2032 988 2096 τὸ
1011 2027 1049 2094 δὲ
1071 2040 1138 2096 τῶν

129 2133 318 2220 ἐλευθέρων
331 2146 499 2219 γυναικῶν
517 2134 644 2221 ἀξίωμα
662 2136 782 2213 εἰςτὰς
801 2133 940 2220 ἑταίρας,
963 2134 1004 2200 ἀν
1023 2137 1138 2200 ἀδειαν

129 2241 256 2324 λάβωσι
277 2251 338 2307 τοῦ
361 2239 481 2319 ἐξεῖναι
503 2240 617 2318 αὐτοῖς
638 2243 907 2308 παιδοποιεῖσθαι
930 2240 974 2316 ῶς
995 2239 1038 2306 ἀν
1060 2242 1139 2326 βού-

129 2351 252 2412 λωνται
274 2344 329 2412 καὶ
351 2350 489 2412 τελετῶν
506 2344 562 2412 καλ
584 2347 683 2433 ίερῶν
700 2345 756 2412 καλ
778 2358 882 2433 τιμῶν
905 2344 1050 2432 μετέχειν
1072 2358 1139 2413 τῶν

76 2450 167 2518 ιιιέν
189 2459 229 2538 τῇ
251 2454 355 2518 πόλει.
400 2452 482 2517 ὥστε
505 2443 553 2529 εἷς
574 2451 708 2530 ἕκαστος
729 2454 825 2538 ὑμῶν
845 2450 1013 2537 νομιζέτω,
1037 2452 1055 2518 ὁ
1077 2450 1139 2536 μὲν

128 2552 214 2644 ὑπέρ
233 2560 401 2642 γυναικός,
423 2555 492 2624 ὁδ’
509 2554 592 2644 ὑπὲρ
610 2562 789 2645 θυγατρός,
811 2554 880 2625 ὁδ’
900 2554 984 2644 ὑπὲρ
1007 2561 1140 2643 μητρός,

129 2663 148 2729 δ
176 2660 206 2728 δ’
233 2659 316 2751 ὑπὲρ
339 2672 397 2748 της
417 2666 544 2740 πόλεως
565 2662 621 2728 καὶ
648 2676 714 2730 τῶν
736 2667 851 2749 νόμων
873 2662 928 2729 καλ
950 2674 1017 2729 τῶν
1041 2665 1140 2750 ἱερῶν

128 2769 190 2853 την
215 2779 330 2854 ψῆφον
355 2765 489 2855 φέρειν,
516 2778 577 2835 τοῦ
604 2770 648 2854 μὴ
677 2768 709 2848 ἐξ
739 2775 813 2836 ίσου
843 2777 989 2855 φανῆναι
1012 2769 1139 2847 ἐκείνας

128 2874 313 2958 τιμωμένας
333 2875 435 2961 ταύτη
453 2883 492 2961 τῇ
510 2878 628 2961 πόρνη,
651 2871 735 2960 μηδὲ
756 2875 814 2952 τάς
836 2875 916 2959 μετὰ
937 2881 1061 2960 πολλῆς
1082 2875 1139 2942 καὶ

127 2983 229 3060 καλῆς
250 2979 469 3064 σωφροσύνης
494 2977 550 3046 καὶ
573 2979 756 3064 ἐπιμελείας
782 2985 961 3065 τραφείσας
982 2981 1047 3046 ὑπὸ
1070 2993 1138 3047 τῶν

127 3087 362 3169 προσηκόντων
383 3082 440 3150 καὶ
467 3084 660 3162 ἐκδοθείσας
686 3086 768 3151 κατὰ
791 3089 868 3162 τοὺς
890 3089 1032 3170 νόμους,
1060 3087 1138 3151 ταύ·

126 3213 184 3267 τας
206 3189 244 3255 έν
265 3197 311 3276 τῷ
336 3195 396 3279 ίσφ
418 3194 599 3274 φαίνεσθαι
621 3192 819 3277 μετεχούσας
840 3193 982 3278 τῇμετά
1003 3196 1137 3258 πολλῶν

126 3293 181 3361 καλ
205 3295 354 3379 ἀσελγῶν
372 3298 504 3381 τρόπων
521 3298 679 3374 πολλάκις
700 3302 837 3374 πολλοῖς
859 3296 995 3381 ἑκάστης
1016 3295 1139 3382 ἡμέρας

76 3427 114 3469 ιω
128 3397 404 3487 συγγεγενημένη,
428 3400 472 3479 ὡς
490 3401 624 3481 ἕκαστος
642 3387 807 3487 ἐβούλετο.
843 3402 979 3486 ἡγεῖσθε
998 3398 1035 3466 δὲ
1058 3399 1133 3485 μήτ’

126 3504 184 3593 ἐμὲ
212 3510 270 3574 τὸν
300 3504 438 3591 λέγοντα
466 3502 553 3573 εἶναι
575 3506 828 3593 Ἀπολλόδωρον
856 3511 935 3592 μήτε
957 3509 1035 3583 τοὺς
1056 3504 1137 3572 ἀπο-
