2658 3922
426 198 526 249 111202
543 197 792 250 υτοονκιλιιω.
1046 194 1112 266 265
1172 191 1174 194 ·

99 360 253 436 δικαίως·
280 357 362 424 κατὰ
391 357 454 442 γάρ
480 353 583 423 πάνθ’
615 358 653 422 αί
682 353 759 442 παρ’
790 356 873 443 ὑμῖν
899 357 964 424 είσι
990 358 1114 443 κρίσεις

99 465 314 530 δικαιόταται.
561 481 566 489 ·

41 589 81 630 5τ
165 565 390 653 Ἐνθυμείσθε
421 572 538 635 τοίνυν
568 567 721 651 κάκεῖνο,
757 566 831 633 ὅσοι
860 578 928 634 τῶν
960 569 1115 654 μεγάλων

98 678 216 760 δήμων
245 672 333 758 ἐστέ,
366 675 410 752 ὡς
437 669 550 740 οὐδέν’
582 669 780 759 ἀπεστερεῖτ’
812 673 889 740 οὔτε
915 678 1114 760 κατηγορίας

96 783 160 850 οὔτ
162 777 337 864 ’ίάπολογ
334 804 381 858 ας.
426 777 481 845 καὶ
502 777 597 846 πόλλ’
621 778 732 863 ἀγαθά
754 777 884 863 γένοιτο
906 789 1008 845 πᾶσιν
1030 778 1115 862 ὑμῖν

94 897 169 964 τοις
202 889 336 964 δικαίως
371 887 477 974 τούτῳ
508 893 554 974 τῷ
587 885 752 971 πράγματι
788 883 1081 970 χρησαμένοις,”
1062 908 1114 950 οτι

94 991 244 1058 καὶτῶν
267 989 495 1076 ἀναβαλέσθαι
513 989 681 1074 δεομενων
704 990 765 1058 οὐκ
788 989 971 1078 ἀφῃρεῖσθε
992 992 1031 1057 τὸ
1052 1011 1115 1056 πα·

96 1099 382 1184 ρασκευάσασθαι·
416 1090 443 1186 ηδ
473 1095 529 1162 καὶ
558 1098 635 1174 τοὺς
662 1105 952 1181 συκοφαντοῦντας
980 1093 1036 1161 καί
1065 1094 1107 1161 δι’

44 1224 81 1267 σε
97 1207 224 1291 ἔχθραν
243 1203 518 1287 ἐπιβουλεύοντας
537 1200 731 1287 ἐξηλέγχετε.
767 1199 823 1268 καλ
840 1200 926 1286 ὑμᾶς
943 1198 1004 1286 μὲν
1023 1199 1113 1267 ἐπαι-

95 1321 172 1378 νεῖν
203 1309 296 1388 άξιον
328 1305 355 1374 ὦ
387 1309 507 1396 ἀνδρες
534 1307 724 1393 Ἀθηναῖοι,
758 1310 837 1386 τοὺς
868 1304 906 1374 δὲ
936 1312 1026 1395 καλῷ
1058 1305 1114 1373 καλ

97 1418 216 1506 δικαίῳ
242 1416 410 1502 πράγματι
435 1417 480 1500 μη
512 1420 619 1492 καλῶς
652 1413 881 1502 χρησαμένους
906 1412 1031 1499 ψέγειν.
1075 1413 1113 1480 ἐν

97 1519 214 1588 οὐδενί
235 1525 352 1588 τοίνυν
374 1521 529 1608 εὑρήσετε
551 1532 618 1587 τῶν
647 1522 763 1606 δήμων
787 1523 956 1606 δεινότερα
979 1543 1116 1604 γεγενη-Ἰ

96 1627 182 1713 μένα
203 1639 270 1694 τῶν
292 1625 371 1716 παρ’
392 1627 483 1714 ἡμῖν.
524 1623 617 1694 οὗτοι
635 1628 699 1714 γάρ
723 1625 878 1713 ἀδελφῶν
902 1627 1113 1713 ὁμομητρίων

14 1799 15 1802 ,
96 1732 154 1800 καὶ
177 1735 386 1822 ὁμοπατρίων
409 1743 477 1800 τῶν
500 1730 561 1818 μέν
580 1735 666 1799 είσιν
684 1729 962 1820 ἀπεψηφισμένοι,
984 1741 1052 1798 τῶν
1075 1728 1116 1800 δ’-

98 1839 157 1924 οὔ,
187 1837 253 1906 καλ,
273 1837 507 1926 πρεσβυτέρων
539 1837 729 1925 ἀνθρώπων
767 1837 919 1925 ἀπόρων,
956 1831 1004 1903 ὧν
1034 1839 1113 1916 τοὺς

97 1945 181 2022 υίελς
198 1945 524 2030 ἐγκαταλελοίπασιν·
546 1943 747 2011 καὶτούτων
765 1942 808 2010 ἀν
826 1944 1009 2027 βούλησθε,
1031 1943 1112 2029 μάρ-

51 2072 83 2113 εο
98 2074 200 2137 τυρας
228 2049 418 2138 παρέξομαι,
465 2049 483 2114 δ
513 2045 550 2115 δέ
577 2050 710 2115 πάντων
738 2051 929 2116 δεινότατον
957 2049 994 2114 οί
1017 2066 1113 2114 συνε-

99 2158 252 2241 στηκότες
283 2158 480 2240 πεποιήκασι
518 2151 590 2240 (καί
618 2176 676 2237 μοι
706 2156 789 2240 πρὸς
820 2154 905 2228 Διὸς
935 2151 990 2218 καὶ
1020 2159 1113 2219 θεῶν

99 2259 215 2347 μηδεὶς
236 2260 387 2347 ὑπολάβη
408 2261 590 2343 δυσκόλως,
614 2257 673 2324 ἐάν
694 2261 773 2334 τοὺς
794 2258 991 2342 ἠδικηκότας
1013 2257 1111 2342 έμαυ-
1122 2276 1189 2326 131⁷

98 2369 158 2433 τὸν
180 2369 348 2451 πονηροὺς
369 2367 468 2442 όντας
485 2363 693 2430 ἐπιδεικνύω·
717 2367 839 2448 νομίζω
862 2363 926 2448 γάρ
947 2362 1029 2446 ὑμῖν
1051 2365 1113 2448 τὴν

99 2474 227 2540 τούτων
248 2475 413 2559 πονηρίαν
442 2472 574 2548 δεικνὺς
600 2472 648 2547 είς
675 2469 755 2536 αὐτὸ
782 2471 820 2536 τὸ
846 2478 981 2555 πρᾶγμα
1003 2467 1112 2554 λέγειν

98 2582 136 2646 τὸ
167 2581 350 2664 γενόμενόν
381 2574 468 2665 μοι)·
505 2572 599 2644 οὗτοι
635 2576 700 2662 γάρ
732 2572 758 2642 ὦ
791 2575 911 2661 ἀνδρες
940 2570 1112 2660 Ἀθηναῖοι

98 2684 325 2771 βουλομένους
338 2684 430 2762 τινάς
443 2683 644 2770 ἀνθρώπους
657 2680 772 2761 ξένους
790 2684 925 2759 πολίτας
942 2681 1112 2769 γενέσθαι,

97 2788 310 2876 Ἀναξιμένην
322 2789 378 2856 καί
389 2793 630 2874 Νικόστρατον,
644 2797 739 2874 κοινῇ
755 2788 1003 2873 διανειμάμενοι
1015 2787 1111 2855 πέντε

101 2899 246 2983 δραχμάς
269 2897 402 2974 ἕκαστος
419 2893 670 2982 προσεδέξαντο.
707 2893 762 2962 καὶ
780 2892 869 2962 ταῦτ’
893 2895 954 2960 οὐκ
978 2895 1020 2962 ἀν
1043 2895 1112 2976 ἐξο-

101 2999 230 3087 μόσαιτ’
256 3003 468 3089 Εὐβουλίδης
490 2998 566 3068 οὐδ’
593 3002 630 3068 οί
653 2999 721 3087 μετ’
749 3001 852 3067 αὐτοῦ
874 3002 919 3087 μὴ
943 3001 1005 3068 οὐκ
1028 3002 1112 3068 είδέ-

101 3132 164 3174 ναι.
201 3107 256 3174 καὶ
278 3118 342 3175 νῦν
364 3109 492 3176 τούτων
519 3107 581 3174 οὐκ
609 3108 866 3194 ἀπεψηφίσαντο.
909 3111 945 3174 τί
964 3100 1027 3174 οὖν
1050 3108 1112 3174 οὐκ

102 3214 142 3280 ἀν
165 3220 278 3280 οίεσθε
301 3214 439 3292 τούτους
462 3214 531 3302 ίδίρι
552 3223 703 3299 ποιησαι,
731 3217 767 3280 οἳ
785 3222 880 3299 κοινῇ
903 3211 994 3280 ταῦτ’
1022 3212 1119 3280 ε’τόλω

62 3341 89 3382 ιο
102 3345 186 3405 μων;
209 3322 354 3396 πολλοὺς
378 3315 404 3384 ὦ
426 3321 546 3406 ἀνδρες
573 3318 723 3386 δικασταί
746 3321 782 3386 ολ
801 3317 870 3404 μετ’
897 3318 1110 3403 Εὐβουλίδου

103 3437 300 3502 συνεστῶτες
323 3423 377 3495 καὶ
401 3424 627 3495 ἀπολωλέκασι
649 3424 703 3492 καὶ
726 3427 909 3491 σεσώκασιν
932 3420 1029 3489 εἵνεκ’
1052 3423 1110 3507 άρ-

102 3534 228 3618 γυρίου.
271 3529 341 3598 ἐπεὶ
372 3529 427 3597 καὶ
458 3533 496 3598 τὸ
527 3535 689 3621 πρότερον
722 3530 800 3620 (ἐρῶ
829 3527 859 3596 δ’
891 3531 938 3607 είς
965 3528 1045 3592 αὐτὸ
1071 3529 1117 3591 τό
