2658 3914
202 157 266 224 108
484 161 594 215 xnvn.
622 157 926 230 [ΔΗΜοΣοειιουε]

604 319 809 374 ΜΔΡΤΤΡΙΑΙ.

162 444 188 485 ¹⁸
268 435 440 519 Βούλομαι
463 430 493 499 δ’
519 433 600 517 ὑμῖν
623 429 649 500 ὦ
672 435 792 520 ἄνδρες
819 430 970 499 δικασταὶ
996 429 1051 498 καὶ
1080 431 1141 516 τήν
1165 431 1218 497 δί-

200 563 264 625 κην
292 540 531 625 διηγήσασθαι,
563 539 646 607 ὅθεν
673 537 802 624 ἐγένετό
829 563 886 624 μοι
914 539 997 624 πρὸς
1024 539 1219 622 Θεόφημον,

201 646 257 710 ἵνα
286 646 394 730 είδήτε
425 645 476 712 ότι
506 644 547 712 οὐ
576 647 682 730 μόνον
713 644 795 730 ἐμοῦ
819 641 940 720 ’ἀδίκως
967 642 1217 726 κατεδικάσατο,

202 749 403 836 ἐξαπατήσας
429 755 506 830 τοὺς
534 751 704 836 δικαστάς,
731 750 814 816 άλλά
840 747 896 815 καλ
922 757 980 834 τῆς
1001 752 1125 833 βουλῆς
1147 749 1217 832 άμα

201 867 268 922 τῶν
285 860 511 924 πεντακοσίων
531 865 572 943 τῇ
596 857 678 944 αὐτή
701 859 814 946 ψήφφ,
835 853 891 922 καλ
913 856 1020 940 άκυρα
1041 849 1103 938 μέν
1126 852 1216 919 ἐποί-

202 978 261 1046 ησε
290 963 330 1028 τά
360 964 554 1048 δικαστήρια
582 963 622 1028 τὰ
650 960 806 1048 ὑμέτερα,
840 963 947 1048 άκυρα
977 956 1015 1026 δὲ
1042 960 1083 1025 τδ
1111 962 1216 1044 ψηφί-

202 1084 307 1153 σματα
329 1067 385 1135 καλ
407 1072 485 1146 τοὺς
505 1071 646 1154 νόμους,
676 1067 834 1145 ἀπίστους
861 1063 898 1133 δὲ
920 1066 977 1143 τάς
999 1064 1102 1152 ἀρχάς
1122 1063 1215 1130 κατέ-

202 1190 322 1260 στησεν
343 1174 424 1260 ὑμίν
446 1173 503 1242 καὶ
523 1176 564 1240 τά
582 1175 755 1260 γράμματα
777 1174 817 1239 τά
840 1172 878 1239 ἐν
899 1183 971 1250 ταῖς
994 1174 1137 1257 στήλαις.
1174 1169 1217 1236 ὃν

162 1277 240 1347 19δὲ
261 1284 397 1368 τρόπον,
419 1279 483 1363 ἐγὼ
506 1278 591 1364 ὑμᾶς
612 1276 689 1366 περὶ
711 1277 785 1356 ἑνὸς
808 1277 947 1345 ἑκάστου
970 1275 1103 1356 διδάξω.
1140 1273 1214 1361 ἐμοὶ
1322 1357 1323 1370 ¹

200 1386 264 1470 γὰρ
296 1388 379 1470 πρὸς
411 1387 589 1470 Θεόφημον
622 1387 827 1468 συμβόλαιον
858 1380 920 1470 μὲν
951 1379 1052 1450 οὐδὲν
1083 1383 1214 1449 πώποτε
1322 1459 1323 1464 ¹

200 1495 364 1579 πρότερον
388 1491 425 1558 ἐν
447 1500 492 1580 τῷ
516 1494 579 1580 βίω
603 1489 749 1576 ἐγένετο,
777 1489 850 1557 οὐδ’
878 1485 921 1557 αὖ
948 1501 1057 1575 κῶμος
1083 1487 1215 1574 ήέρως

201 1597 222 1682 ή
240 1600 351 1681 πότος,
372 1598 455 1663 ὥστε
474 1598 716 1683 διαφερόμενον
734 1601 813 1682 περί
827 1621 917 1674 τινος
934 1598 1216 1680 πλεονεκτήματος

201 1701 223 1786 ή
248 1702 518 1787 παροξυνόμενον
552 1702 618 1768 ὑπὸ
651 1704 776 1788 ἡδονής
808 1705 898 1780 τινὸς
928 1702 1041 1768 ἐλθεῖν
1071 1698 1124 1768 ἐπὶ
1152 1699 1214 1783 τήν

202 1810 311 1875 οἰκίαν
337 1809 398 1893 τήν
425 1809 554 1875 τούτου.
597 1809 818 1894 ψηφισμάτων
845 1805 883 1874 δέ
909 1805 1077 1893 ὑμετέρων
1105 1806 1213 1890 δήμου

201 1911 257 1980 καὶ
279 1917 403 1999 βουλῆς
424 1911 479 1980 καλ
505 1916 612 1998 νόμου
642 1912 866 1998 ἐπιτάξαντος,
893 1911 1067 1999 είσέπραξα
1093 1915 1290 1978 τοῦτον114ῡ

203 2019 379 2106 ὀφείλοντα
410 2027 449 2105 τή
480 2022 575 2086 πόλει
607 2020 707 2104 σκεύη
738 2017 898 2103 τριηρικά.
946 2019 1031 2084 διότι
1063 2014 1117 2103 δὲ,
1148 2015 1212 2100 ἐγὼ

162 2125 282 2210 ’θὺμίν
313 2127 520 2210 διηγήσομαι.
564 2128 678 2212 ἔτυχεν
712 2123 922 2190 ἐκπλεουσῶν
955 2125 1100 2209 τριήρων
1130 2120 1211 2204 [καλ]

201 2233 342 2316 βοήθεια
365 2229 627 2316 ἀποστελλομένη
652 2230 708 2296 διὰ
730 2229 858 2316 τάχους.
900 2229 999 2312 σκεύη
1023 2223 1085 2294 οὖν
1108 2227 1144 2294 ἐν
1166 2237 1212 2317 τῷ

200 2340 329 2427 νεωρίῳ
353 2335 414 2423 οὐχ
437 2336 562 2422 ὑπῆρχε
584 2347 655 2413 ταῖς
673 2339 805 2420 ναυσίν,
828 2331 900 2400 ἀλλ’
922 2337 1053 2420 ἔχοντες
1071 2334 1107 2400 οί
1122 2332 1212 2420 ὀφεί-

201 2449 314 2520 λοντες
341 2443 405 2509 οὐκ
431 2440 647 2508 ἀπεδίδοσαν·
674 2444 756 2529 πρὸς
783 2439 821 2509 δὲ
847 2441 976 2518 τούτοις
1002 2437 1075 2506 οὐδ’
1100 2438 1139 2505 ἐν
1165 2448 1211 2527 τω

201 2551 356 2662 Πειραιεῖ
376 2549 456 2614 ὄντα
478 2548 615 2634 ἄφθονα
633 2547 754 2614 ὀθόνια
771 2545 827 2613 καὶ
846 2557 1024 2612 στυππεῖον
1046 2542 1102 2611 καὶ
1124 2561 1212 2631 σχοι-

201 2633 342 2737 νία,οίς
363 2652 632 2731 κατασκευάζεται
655 2655 800 2738 τριήρης,
823 2653 905 2718 ὥστε
927 2653 1099 2738 πρίασθαι.
1134 2650 1213 2737 γρά-

202 2780 257 2842 φει
276 2751 338 2823 οὖν
358 2754 565 2842 Χαιρέδημος
586 2759 624 2824 τδ
646 2758 801 2843 ψήφισμα
822 2761 926 2842 τουτί,
949 2758 1006 2823 ἵνα
1027 2758 1211 2843 είσπραχδή

97 2952 98 2957 ¹
201 2863 241 2928 τά
264 2862 364 2946 σκεύη
387 2871 458 2938 ταῖς
484 2859 585 2928 ναυσὶ
611 2859 667 2927 καλ
693 2870 764 2950 σῷα
790 2859 925 2948 γένηται
951 2871 991 2950 τῇ
1017 2865 1121 2928 πόλει.
1157 2864 1215 2927 καί

201 2992 258 3054 μοι
281 2967 455 3052 ἀνάγνωθι
476 2969 515 3035 τὸ
537 2970 700 3054 ψήφισμα.

613 3161 798 3214 ΨΗΦΙΣΜΑ.

161 3295 186 3335 ²¹
272 3279 400 3344 Τούτου
419 3280 534 3344 τοίνυν
553 3286 614 3343 τοῦ
631 3280 841 3362 ψηφίσματος
857 3273 1090 3362 γεγενημένου,
1112 3276 1132 3361 ή
1151 3273 1211 3362 μὲν

201 3379 284 3466 ἀρχή
315 3381 520 3468 ἐπεκλήρωσε
549 3379 604 3447 καλ
637 3381 807 3467 παρέδωκε
837 3383 916 3458 τοὺς
950 3382 1144 3466 ὀφείλοντας
1173 3383 1211 3448 τά

202 3487 302 3571 σκεύη
325 3494 364 3571 τῇ
386 3488 492 3569 πόλει,
514 3487 550 3553 oc
573 3481 637 3569 [δέ]
660 3497 727 3552 τῶν
750 3488 899 3571 νεωρίων
922 3485 1122 3572 ἐπιμεληταί,
1144 3497 1211 3565 τοῖς
