2656 3926
174 123 239 188 375
536 121 815 174 ΔΗιιοΣοαΝοτΣ

174 282 201 348 τ’
229 286 333 349 εἰπεῖν
357 281 470 347 έλθεῖν
497 278 551 346 ἐπὶ
577 291 661 347 νοῦν
688 277 743 346 καὶ
769 280 849 388 ὑμῖν
877 279 1021 346 ἑλέσθαι.
1056 280 1194 365 τὸγὰρ

174 388 281 456 πύντα
299 391 422 471 τρόπον
442 390 548 470 ζητεῖν
566 396 709 470 νικῆσαι,
731 383 829 453 δυοῖν
847 388 1003 471 θάτερον,
1025 385 1046 470 ἢ
1064 389 1195 470 μανίας

175 495 196 579 ἢ
217 492 357 580 κέρδους
380 489 463 558 ἕνεκ’
491 491 732 568 ἐσπουδακότος
753 488 889 576 φήσαιμ’
916 491 958 558 ἀν
981 487 1076 557 εἶναι.

648 707 710 773 Kc.

242 849 305 930 Είη
335 842 396 930 μὲν
426 840 451 911 ὦ
487 846 606 931 ἀνδρες
630 843 804 930 Ἀθηναῖοι
836 841 892 911 καὶ
925 841 1001 931 περὶ
1029 837 1077 910 ὧν
1106 843 1191 910 νυνὶ
1305 833 1306 840 ¹

176 950 343 1038 τυγχύνετ’
376 951 639 1035 ἐκκλησιάζοντες
665 950 721 1017 καὶ
747 950 823 1038 περὶ
849 963 917 1017 τῶν
944 953 1055 1016 ἀλλων
1081 948 1189 1016 όιπύν-

176 1080 255 1142 των,
273 1057 375 1123 ταύτδ
393 1055 447 1122 καὶ
467 1059 631 1122 δοκοῦντα
654 1056 801 1142 βέλτισθ’
823 1057 904 1141 ύμῖν
927 1053 1086 1122 εἶναικαὶ
1104 1053 1183 1123 ὄνθ’

177 1157 221 1242 ῶς
239 1163 381 1249 ἀληθῶς.
419 1165 472 1229 δεῖ
487 1163 600 1248 μέντοι
622 1161 697 1257 περὶ
720 1163 919 1249 πραγμάτων
936 1163 1088 1248 μεγάλων
1106 1167 1189 1246 βου-

50 1269 51 1272 '
177 1268 376 1356 λουομένους
397 1267 452 1334 καὶ
475 1280 609 1353 κοινῶν,
632 1267 787 1334 ἁπάντων
810 1267 940 1334 ἐθέλειν
962 1267 1096 1334 ἀκούειν
1118 1279 1189 1333 τῶν

179 1378 491 1461 συμβουλευόντων,
523 1375 567 1452 ῶς
593 1373 667 1459 ἐμοὶ
699 1377 805 1458 δοκεῖ,
837 1372 1109 1458 ἐνθυμουμένους
1135 1374 1189 1440 ότι

179 1484 317 1569 αἰσχρόν
339 1479 428 1546 έστιν
451 1475 477 1544 ὦ
501 1481 621 1566 ἀνδρες
639 1477 829 1564 Ἀθηναῖοι,
856 1489 921 1546 νῦν
943 1475 1005 1563 μὲν
1026 1477 1189 1564 βουλομέ-

177 1611 247 1654 νων
269 1607 301 1651 τι
318 1595 493 1670 παραινεῖν
513 1583 611 1650 ἐνίων
630 1587 805 1669 θορυβεῖν,
826 1584 967 1671 ὕστερον
990 1579 1028 1650 δέ
1049 1607 1190 1669 κατηγο-

179 1691 329 1778 ρούντων
351 1699 418 1754 τῶν
439 1688 548 1753 αὐτῶν
575 1689 702 1754 τούτων
729 1700 796 1754 τῶν
822 1688 1061 1775 πεπραγμένων
1083 1689 1190 1775 ἠδέως

152 1797 322 1862 οάκούειν.
359 1793 423 1876 ἐγὼ
445 1794 508 1879 γάρ
532 1789 623 1878 οῖδα,
645 1798 767 1878 νομίζω
791 1791 828 1860 δὲ
851 1793 906 1860 καὶ
927 1796 1028 1880 ὑμᾶς,
1051 1795 1102 1862 ότι
1122 1807 1190 1864 νῦν

179 1898 240 1988 μὲν
263 1899 440 1987 ἀρέσκουσι
467 1896 603 1983 μάλισθ’
629 1900 710 1984 ὑμῖν
737 1900 772 1966 οί
791 1899 890 1966 ταῦθ’
917 1893 967 1978 οἷς
993 1901 1086 1986 ὑμεῖς
1108 1904 1268 1988 hoff-143⁷
1307 1919 1308 1992 χ

180 2013 280 2074 λεσθε
307 2005 471 2090 λέγοντες·
499 2005 541 2070 ἀν
569 2002 608 2071 δέ
632 2029 664 2072 τι
691 2010 800 2091 συμβῇ
827 2003 902 2092 παρ’
930 2005 1038 2072 δνύν
1066 2006 1189 2092 οἴεσθ’,
1307 2005 1308 2084 ζ

180 2113 199 2183 ὃ
233 2115 277 2199 μὴ
312 2116 474 2197 συμβαίη,
507 2113 646 2189 τούτους
679 2107 741 2196 μὲν
774 2110 1008 2197 ἐξηπατηκέναι
1040 2121 1184 2197 νομιεῖθ

179 2221 282 2304 ὑμᾶς,
312 2213 359 2285 ὧν
390 2215 427 2284 δὲ
455 2228 520 2285 νύν
550 2218 611 2284 οὐκ
634 2216 803 2304 ἀνέχεσθε,
825 2215 892 2284 τότ’
920 2218 1031 2301 ὀρθῶς
1054 2217 1189 2296 δόξουσι

180 2325 298 2409 λέγειν.
339 2325 407 2390 έστι
435 2321 472 2390 δὲ
498 2335 568 2401 τοῖς
600 2323 741 2408 μάλιστα
767 2327 958 2390 πεπωκόσιν
984 2324 1069 2409 ὑμᾶς
1095 2323 1184 2392 ταῦτ’
1307 2303 1308 2388 3

181 2430 232 2518 ἐφ’
260 2426 307 2496 ὧν
336 2441 401 2497 νῦν
430 2430 520 2514 ἐστε,
548 2430 678 2506 τούτοις
706 2427 761 2494 καὶ
787 2430 927 2514 μάλιστα
954 2430 1126 2517 συμφέρον
1151 2433 1188 2498 τὸ
1307 2445 1308 2480 ss

155 2540 285 2620 ολόγου
307 2548 419 2623 τυχεῖν
440 2539 519 2614 τοὺς
541 2535 781 2620 ἀντιλέγοντας.
825 2535 867 2602 ἀν
890 2533 951 2620 μδν
973 2536 1036 2622 γὰρ
1060 2535 1190 2616 διδύξαι

183 2645 378 2727 δυνηθῶσιν
406 2643 450 2720 ῶς
477 2643 538 2708 οὐκ
566 2638 630 2707 ἔστ’
662 2638 776 2727 ἀόρισθ’
807 2641 828 2707 ἃ
853 2643 982 2720 τούτοις
1010 2644 1116 2727 δοκεῖ,
1139 2641 1186 2708 ὅτ’

183 2745 284 2816 οὐδὲν
309 2748 495 2834 ημύρτηταί
517 2769 585 2833 πω,
616 2758 713 2814 τούτο
743 2745 922 2832 πράξαντες
949 2745 1084 2835 ἀθρόους
1113 2752 1191 2826 τούς

183 2855 362 2930 κινδύνους
388 2857 586 2938 ποιήσουσιν
614 2854 737 2930 αὐτοῖς·
766 2853 824 2918 έδν
851 2849 889 2918 δὲ
915 2854 960 2937 μὴ
986 2855 1190 2940 δυνηθῶσιν,

184 2962 309 3027 ούκουν
331 2958 470 3045 ύστερόν
494 2955 523 3044 γ’
552 2958 703 3043 ἐπιτιμῶν
727 2957 870 3042 ἕξουσιν,
893 2955 964 3023 ἀλλ’
987 2955 1037 3024 όσ’
1059 2959 1190 3045 ἀνθρώ·

184 3089 256 3132 πων
274 3062 318 3151 ἣν
336 3067 446 3151 ἔργον,
465 3063 615 3148 ἀκούσαι,
632 3065 761 3130 τούτων
778 3066 997 3150 τετυχηκότες,
1016 3063 1059 3131 ἀν
1071 3064 1190 3150 ηττῶν-

184 3197 239 3238 ται
262 3171 396 3247 δικαίως
420 3169 601 3256 στέρξουσι,
623 3167 678 3235 καί
701 3166 776 3252 μεθ’
799 3166 952 3235 ἁπάντων
970 3181 1037 3238 τῶν
1055 3170 1189 3256 ἀποβαι-

186 3282 328 3362 νόντων,
351 3274 438 3344 ὁποῖ’
466 3272 533 3340 ἄττ’
560 3273 603 3341 ἀν
624 3268 659 3364 ᾗ,
680 3277 952 3361 κοινωνήσουσιν.
