2650 3918
191 190 256 254 310
490 191 561 242 mx.
589 187 893 260 [οΗΜοΣοοειοεΣ]

189 349 246 417 καί
268 359 326 434 τῆς
349 352 472 436 ἔχθρας
492 359 549 434 τῆς
566 351 649 436 πρὸς
666 351 745 426 τοὺς
762 350 916 432 οἰκείους,
938 348 995 414 ἵνα
1016 348 1060 432 μῆ
1083 350 1202 432 κληρο-

189 460 288 542 νόμοι
314 454 476 540 γένωνται
502 467 570 521 τῶν
598 456 717 540 αὑτοῦ,
744 456 786 520 ἀν
813 479 845 520 τι
867 454 976 540 πάθη,
1003 449 1090 518 ταῦτ’
1119 454 1201 517 ἔστω

189 563 271 648 ὑμῖν
297 563 467 647 τεκμῆρια·
495 563 637 646 δηλώσει
666 552 703 626 δὲ
730 559 787 626 καὶ
813 555 992 626 τάκόλουθ’
1017 557 1127 624 αὐτῶν
1154 559 1201 622 ἔτι

151 685 177 728 ει
191 671 326 752 μᾶλλον.
363 668 407 744 ὡς
428 669 492 754 γδιρ
519 670 651 752 εἰσῆγεν
671 667 692 734 ’ὁ
717 667 880 754 Φράστωρ
907 667 954 742 είς
979 667 1057 740 τοὺς
1082 663 1200 749 φράτε-

190 797 251 858 ρας
273 775 333 840 τὸν
355 776 457 840 παῖδα
485 773 521 840 έν
548 782 588 860 τῆ
615 773 775 862 ἀσθενείᾳ
802 774 850 840 ὢν
877 774 936 840 τὸν
959 771 996 838 έκ
1016 780 1074 855 τῆς
1094 777 1200 853 θυγα-

188 881 266 964 τρὸς
282 887 340 963 τῆς
357 884 516 967 Νεαίρας,
538 879 593 946 καί
617 883 664 958 εἰς
686 883 765 957 τοὺς
782 881 947 966 Βρυτίδας
965 872 1012 944 ὧν
1030 875 1085 943 καὶ
1103 876 1200 954 αὐτός

191 984 281 1051 ἐστιν
304 987 323 1052 ὁ
347 987 510 1072 Φράστωρ
533 989 708 1072 γεννήτης,
730 988 856 1064 εἰδότες
877 981 969 1070 οἶμαι
991 985 1027 1051 οἰ
1046 992 1200 1067 γεννῆται

189 1092 251 1175 τὴν
273 1104 414 1176 γυναῖκα
435 1093 507 1176 ῆτις
528 1086 587 1176 ἧν,
614 1091 657 1175 ἣν
685 1095 802 1177 ἔλαβεν
825 1093 844 1158 ὁ
868 1092 1030 1177 Φράστωρ
1053 1091 1090 1156 τὸ
1113 1101 1200 1176 πρῶ·

189 1221 264 1282 τον,
285 1199 347 1282 τῆν
374 1209 432 1284 τῆς
453 1202 600 1284 Νεαίρας
625 1197 809 1285 θυγατέρα,
838 1195 893 1264 καὶ
921 1199 982 1282 τῆν
1010 1194 1200 1280 ἀπόπεμψιν

189 1311 247 1387 τῆς
274 1302 475 1388 ἀνθρώπου,
510 1303 566 1370 καὶ
596 1304 651 1370 διδ
680 1305 742 1389 τῆν
775 1303 954 1370 ἀσθένειαν
982 1299 1200 1386 πεπεισμένον

188 1409 292 1475 αὐτὸν
313 1410 414 1475 πάλιν
436 1408 616 1494 ἀναλαβεῖν
638 1413 697 1478 τὸν
719 1411 833 1495 παῖδα,
856 1409 1118 1494 ἀποψηφίζονται
1140 1417 1200 1475 τοῦ

189 1517 307 1592 παιδὸς
336 1513 392 1581 καὶ
423 1516 485 1581 οὐκ
516 1515 702 1602 ἐνέγραφον
738 1517 839 1583 αὐτὸν
875 1518 924 1593 εἰς
955 1524 1040 1601 σφᾶς
1071 1515 1200 1591 αὐτούς.

150 1640 177 1682 ω
190 1623 349 1705 λαχόντος
378 1617 416 1688 δὲ
448 1632 508 1689 τοῦ
538 1623 731 1710 Φράστορος
765 1622 877 1700 αὐτοῖς
911 1622 1025 1706 δίκην,
1058 1620 1109 1687 ότι
1139 1621 1200 1687 οὐκ

191 1725 375 1811 ἐνέγραφον
398 1727 501 1794 αὐτοῦ
521 1729 615 1812 υίόν,
637 1734 881 1815 προκαλοῦνται
903 1727 1005 1794 αὐτὸν
1028 1726 1064 1793 οί
1083 1736 1200 1811 γεννῆ-

189 1855 243 1897 ται
269 1834 352 1918 πρὸς
377 1841 422 1921 τῷ
451 1835 599 1918 διαιτητῇ
628 1833 748 1917 ὀμόσαι
774 1831 852 1900 καθ’
880 1834 986 1920 ἰερῶν.
1005 1835 1156 1917 τελείων,
1177 1825 1199 1915 ἧ

189 1939 256 2022 μὴν
278 1942 424 2024 νομίζειν
445 1935 531 2005 εἰναι
554 1940 657 2007 αὑτοῦ
683 1941 760 2007 υἰὸν
787 1939 822 2018 ἐξ
845 1938 945 2025 ἀστῆς
966 1941 1123 2022 γυναικὸς
1144 1935 1200 2004 καὶ
1310 1955 1311 2004 λ

190 2044 348 2130 ἐγγυητῆς
373 2046 455 2112 κατὰ
481 2048 540 2112 τὸν
566 2049 681 2131 νόμον.
726 2044 1005 2133 προκαλουμένων
1032 2040 1070 2110 δὲ
1097 2053 1198 2111 ταῦτα
1310 2081 1311 2102 2

189 2161 256 2216 τῶν
281 2163 450 2237 γεννητῶν
476 2154 535 2219 τὸν
560 2152 737 2239 Φράστορα
763 2155 848 2239 πρὸς
872 2160 918 2240 τῷ
946 2154 1112 2237 διαιτητῆ,
1133 2153 1198 2216 ἔλι-

150 2277 176 2318 οι
189 2278 251 2323 πεν
274 2257 292 2324 ὁ
317 2258 479 2345 Φράστωρ
507 2259 566 2324 τὸν
593 2258 693 2344 ὅρκον
720 2255 776 2323 καὶ
803 2258 865 2325 οὐκ
893 2259 1030 2342 ἰόμοσεν.
1070 2254 1127 2323 καὶ
1148 2257 1198 2322 ὅτι
1310 2243 1311 2300 ἰ

190 2363 299 2449 ἀληθῆ
322 2372 424 2430 ταῦτα
447 2363 548 2449 λέγω,
574 2365 704 2430 τούτων
731 2364 812 2450 ὑμῖν
840 2365 1008 2450 μάρτυρας
1033 2366 1112 2442 τοὺς
1137 2385 1197 2430 πα·
1310 2363 1311 2422 ἰ

189 2473 308 2556 ρόντας
329 2473 503 2558 Βρυτιδῶν
524 2469 714 2559 παρέξομαι.

593 2683 793 2738 ΜΑΡΤΤΡΕΣ.

302 2808 496 2891 Τιμόστρατος
523 2805 705 2893 Ἑκάληθεν,
737 2809 914 2888 Ξάνθιππος
938 2806 1107 2895 Ἐροιάδης,
1134 2812 1197 2875 Εὐ·

233 2907 324 2984 άλινης
344 2907 509 2988 Φαληρεύς,
520 2903 646 2983 ’Ἆνυτος
663 2911 830 2991 Λακιάδης,
847 2910 1020 2992 Εὐφράνωρ
1037 2910 1197 2992 Αἰγιλιεύς,
1310 2961 1311 3002 ρ

234 3004 387 3078 Νίκιππος
408 3007 590 3085 Κεφαλῆθεν
619 3017 817 3090 μαρτυροῦσιν
844 3001 920 3070 εἶναι
945 3006 996 3069 καὶ
1018 3005 1126 3082 αὐτοὺς
1148 3007 1196 3070 καλ

235 3101 390 3183 Φράστορα
411 3100 463 3163 τὸν
485 3101 619 3184 Αἰγιλιέα
640 3114 700 3166 τῶν
721 3114 871 3187 γεννητῶν
894 3107 924 3167 οἳ
943 3110 1102 3168 καλοῦνται
1118 3108 1196 3188 Βρν·

232 3199 324 3279 τίδαι,
350 3197 400 3259 καὶ
427 3197 581 3274 ἀξιοῦντος
605 3202 774 3285 Φράστορος
801 3203 926 3284 εἰσάγειν
950 3201 1029 3281 [τὸν]
1052 3202 1121 3266 υἱὸν
1143 3202 1196 3265 αδ

231 3305 284 3358 τοῦ
306 3296 348 3370 εἰς
369 3295 438 3369 τοὺς
460 3297 612 3378 γεννήτας,
634 3299 742 3374 εἰδότες
764 3299 849 3364 αι’ποί
871 3299 916 3362 ότι
940 3299 1109 3384 Φράστορος
1131 3299 1196 3375 υἰδς
1206 3319 1264 3370 1366

232 3393 277 3474 εἴη
300 3391 332 3455 έκ
354 3402 407 3474 τῆς
427 3394 576 3477 θυγατρὸς
592 3405 645 3476 τῆς
663 3397 805 3479 Νεαίρας,
826 3398 952 3461 κωλύειν
968 3397 1095 3482 εἰσάγειν
1115 3399 1196 3484 Φρά-

233 3507 321 3574 στορα
342 3489 393 3552 τὸν
415 3490 492 3554 υἰόν.
1310 3499 1311 3512 ³
