2650 3918
196 185 261 250 328
426 233 430 238 .
497 186 568 238 mx.
595 180 898 254 [Δειιιουοεαουε]

194 343 440 431 λογησομέυους
461 341 517 410 καλ
535 353 756 425 συνεροῦντας
776 346 922 424 πολίτας,
944 339 1028 407 άλλά
1048 342 1127 416 τοὺς
1148 343 1211 405 νό-
1308 322 1309 412 λ

196 475 279 536 μους
296 447 352 515 καλ
364 447 514 534 Νέαιραν
531 446 670 533 ταυτηνί
685 445 761 534 περὶ
778 458 845 514 τῦν
862 443 1100 532 πεπραγμένων
1122 444 1209 530 αὐτῇ

195 558 277 641 πρὸς
295 555 458 637 ἀλλήλους
476 553 677 632 δικάζεσθαι.
712 549 768 618 καὶ
786 552 866 618 ὅταν
883 547 945 636 μέν
964 549 1017 617 ἐπὶ
1034 560 1091 635 της
1107 573 1209 634 κατη-
1309 593 1310 632 ,

195 664 309 745 γορίας
334 658 498 744 γένησθε,
528 670 595 725 τῶν
621 661 736 743 νόμον
763 657 873 723 αὐτῶν
901 656 1037 724 ἀκούετε
1044 703 1055 740 ,
1086 652 1131 721 δι’
1157 649 1209 721 ὧν
1309 657 1310 664 '

195 767 332 831 οἰκεῖται
353 765 375 850 ἡ
397 767 493 841 πόλις
514 762 570 830 καλ
592 761 669 830 καθ’
696 761 755 842 οὓς
778 762 969 848 ὀμωμόκατε
992 762 1152 846 δικάσειν,
1172 764 1213 826 τί

195 871 368 938 κελεύουσι
385 867 441 936 καλ
457 873 493 936 τί
507 872 790 956 παραβεβήκασιν·
813 869 893 935 ὅταν
911 865 949 934 δέ
970 866 1024 934 ἐπὶ
1045 877 1104 953 της
1125 867 1209 934 ἀπο-
1310 869 1311 880 ³

195 979 309 1059 λογίας
325 971 394 1061 ἦτε,
415 976 680 1061 μνημονεύοντες
696 976 758 1059 την
779 985 848 1040 τῶν
869 977 984 1058 νόμον
1005 977 1208 1059 κατηγορίαν

194 1081 250 1148 καὶ
272 1084 332 1148 τὸν
355 1085 489 1168 ἐλεγγον
511 1083 572 1147 τὸν
593 1091 660 1146 τῶν
683 1079 885 1165 εἰρημένον,
905 1082 966 1174 την
988 1099 1023 1146 τε
1045 1081 1125 1158 ὄψιν
1148 1077 1208 1143 αύ-

194 1195 252 1270 της
275 1189 414 1272 ίδόυτες,
436 1186 640 1271 ἐνθυμεῖσθε
662 1195 761 1253 τοῦτο
784 1188 901 1271 μόνον,
922 1187 954 1251 εἱ
969 1183 1100 1270 Νέαιρα
1121 1178 1208 1251 οὖσα

194 1301 297 1359 ταῦτα
320 1291 564 1378 διαπέπρακται.

145 1418 183 1459 ιιι
254 1396 367 1476 ’Ἀξιον
386 1395 424 1464 δὲ
441 1396 573 1464 κάκεῖνο
592 1396 825 1482 ἐνθυμηθῆναι
842 1391 870 1462 ά)
888 1398 1008 1484 άνδρες
1021 1391 1209 1482 Ἀθηναῖοι,

195 1503 247 1569 ὅτι
266 1499 400 1588 Ἀργίαυ
427 1505 488 1569 τὸν
514 1503 715 1589 ἱεροφάντην
743 1506 943 1587 γενόμενον,
971 1499 1208 1589 ἐξελεγχθέντα

196 1607 234 1673 ἐν
255 1616 301 1696 τῷ
321 1609 520 1698 δικαστηρίῳ
538 1607 724 1692 ἀσεβοῦντα
745 1605 800 1674 καὶ
821 1607 952 1673 θύοντα
972 1607 1062 1693 παρὰ
1082 1607 1123 1672 τά
1144 1607 1208 1672 πά-

196 1735 271 1796 τρια
292 1713 351 1789 τὰς
371 1716 508 1796 θυσίας,
536 1712 711 1779 ἐκολάσατε
731 1713 841 1798 ὑμεῖς,
868 1710 923 1778 καλ
945 1713 1031 1778 ἄλλα
1052 1735 1087 1778 τε
1107 1736 1287 1796 mvn-1305

195 1820 326 1904 γορηθη
350 1817 465 1904 αὐτοῦ,
487 1816 543 1884 καλ
565 1818 617 1884 ὅτι
638 1819 777 1906 Σινώπη
799 1827 839 1906 τῇ
862 1817 975 1908 ἑταίρα
991 1814 1129 1907 Ἀλρίοις
1152 1816 1206 1884 ἐπὶ

195 1931 253 2007 της
284 1922 424 2010 ἐσχάρας
453 1932 510 2008 τῆς
542 1923 579 1991 ἐν
607 1933 647 2010 τῇ
682 1925 766 2012 αύλη
799 1922 964 1991 Ἐλευσῖνι
992 1926 1206 2012 προσαγούσῃ

197 2029 318 2115 ἱερεῖον
339 2031 489 2115 θύσειεν,
511 2030 552 2096 οὐ
574 2033 719 2115 νομίμου
737 2033 833 2108 ὄντος
855 2029 893 2096 ἐν
914 2031 1017 2118 ταύτη
1038 2039 1077 2117 τῇ
1099 2029 1206 2118 ἡμέρα

197 2136 299 2220 ἱερεῖα
316 2135 427 2219 θύειν,
450 2131 524 2201 οὐδ’
543 2135 672 2202 ἐκείνου
691 2137 793 2220 ούσης
808 2145 867 2221 τῆς
887 2140 1021 2219 θυσίας,
1042 2135 1126 2203 ἀλλὰ
1147 2145 1205 2220 τῆς

144 2261 182 2302 ιιι
198 2242 326 2326 ἱερείας.
370 2240 495 2308 οὐκοῦν
517 2242 649 2327 δεινόν,
676 2243 736 2308 τὸν
765 2237 827 2326 μὲν
848 2239 904 2307 καὶ
926 2241 963 2308 ἐκ
984 2239 1104 2327 γένους
1125 2243 1206 2308 ὄντα

195 2356 256 2413 τοῦ
279 2346 504 2431 Εὐμολπιδῶν
533 2343 589 2412 καὶ
619 2350 797 2433 προγόνων
825 2352 936 2413 καλῶν
962 2345 1122 2430 κάγαθῶν
1150 2347 1207 2414 καλ

195 2455 334 2536 πολίτην
356 2460 413 2537 τῆς
434 2455 572 2535 πόλεως,
594 2452 645 2518 ὅτι
668 2452 776 2519 ἐδόκει
798 2476 830 2519 τι
850 2457 1039 2538 παραβῆναι
1060 2463 1127 2519 τῶν
1148 2478 1207 2520 νο-

197 2561 323 2642 μίμων,
341 2559 459 2623 δοῦναι
483 2559 592 2642 δίκην·
615 2555 670 2624 καὶ
693 2556 769 2624 οὔθ’
796 2558 817 2642 ἡ
840 2570 907 2625 νῦν
930 2570 1102 2642 συγγενῶν
1123 2557 1202 2626 οὔθ’

196 2663 307 2746 ητῶν
328 2667 438 2748 φίλων
461 2661 621 2747 ἐξαίτησις
648 2662 819 2749 ὠφέλησεν
841 2664 960 2750 αὐτόν,
987 2663 1064 2730 οὔθ’
1091 2666 1130 2732 αἱ
1149 2671 1207 2753 λη-

196 2771 347 2852 τουργίαι
375 2768 413 2846 ἃς
440 2767 660 2854 ἐλητούργησε
687 2778 726 2855 τη
753 2774 847 2838 πόλει
874 2770 973 2848 αὐτὸς
993 2768 1049 2838 καί
1071 2772 1108 2837 οἱ
1125 2776 1207 2859 πρό-

197 2895 293 2958 γονοι
311 2872 425 2959 αὐτοῦ,
448 2875 523 2940 ούτε
541 2877 579 2941 τὸ
599 2875 798 2962 ἱεροφάντην
816 2872 914 2960 εἶναι,
936 2874 1008 2942 άλλ’
1031 2875 1207 2944 ἐκολάσατε

198 2977 340 3057 δόξαντα
362 2977 502 3044 άδικεῖν·
533 2977 685 3066 Νέαιραν
712 2977 751 3047 δέ
772 2980 908 3066 ταυτηνὶ
935 2988 982 3059 εἱς
1008 3004 1043 3048 τε
1065 2985 1122 3049 τὸν
1148 2984 1208 3050 αύ-

196 3087 256 3151 τὸν
285 3086 369 3151 θεὸν
398 3095 518 3151 τοῦτον
546 3085 749 3170 ἠσεβηκυῖαν
777 3085 832 3153 καλ
865 3090 943 3165 τοὺς
977 3091 1119 3173 νόμους,
1150 3088 1208 3156 καλ

197 3191 303 3276 αὐτὴν
325 3188 380 3257 καλ
402 3191 463 3278 την
485 3190 655 3279 θυγατέρα
677 3192 793 3278 αὐτῆς,
815 3191 857 3260 ού
878 3197 1121 3281 τιμορησεσθε;

145 3317 185 3358 ιιι
266 3296 427 3382 Θαυμάξω
455 3294 485 3362 δ’
513 3300 614 3380 ἔγωγε
641 3301 676 3364 τί
699 3320 778 3365 ποτε
804 3297 860 3364 καλ
882 3298 996 3385 ἐροῦσι
1018 3303 1100 3385 πρὸς
1121 3301 1208 3386 ὑμᾶς

198 3402 235 3468 ἐν
258 3413 296 3489 τη
320 3402 489 3492 άπολογίρι.
534 3405 675 3489 πότερον
697 3404 742 3481 ὡς
763 3403 844 3488 άστη
867 3404 936 3470 ἐστι
957 3403 1088 3489 Νέαιρα
1108 3405 1208 3491 αὑτηὶ

197 3505 253 3573 καὶ
275 3510 356 3574 κατὰ
378 3511 456 3585 τοὺς
481 3511 606 3594 νόμους
632 3521 782 3576 συνοικεῖ
806 3510 909 3598 αὐτῷς
937 3509 1021 3577 άλλδ
1042 3513 1207 3597 μεμαρτύ-
