2658 3914
180 135 223 200 98
471 139 566 190 xm.
590 134 896 208 [Δαυοεουαουε]
1318 114 1319 158 ¹

84 269 87 274 Ι
178 321 246 382 ναι,
265 298 315 363 ὅτι
334 298 407 363 ὅσοι
425 299 470 382 μῆ
490 296 695 382 ἐπεποίηντο,
713 293 786 362 ἀλλ’
808 291 893 382 ῆσαν
910 299 1094 382 πεφυκότες
1110 298 1191 380 γνῆ·

180 419 258 486 σιοι,
280 404 410 480 τούτοις
432 403 451 469 δ
473 407 576 488 νόμος
599 405 755 486 δίδωσιν,
777 401 836 468 έδν
859 404 996 480 ἄπαιδες
1018 397 1097 486 ὦσι,
1119 403 1191 466 δια·
1318 407 1319 412 ’

179 506 304 574 θέσθαι
332 510 372 574 τά
403 506 538 575 ἑαυτῶν.
575 509 732 575 δτοίνυν
760 510 867 594 πατὴρ
892 508 987 592 ῆμῶν
1016 507 1191 592 ἐπεποίητο

178 614 244 680 ὑπὸ
265 625 327 680 τοῦ
355 616 462 700 δῆμου
489 619 642 700 πολίτης,
670 615 752 680 ὥστε
780 610 860 681 οὐδὲ
888 615 971 680 κατά
992 624 1089 681 τοῦτο
1112 612 1190 696 ἐξῆν

180 721 267 808 αὐτῷ
293 719 473 786 διαθέσθαι
497 723 675 805 διαθήκην,
698 721 805 806 άλλως
822 743 857 786 τε
879 718 935 786 καὶ
956 716 1111 808 περὶτῆς
1131 741 1191 802 γυ-

180 829 309 910 ναικός,
338 822 378 911 ῆς
405 823 486 893 οὐδὲ
512 827 685 913 κάριοςέκ
707 837 774 892 τῶν
797 829 910 910 νόμων
932 821 994 911 ῆν,
1020 823 1135 902 παῖδές
1155 847 1190 890 τε

141 948 166 988 1⁶
179 926 265 1015 ἦσαν
288 933 388 1020 αὐτῷ.
426 930 593 1010 σκέψασθε
616 928 654 998 δὲ
676 929 731 997 καί
750 933 836 997 διότι
859 928 931 998 οὐδ’
959 931 1001 997 άν
1024 932 1122 1008 άπαις
1142 953 1192 1007 τις
1320 1003 1321 1008 1

181 1030 212 1124 ᾖ,
234 1038 348 1125 κύριός
370 1037 497 1104 ἐστιτὰ
515 1037 620 1104 αὑτοῦ
643 1035 836 1122 διαθέσθαι,
858 1036 917 1103 ἐὰν
939 1038 984 1122 μῆ
1007 1032 1045 1102 εὖ
1068 1045 1191 1122 φρονῆ·
1319 1093 1321 1104 .

179 1153 344 1210 νοσοῦντα
374 1140 411 1209 δέ
438 1142 459 1228 ῆ
486 1154 710 1229 φαρμακῶντα
738 1143 759 1227 ῆ
786 1140 920 1226 γυναικὶ
947 1145 1149 1226 πειθόμενον
1171 1141 1192 1226 ῆ
1321 1216 1322 1236 ρ

179 1249 244 1316 ὑπὸ
267 1253 376 1336 γῆρυς
398 1248 419 1333 ἣ
441 1249 506 1315 ὑπὸ
529 1260 657 1334 μανιῶν
679 1248 701 1332 ῆ
723 1248 788 1315 ὑπὸ
819 1247 964 1332 ἀνάγκης
985 1250 1075 1324 τινὸς
1096 1270 1193 1313 κατα-

180 1354 352 1440 ληφθέντα
369 1356 496 1440 άκυρυν
513 1354 708 1420 κελεύουσιν
731 1349 818 1420 εἶναι
840 1354 876 1421 οί
894 1357 1002 1438 νόμοι.
1040 1365 1190 1420 σκοπεῖτε

181 1464 239 1546 δῆ,
266 1464 298 1527 εί
319 1464 477 1528 δοκοῦσιν
498 1459 580 1544 ὑμῖν
607 1455 645 1524 εὖ
675 1469 883 1545 φρονοῦντος
905 1458 1028 1544 ἀνδρὸς
1049 1455 1137 1526 εἶναι
1157 1458 1195 1524 αί
1201 1467 1272 1520 1184

142 1582 166 1622 1‘1
181 1569 355 1651 διαθῆκαι,
382 1567 420 1643 άς
447 1582 528 1650 φασι
556 1563 737 1631 διαθέσθαι
764 1561 857 1632 οὗτοι
884 1567 943 1632 τὸν
970 1562 1102 1650 πατέρα
1147 1566 1191 1650 μῆ

180 1675 262 1758 πρὸς
284 1674 365 1738 άλλο
388 1668 475 1737 δέτι
493 1671 700 1756 παράδειγμα
719 1669 886 1756 σκέψησθε
908 1670 930 1756 ἢ
952 1673 1036 1756 πρὸς
1057 1672 1118 1755 τῆν
1140 1675 1192 1756 μί-

182 1786 322 1863 σθωσιν,
345 1779 376 1843 εί
393 1779 487 1843 δοκεῖ
502 1777 583 1862 ὑμῖν
602 1776 793 1844 ἀκόλουθον
812 1773 899 1844 εἶναι
920 1785 965 1866 τῷ
988 1778 1051 1861 τὴν
1073 1774 1191 1862 τέχνην

181 1885 225 1969 μῆ
245 1883 398 1961 ἐξουσίαν
412 1883 531 1948 δοῦναι
549 1884 581 1948 εί
597 1884 641 1967 μὴ
661 1882 697 1948 ἐν
715 1891 761 1970 τῷ
780 1882 868 1970 αὐτῷ
885 1883 966 1968 ἡμίν
985 1882 1192 1969 ἐργάζεσθαι,

181 1991 286 2081 τούτῳ
309 1991 369 2073 τῆν
387 2001 528 2074 γυναῖκα
548 1990 666 2054 δοῦναι
687 1990 749 2074 τῆν
771 1989 874 2056 αὑτοῦ
896 1987 1040 2055 καὶτῶν
1061 1991 1191 2055 παίδων
1323 2047 1324 2086 ,

182 2096 275 2163 ἐᾶσαι
297 2096 462 2161 κοινωνὸν
485 2094 573 2183 αὑτῷ
598 2093 765 2178 γενέσθαι.
800 2093 856 2161 καὶ
878 2097 923 2181 μῆ
945 2096 1141 2180 θαυμάζετε,
1161 2098 1193 2160 εί
1323 2099 1324 2102 ’

181 2204 284 2268 τάλλα
298 2199 590 2285 σκευωρουμένους
607 2200 728 2278 αὐτοὺς
740 2201 780 2270 τὰ
799 2200 835 2267 ἐν
855 2210 894 2287 τῆ
913 2202 1076 2285 μισθώσει
1093 2209 1192 2268 τοῦτο

182 2306 379 2392 παρέλαθεν.
426 2313 504 2382 ἴσως
533 2302 593 2390 μὲν
623 2307 686 2392 γάρ
714 2303 795 2372 οὐδὲ
824 2318 1000 2393 προσεῖχον
1023 2308 1113 2396 άλλφ
1135 2307 1192 2374 οὐ·

184 2416 267 2497 δενί,
289 2412 310 2496 ῆ
332 2420 378 2500 τῷ
397 2412 438 2476 τά
454 2413 604 2497 χρήματα
626 2411 848 2499 ἀποστερῆσαι
869 2410 925 2478 καί
947 2421 992 2500 τῷ
1015 2416 1193 2498 προσοφεί-

182 2524 284 2585 λοντα
312 2520 371 2584 τὸν
399 2517 523 2602 πατέρα
552 2517 728 2603 ἐγγράψαι·
758 2514 827 2585 εἶτα
856 2514 936 2584 οὐδὲ
969 2518 1109 2584 ἐδόκουν
1136 2514 1193 2603 ἐμὲ

184 2623 270 2690 οὕτω
294 2624 406 2690 δεινὸν
430 2626 577 2708 ἔσεσθαι,
601 2625 683 2690 ὥστε
706 2633 807 2690 ταῦτα
830 2623 972 2710 ἀκριβῶς
995 2623 1150 2702 ἐξετάσαι.

144 2746 170 2787 1⁸
250 2727 428 2808 Σκέφασθε
447 2731 563 2795 τοίνυν
581 2728 636 2795 καλ
653 2732 731 2806 τοὺς
748 2733 884 2814 νόμους,
906 2727 983 2816 παρ’
1011 2723 1060 2795 ὧν
1081 2729 1192 2796 κελεύ-

184 2850 260 2901 ουσι
281 2833 340 2910 τάς
366 2832 486 2916 ἐγγύας
511 2841 696 2919 ποιεῖσθαι,
724 2832 768 2901 ἵν’
794 2835 901 2918 είδῆτε
928 2833 984 2901 καὶ
1007 2834 1044 2902 ἐκ
1065 2837 1193 2902 τούτων

184 2941 228 3018 ὡς
253 2937 553 3024 κατεσκευασμένης
585 2940 747 3024 διαθῆκης
772 2940 898 3024 γενδῆς
925 2940 1049 3027 μάρτυς
1077 2939 1193 3026 γέγονε

184 3044 357 3131 Στέφανος
379 3043 501 3111 οὑτοσί.
838 3107 841 3112 .

617 3157 754 3212 ΝΟΜΟΣ.

288 3265 348 3331 Ἢν
370 3267 409 3330 ἂν
431 3267 559 3355 ἐγγυῆση
582 3266 631 3331 &a
657 3269 783 3344 δικαίοις
805 3270 936 3352 δάμαρτα
958 3265 1034 3333 εἶναι
1054 3267 1075 3351 ἢ
1097 3269 1194 3354 πατὴρ

229 3363 249 3444 ῆ
271 3365 400 3444 ἀδελφὸς
423 3364 577 3448 ὁμοπάτωρ
598 3363 619 3446 ῆ
641 3367 763 3439 πάππος
785 3364 801 3428 δ
822 3366 897 3448 πρὸς
919 3367 1042 3450 πατρός,
1069 3367 1102 3430 ἐκ
1123 3369 1193 3430 ταί-

163 3495 168 3500 ·
230 3484 283 3542 της
305 3456 381 3524 εἶναι
398 3462 507 3535 παῖδας
523 3462 673 3544 γνησίους.
708 3459 761 3524 ἐὰν
779 3458 812 3523 δὲ
830 3461 932 3542 μηδείς
953 3450 974 3550 ᾖ
995 3463 1118 3544 τούτων,
1140 3463 1194 3527 ἐὰν
