2658 3914
466 219 567 273 111202
584 220 800 274 Ποινκοοι.
1075 219 1138 286 169

126 401 163 445 τε
185 382 407 467 παραμείνασι
433 391 500 447 τῶν
527 378 674 467 ἀρχαίων
701 391 833 447 ναυτῶν
856 380 964 447 ἐδωκά
985 401 1033 465 τι,
1060 381 1141 449 ὅσον

125 480 231 572 εἶχον,
254 484 367 570 ἐπειδή
389 509 447 571 μοι
469 486 487 554 ὁ
510 489 629 574 χρόνος
647 484 739 572 ἐξήκε
762 495 820 570 τῆς
841 490 1063 574 τριηραρχίας,
1086 485 1142 554 καλ

127 588 260 678 ἑτέρους
286 592 409 670 ναύτας
437 590 692 676 ἐντελομίσθους
717 591 943 680 προσέλαβον,
970 591 1007 660 έν
1030 592 1141 683 ὅσωδ

127 699 310 782 στρατηγὸς
326 699 386 764 τὸν
404 689 576 764 ἀνάπλουν
593 698 654 765 τὸν
671 695 724 784 ἐφ’
746 695 852 785 Ἱερὸν
873 699 1140 785 παρεσκευάζετο.

85 820 113 862 1⁹
127 802 242 888 ἐπειδὴ
261 800 292 869 δ’
315 802 387 870 ὅτε
405 803 592 889 Εὐκτήμων
610 798 690 888 ήκεν
711 803 748 869 ἐκ
769 812 828 888 τής
840 803 1026 889 Λαμψάκου
1049 805 1141 890 ἀγων
1211 865 1213 872 .

126 911 206 986 τοὺς
227 910 351 986 ναύτας
374 905 433 986 ούς
455 907 676 994 ἐμισθώσατο,
697 907 754 975 καὶ
776 909 794 975 ὁ
814 912 995 995 στρατηγὸς
1016 914 1141 996 παρήγ-

125 1019 237 1099 γειλεν
260 1014 463 1098 ἀνοίγεσθαι,
485 1021 530 1103 τῷ
554 1010 616 1099 μέν
638 1014 829 1101 Εὐκτήμονι
851 1012 1035 1101 ἀσθενῆσαι
1057 1015 1142 1097 ἐξαί-

126 1145 214 1206 φνης
240 1118 383 1206 συνέβη,
408 1117 464 1187 καὶ
485 1120 575 1186 πύυυ
597 1130 751 1205 πονηρῶς
775 1117 921 1205 διετέθη·
950 1121 1057 1211 τούτῳ
1079 1117 1141 1208 μὲν

127 1220 191 1292 οὖν
223 1224 369 1304 ἀποδοὺς
395 1228 455 1293 τὸν
484 1227 611 1310 μισθὸν
640 1222 695 1291 καὶ
725 1224 844 1311 ἐφόδια
873 1223 1036 1312 προσθεὶς
1065 1224 1141 1291 ἀπέ-

126 1342 240 1417 πεμψα
259 1333 388 1399 οίκαδε·
412 1331 511 1409 αύτὸς
529 1327 568 1398 δέ
584 1333 870 1418 πεντηκόνταρχον
893 1329 1007 1418 ἕτερον
1030 1332 1143 1415 λαβὼν

127 1437 299 1522 ἀνηγόμην
328 1434 382 1503 ἐπὶ
410 1438 473 1522 τήν
506 1436 730 1524 παραπομπήν
757 1445 820 1503 τοῦ
846 1438 958 1523 σίτου,
993 1435 1049 1503 καί
1076 1436 1146 1504 ἐκεί

126 1541 317 1628 περιέμεινα
339 1540 436 1609 πέντε
458 1540 515 1608 καὶ
536 1543 775 1628 τετταράκοντα
796 1539 921 1628 ἡμέρας
928 1591 939 1626 ,
965 1541 1027 1621 ἕως
1049 1543 1068 1611 ό
1091 1547 1142 1609 ἐτι-

127 1653 232 1726 πλονς
253 1659 320 1715 τῶν
338 1651 465 1715 πλοίων
483 1659 551 1714 τῶν
574 1646 642 1733 μεί
665 1648 850 1735 ἀρκτοῦρον
874 1647 910 1714 ἐκ
931 1658 993 1716 τοῦ
1006 1651 1142 1716 Πόντου

84 1774 114 1816 εο
128 1751 267 1839 ἐγένετο.
304 1754 505 1842 ἀφικόμενος
536 1751 567 1820 δ’
599 1756 647 1833 τίς
675 1757 828 1840 Σηστόν,
859 1752 924 1838 ἐγὼ
953 1750 1016 1839 μὲν
1047 1753 1142 1844 ᾤμην

128 1863 241 1928 ολιιαδε
263 1863 566 1947 καταπλεύσεσθαι,
592 1871 653 1928 τοῦ
678 1883 715 1928 τε
741 1864 867 1948 χρόνον
890 1883 947 1945 μοι
970 1859 1143 1946 ἐξήκοντος

126 1965 182 2034 καὶ
204 1965 592 2055 ,ἐπιτετριηραρχημένων
622 1968 687 2052 ήδη
720 1991 777 2052 μοι
809 1967 906 2034 δνοίν
938 1977 1059 2052 μηνοῖν
1085 1965 1142 2033 καὶ

127 2074 287 2159 διαδόχου
315 2073 375 2158 οὐχ
402 2074 542 2158 ήκοντος
564 2069 618 2138 ἐπὶ
645 2073 708 2158 τήν
729 2082 830 2139 ναῦν·
859 2068 939 2140 ὁδέ
962 2074 1142 2159 στρατηγὸς

132 2181 334 2263 Τιμόμαχος,
361 2175 574 2262 ἀφικομένων
597 2177 642 2255 ώς
664 2177 767 2244 αὐτὸν
788 2174 960 2264 πρέσβεων
981 2180 1141 2265 Μαρωνι-

126 2295 196 2350 τῶν
227 2280 283 2348 καὶ
314 2280 483 2367 δεομένων
513 2281 626 2359 αύτοϊς
656 2283 696 2348 τὰ
726 2287 827 2348 πλολα
857 2280 1071 2369 παραπέμψαι
1101 2283 1220 2354 τδινιο

128 2388 262 2474 σιτηγά,
288 2385 488 2474 προσέταξεν
508 2386 590 2472 ήμίν
612 2397 682 2464 τοίς
703 2387 915 2474 τριηράρχοις
937 2384 1143 2472 ἀναδησαμέ-

127 2518 201 2572 νοις
218 2494 259 2560 τά
275 2497 377 2560 πλοῖα
395 2493 503 2560 ἕλκειν
522 2495 570 2570 είς
586 2493 804 2578 Μαρώνειαν,
825 2496 933 2558 πλούν
955 2489 1011 2558 καὶ
1033 2495 1141 2559 πολὺν

87 2622 114 2664 ιι
128 2599 183 2668 καί
205 2600 373 2685 πελάγιον.
409 2597 466 2665 καὶ
487 2595 585 2666 ταῦθ’
611 2597 694 2684 ὑμῖν
716 2598 773 2664 διδ
795 2605 898 2664 ταῦτα
920 2598 1047 2666 ἅπαντα
1070 2600 1142 2685 διη-

127 2707 281 2792 γησάμην
311 2705 346 2786 ἐξ
377 2705 497 2793 ἀρχῆς,
525 2700 572 2771 ἵν’
601 2705 711 2790 είδήτε
746 2703 808 2770 ὅσα
837 2702 1015 2790 ἀνηλωκὼς
1043 2704 1142 2784 αὐτὸς

128 2811 183 2880 καὶ
204 2813 321 2898 ήλίκης
346 2834 403 2897 μοι
431 2807 651 2896 γεγενημένης
677 2819 736 2895 τῆς
757 2813 970 2897 λητουργίας,
1001 2809 1142 2898 ὕστερον

129 2919 192 2986 ὅσα
214 2918 411 3003 ἀναλώματα
432 2913 517 3005 ύπέρ
546 2917 668 2984 τούτου
691 2915 847 3003 ἀνήλωσα
869 2915 1142 3003 ἐπιτριηραρχῶν,

129 3025 189 3111 ούχ
207 3024 347 3108 ήκοντος
363 3024 484 3090 τούτου
502 3021 555 3089 ἐπὶ
572 3024 635 3108 τήν
652 3031 751 3107 ναῦν,
772 3020 828 3088 καὶ
845 3022 1025 3099 κινδύνους
1042 3022 1142 3100 ὅσους

129 3130 348 3197 ἐκινδύνευσα
375 3130 474 3208 αύτδς
500 3133 584 3217 πρός
609 3151 644 3195 τε
671 3140 833 3215 χειμῶνας
859 3127 915 3194 καὶ
940 3130 1024 3216 πρὸς
1045 3132 1141 3194 πολε-

128 3240 232 3321 μίους.
269 3236 349 3321 μετὰ
371 3236 435 3323 γὰρ
457 3237 520 3320 τήν
537 3235 760 3322 παραπομπήν
777 3245 844 3301 τῶν
862 3236 988 3301 πλοίων
1010 3234 1072 3318 τήν
1094 3236 1141 3312 είς

128 3343 333 3431 Μαρώνειαν
360 3339 415 3408 καί
441 3343 504 3426 τήν
531 3339 645 3427 ἄφιξιν
671 3341 733 3426 τήν
755 3343 803 3418 είς
826 3341 954 3424 Θάσον,
984 3339 1140 3426 ἀφικόμε-

128 3472 187 3526 νος
208 3447 398 3535 παρέπεμπε
420 3447 521 3512 πύλιν
549 3446 568 3514 ό
599 3448 786 3533 Τιμόμαχος
813 3447 893 3531 μετὰ
915 3456 983 3511 τῶν
1007 3446 1140 3510 Θασίων

128 3556 176 3633 είς
200 3556 288 3640 [τήν]
303 3553 463 3639 Στρύμην
487 3563 579 3618 σῖτον
598 3551 653 3618 καὶ
670 3551 861 3635 πελταστάς,
884 3550 928 3627 ώς
949 3549 1139 3633 παραληψό-
