2658 3922
473 168 815 222 Πεοειτιοεικοοε.
1086 163 1152 234 229

139 327 237 398 οὗτοί
256 353 323 414 μοι.
367 332 475 395 καίτοι
497 336 577 394 πᾶσι
604 331 732 412 μᾶλλον
755 327 910 413 ἐνεχώρει
930 335 1030 394 τοῦτο
1052 326 1153 414 πρύτ-

139 461 218 503 τειν.
260 431 354 502 οὗτοι
376 431 438 519 μέν
460 435 535 520 γὰρ,
558 435 590 500 εί
609 437 669 500 καί
687 458 719 500 τι
740 436 961 518 πεπόνθασιν,
984 431 1080 499 αὐτοὶ
1103 429 1149 499 δι’

140 544 263 619 αὑτοὺς
298 533 520 626 βεβλαμμένοι
560 549 843 626 συκοφαντοῦσιν·
881 539 1002 606 έκεῖνοι
1039 534 1088 623 δ’,
1123 540 1155 605 εί

140 645 195 714 καὶ
222 644 328 734 μηδὲν
356 649 454 732 ἄλλο,
480 647 638 732 τοιαύτην
669 643 702 730 γ’
735 646 895 732 οὐδεμίαν
924 647 1033 712 αἰτίαν
1060 648 1154 731 έχου-

141 771 205 820 σιν.
242 751 313 820 ἀλλ’
341 753 397 820 ίνα
419 754 464 838 μη
486 745 591 818 πένθ’
617 753 685 837 ἅμα
700 752 917 839 συνταράξας
943 750 1045 836 λέγω,
1072 752 1155 836 λαβέ

141 883 199 944 μοι
221 859 278 936 τὰς
299 869 367 926 τῶν
390 861 551 943 γειτόνων
573 861 763 945 μαρτυρίας.

543 1052 748 1108 ΜΑΡΤΤΡΙΑῙ.

99 1196 125 1236 22
209 1177 344 1243 Οὐκοῦν
376 1177 489 1242 δεινὸν
521 1169 547 1241 ὦ
579 1176 699 1263 ἄνδρες
731 1163 892 1261 δικασταί,
923 1175 1062 1252 τούτους
1091 1171 1153 1259 μὲν

139 1279 245 1367 μηδὲν
264 1281 415 1366 ἐγκαλεῖν
434 1303 491 1366 μοι
508 1290 651 1348 τοσαῦτα
669 1279 928 1366 βεβλαμμένους,
949 1276 1028 1366 μηδ’
1050 1281 1153 1346 ἄλλον

140 1387 267 1473 μηδένα
296 1397 364 1453 τῶν
394 1386 625 1472 ἠτυχηκότων,
658 1385 742 1453 ἀλλὰ
769 1387 831 1471 την
860 1387 964 1473 τύχην
993 1383 1153 1472 στέργειν,
1163 1403 1232 1454 ιντο

139 1492 273 1562 τουτονὶ
303 1489 341 1560 δὲ
370 1504 606 1578 συκοφαντεῖν;
641 1491 682 1559 δν
712 1493 762 1560 ὅτι
791 1488 854 1578 μέν
887 1491 987 1570 αὐτὸς
1016 1490 1154 1577 ἐξημάρ-

139 1624 233 1685 τηκε,
255 1610 388 1687 πρῶτον
411 1594 473 1684 μέν
495 1600 557 1684 τὴν
579 1598 663 1666 ὁδὸν
686 1597 882 1686 στενοτέραν
904 1599 1060 1684 ποιήσας,
1083 1597 1155 1677 έξα·

140 1708 254 1791 γαγὼν
283 1705 344 1786 ἔξω
374 1707 436 1792 την
465 1706 642 1791 αίμασιιίν,
676 1706 733 1772 ἵνα
762 1706 802 1772 τὰ
833 1703 956 1792 δένδρα
984 1713 1043 1790 τῆς
1070 1704 1154 1772 ὁδοῦ

139 1816 308 1899 ποιήσειεν
337 1819 435 1897 εῖσω,
469 1814 579 1878 ἔπειτα
609 1807 647 1877 δδ
676 1814 736 1878 τὸν
769 1812 894 1898 χληδον
929 1810 1078 1896 ἐκβαλὼν
1106 1813 1155 1888 είς

139 1921 200 2003 τὴν
230 1919 331 2003 ὁδόν,
360 1917 393 1998 έξ
424 1912 472 1984 ὧν
501 1916 711 2005 ὑψηλοτέραν
739 1919 801 2002 την
828 1916 933 2003 αύτην
959 1915 1015 1983 καὶ
1043 1934 1155 1985 στενο-
1241 1990 1249 2006 ‚

138 2023 237 2110 τέραν
259 2030 463 2108 πεποιῆσθαι
485 2024 704 2109 συμβέβηκεν,
736 2024 772 2091 ἐκ
793 2035 861 2089 τῶν
883 2034 1074 2109 μαρτυριῶν
1096 2022 1155 2089 αύ-

99 2148 126 2189 28
139 2128 203 2196 τέκ’
238 2135 370 2196 εἴσεσθε
400 2127 622 2214 σαφέστερον,
654 2129 705 2196 ὅτι
737 2125 771 2194 δ’
805 2124 906 2196 οὐδέν
938 2127 1155 2206 ἀπολωλεκὼς

141 2229 221 2301 οὐδὲ
250 2233 559 2320 καταβεβλαμμένος
598 2233 692 2313 ἄξιον
730 2237 831 2318 λόγου
867 2234 1067 2319 τηλικαύτην
1098 2257 1155 2318 μοι

142 2341 239 2424 δίκην
266 2344 391 2425 είληχε,
416 2337 515 2405 τοῦθ’
547 2340 633 2425 ὑμᾶς
658 2342 722 2425 ἤδη
751 2340 949 2428 πειράσομαι
976 2339 1154 2407 διδάσκειν.

139 2453 198 2529 τοι
219 2446 283 2532 νὰο
306 2445 428 2532 amobe
453 2453 511 2528 τῆς
537 2443 617 2530 ἑοῖο
643 2443 814 2532 κονιέννε
830 2451 879 2532 τῇ
907 2445 1034 2512 τούτων
1056 2444 1154 2532 νττοὶ
1231 2543 1234 2548 ,

140 2548 220 2638 πρὶν
249 2552 389 2629 τούτους
418 2549 624 2638 έπιχειρῆσαί
650 2575 690 2636 με
720 2563 961 2638 συκοφαντεῖν,
989 2550 1044 2619 καί
1072 2555 1155 2641 πρὸς

140 2655 284 2741 ἀλλήλας
316 2655 589 2743 ἀφικνουμένων,
625 2648 699 2724 οἷον
734 2658 823 2734 είκὸς
858 2658 924 2743 ἅμα
956 2653 1017 2743 μέν
1047 2659 1154 2747 ἀμφο-

140 2761 245 2848 τέρων
279 2765 445 2829 οίκουσῶν
482 2761 519 2830 έν
557 2761 648 2852 ιἰγρῷ
681 2761 736 2830 καὶ
768 2775 986 2849 γειτνιωσῶν,
1018 2766 1098 2852 ἅμα·
1115 2764 1154 2834 δέ

102 2887 128 2927 24
141 2879 207 2934 τῶν
230 2867 365 2955 ἀνδρῶν
387 2867 569 2957 χρωμένων
592 2867 749 2954 ἀλληλοις
775 2868 837 2947 ἕως
863 2872 961 2954 ἔζων,
989 2869 1154 2957 ἐλθούσης

142 2970 179 3039 δέ
210 2983 268 3059 της
299 2973 378 3060 έμης
409 2977 531 3060 μητρὸς
567 2975 612 3053 ὡς
647 2977 709 3061 τὴν
743 2976 871 3042 τούτων
902 2973 958 3042 καὶ
989 2975 1153 3065 ἀποδυρο-

142 3078 242 3164 μένης
271 3079 398 3165 ἐκείνης
426 3082 466 3147 τὰ
496 3081 668 3166 συμβύντοι
696 3079 752 3147 καὶ
783 3083 1019 3168 δεικνυούσης,
1048 3083 1154 3161 οὕτως

142 3185 339 3271 ἐπυθόμεθα
360 3183 465 3254 πάνθ’
490 3187 585 3272 ἡμεῖς
607 3183 633 3254 ὦ
656 3189 777 3274 ἄνδρες
799 3191 963 3256 δικασταί·
990 3187 1046 3255 καὶ
1067 3188 1152 3272 λέγω

142 3290 203 3378 μὲν
226 3294 309 3378 ἅπερ
327 3295 454 3377 ἤκουσα
472 3303 529 3379 τῆς
547 3297 679 3382 μητρός,
704 3295 791 3362 οὕτω
814 3319 871 3380 μοι
892 3296 999 3362 πολλδ
1021 3294 1153 3378 κάγαθὰ

143 3397 292 3484 γένοιτο,
322 3401 354 3465 εί
384 3395 421 3465 δέ
453 3400 635 3486 ψεύδομαι,
671 3400 828 3468 τάναντία
858 3403 1000 3468 τούτων·
1033 3395 1054 3482 ἡ
1086 3401 1153 3482 μὴν

143 3503 225 3590 ὁρᾶν
254 3502 310 3571 καὶ
338 3512 395 3588 της
427 3506 555 3574 τούτων
589 3509 711 3593 μητρὸς
743 3506 879 3573 ἀκούειν
908 3509 989 3590 ἔφη,
1022 3509 1152 3584 κριθῶν
