2658 3922
306 201 394 252 ΠΕΡΙ
410 200 486 252 που
504 201 608 255 τοῦτο.
626 201 702 268 Tm:
718 202 966 255 mmm.
1076 199 1140 264 187

120 358 182 424 καὶ
202 359 262 437 τὰς
280 356 344 445 μὲν
359 360 501 444 ὠφελίας
519 361 588 447 ίδίηι
605 370 798 446 καρποῦται,
820 359 877 438 τὰς
894 357 933 427 δὲ
953 362 1046 437 δίκας
1068 359 1144 426 τού·

119 489 195 531 των
217 465 363 552 ὁτυχῶν
386 467 525 531 δίδωσιν
543 466 657 551 ὑμῶν,
668 465 725 532 καὶ
742 470 858 551 μόνοις
875 467 956 552 ὑμῖν
976 467 1143 550 οὐδαμόσε

120 574 222 638 ἐστιν
252 573 333 638 ἀνευ
363 576 539 658 κηρυκείου
568 574 720 656 βαδίσαι,
750 573 806 638 διδ
834 574 892 650 τὰς
921 574 986 640 ὑπὸ
1014 572 1143 639 τούτων

79 695 105 734 14
120 676 358 763 ἀνδροληψίας
384 677 439 744 καὶ
466 679 568 754 σύλας
593 677 908 763 κατεσκευασμένας·
936 681 1019 745 ὥστε
1046 687 1085 765 τῇ
1107 675 1139 762 γ’

119 782 273 870 ἀληθεία
296 795 427 850 σκοπῶν
457 784 499 849 ἀν
527 807 577 860 τις
605 784 699 870 εύροι
728 785 786 861 τὰς
815 786 966 862 τοιαύτας
987 788 1143 871 τριήρεις,

119 889 189 975 ούχ
214 885 297 974 ὑπὲρ
320 890 427 974 ὑμῶν,
450 889 534 955 ἀλλὰ
561 886 638 955 καθ’
666 890 761 975 ὑμῶν
783 888 1047 968 ἐκπεπλευκυίας.
1083 893 1142 957 τὸν

118 995 191 1081 γάρ
217 991 301 1081 ὑπὲρ
322 1004 380 1078 τῆς
402 998 528 1072 πόλεως
555 999 772 1081 τριήραρχον,
800 996 862 1062 ούκ
888 995 952 1064 ἀπὸ
980 1008 1047 1063 τῶν
1074 1020 1143 1062 κοι-

118 1113 201 1168 νῶν
223 1102 413 1187 προσδοκᾶν
441 1103 503 1188 χρή
530 1103 745 1185 πλουτήσειν,
772 1098 844 1166 ἀλλ’
872 1101 935 1168 ἀπὸ
958 1113 1024 1168 τῶν
1048 1104 1143 1168 ἰδίων

120 1207 166 1272 τά
202 1215 259 1290 τῆς
293 1209 421 1284 πόλεως
457 1206 727 1293 ἐπανορθώσειν,
763 1213 853 1292 είπερ
891 1209 983 1272 ἔσται
1013 1230 1046 1273 τι
1077 1217 1144 1272 τῶν

121 1315 276 1380 δεόντων
298 1312 388 1397 ὑμῖν.
430 1313 557 1378 τούτων
586 1308 623 1379 δέ
649 1311 807 1378 τάναντία
836 1311 971 1389 ἕκαστος
993 1311 1146 1396 ἐγνωκὼς

122 1418 255 1484 ἐκπλεῖ·
278 1416 334 1484 καὶ
361 1419 424 1504 γάρ
454 1442 506 1485 τοι
534 1417 575 1484 τὰ
604 1429 671 1484 τῶν
700 1418 810 1484 αὑτῶν
840 1421 973 1504 τρόπων
1003 1416 1146 1502 ἁμαρτή-

8 1567 9 1572 1
80 1541 108 1582 1⁵
123 1549 217 1609 ματα
239 1536 310 1602 ταῖς
327 1523 500 1610 ὑμετέραις
520 1525 660 1609 βλάβαις
682 1523 957 1611 ἐπανορθοῦνται.
993 1520 1049 1590 καὶ
1070 1524 1146 1589 τού-

9 1683 11 1692 ,
123 1655 198 1698 των
222 1629 323 1698 οὐδέν
346 1627 413 1696 ἐστ’
441 1631 574 1713 ἀλογον.
611 1631 775 1696 δεδώκατε
803 1630 865 1716 γὰρ
892 1641 963 1707 τοῖς
984 1628 1144 1715 βουλομέ-

124 1761 203 1813 νοις
217 1735 356 1821 ἀδικεῖν,
374 1735 432 1801 ἐδιν
447 1732 508 1820 μὲν
522 1736 686 1820 λάθωσιν,
705 1738 804 1821 ἔχειν,
823 1734 881 1801 ἐὰν
900 1732 938 1801 δέ
956 1741 1145 1821 ληφθῶσιν,

127 1843 329 1928 συγγνώμης
356 1852 485 1928 τυχεῖν·
519 1854 588 1919 τοῖς
621 1837 684 1909 οὖν
713 1843 894 1927 ήμεληκόσι
924 1840 1022 1926 δόξης
1050 1843 1146 1908 ἀδεια

126 1961 240 2016 ποιεῖν
268 1948 287 2014 ὅ
314 1971 346 2013 τι
372 1946 415 2013 ἀν
441 1948 630 2031 βούλωνται
657 1945 805 2032 γέγονεν.
846 1957 913 2012 τῶν
941 1943 1002 2031 μὲν
1030 1951 1145 2014 τοίνυν

128 2057 274 2120 ίδιωτῶν
305 2055 383 2130 τοὺς
414 2053 494 2137 μετὰ
529 2063 590 2119 τοῦ
627 2059 750 2118 παθεῖν
782 2053 1014 2138 μανθάνοντας
1045 2052 1146 2140 ἀπρο-

129 2158 293 2233 σκέπτους
322 2157 539 2240 ὀνομάζομεν·
574 2157 659 2240 ὑμᾶς
689 2151 733 2241 δ’,
767 2157 887 2235 οἵτινες
916 2154 996 2225 οὐδὲ
1024 2180 1145 2224 πεπον-

129 2267 233 2339 θότες
256 2262 425 2344 [πολλάκις
442 2263 520 2345 ήδη]
539 2262 760 2347 φυλάττεσθε,
781 2267 816 2328 τί
835 2286 884 2340 τις
902 2261 1070 2329 καλέσειεν
1088 2266 1145 2343 ἀν;

88 2390 116 2430 ιε
194 2366 307 2446 ’Ἀξιον
335 2371 452 2433 τοίνυν
481 2365 536 2432 καί
564 2365 641 2452 περὶ
668 2379 735 2433 τῶν
765 2371 1009 2455 συνειρηκότων
1032 2371 1146 2435 εἰπεῖν.

132 2476 221 2544 ούτω
250 2475 314 2559 γὰρ
344 2473 506 2558 ἡγοῦνταί
531 2495 618 2550 τινες
649 2472 802 2552 ἐξουσίαν
831 2469 917 2540 εἶναι
947 2478 1062 2560 σφίσιν
1091 2473 1146 2542 καί

132 2592 241 2650 ποιεῖν
273 2580 292 2646 ό
324 2603 356 2646 τι
387 2580 567 2664 βούλονται
597 2577 654 2645 καλ
685 2578 794 2664 λέγειν
826 2577 903 2667 παρ’
934 2579 1031 2666 ὑμῖν,
1062 2582 1145 2648 ὥστε

133 2701 199 2754 τῶν
226 2690 299 2754 τότε
327 2686 666 2772 συγκατηγορούντων
697 2683 765 2771 μετ’
794 2682 1069 2774 Ἀριστοφῶντος,
1090 2687 1146 2754 καί

132 2805 259 2879 πικρῶν
283 2795 390 2860 όντων
412 2804 482 2868 τοῖς
504 2795 732 2886 μεμισθωκόσι
754 2792 811 2868 τάς
832 2797 1059 2880 τριηραρχίας,
1081 2805 1145 2860 νῦν

48 2901 56 2912 ”
133 2901 310 2966 κελεύουσί
328 2922 417 2976 τινες
438 2899 577 2975 τούτους
599 2909 823 2982 στεφανῶσαι,
849 2897 905 2964 καὶ
928 2900 1026 2966 δυοῖν
1048 2899 1137 2966 θάτε-

134 3030 195 3092 ρον
218 3001 421 3091 ἐξελέγχοντ’
449 3005 580 3089 αὐτούς,
602 3003 623 3088 ή
645 3000 713 3070 τότ’
735 3003 882 3081 ἐκείνους
904 3001 1026 3083 ἀδίκως
1048 3025 1146 3072 συκο-

134 3116 351 3198 φαντοῦντες,
380 3111 401 3196 ή
428 3120 493 3176 νῦν
519 3107 624 3177 τοῖσδ’
652 3108 705 3175 ἐπὶ
732 3116 842 3198 μισθῷ
872 3103 1145 3198 σύνηγοροῦντες.

96 3235 120 3275 ιῖ
134 3215 188 3282 καὶ
211 3219 411 3303 χαρίσασθαι
432 3218 625 3282 κελεύουσιν
647 3216 744 3301 ὑμᾶς,
766 3217 875 3302 ὥσπερ
897 3216 974 3303 περὶ
997 3219 1145 3303 δωρειᾶς,

134 3320 205 3389 ἀλλ’
238 3322 279 3388 ού
307 3320 383 3408 περὶ
411 3326 610 3408 νικητηρίων
644 3333 711 3389 τῶν
744 3325 853 3406 λόγων
888 3323 1010 3406 όντων,
1040 3321 1061 3406 ή
1090 3320 1145 3386 καὶ
1157 3342 1223 3391 1233

134 3428 232 3515 χάριν
260 3426 446 3512 τιθεμένων
481 3429 537 3492 διὰ
570 3439 637 3492 τῶν
669 3427 830 3494 τοιούτων
863 3439 932 3504 τοῖς
964 3425 1143 3510 ἀμελοῦσιν

135 3533 245 3616 ὑμῶν,
273 3530 347 3597 ἀλλ’
376 3533 416 3599 ού
445 3533 500 3597 διά
527 3543 593 3598 τῶν
621 3535 801 3616 βελτιόνων
826 3541 895 3606 τοῖς
921 3530 1142 3613 ὑπηρετοῦσιν
1321 3607 1322 3612 ¹

1321 3639 1322 3680 ι

1321 3685 1322 3719 λ
