2650 3918
533 187 722 240 ΕΡΩΤΙΚΟΣ.
1068 185 1134 252 343

123 357 258 434 πρῶτον
280 344 413 416 εἰδέναι.
445 348 599 433 βούλεται
616 344 679 433 μὲν
696 349 760 433 γὰρ
783 347 801 415 ὁ
823 349 883 414 τὸν
906 349 1008 432 λόγον
1029 356 1136 415 ποιῶν

125 451 276 520 ἐπαινεῖν
294 451 503 540 Ἐπικράτην,
525 452 566 520 ὃν
579 450 661 542 ς’όετο
679 458 813 520 πολλῶν
829 451 884 519 καὶ
902 457 1014 519 καλῶν
1035 451 1136 536 κάγα-

124 565 200 625 θῶν
223 560 331 626 όντων
352 557 440 626 νέων
467 559 504 626 έν
530 567 569 644 τῇ
596 562 691 625 πόλει
713 555 926 645 χαριέστατον
948 554 1052 644 εἶναι,
1081 555 1137 624 καὶ

124 661 227 730 πλέον
259 673 298 750 τη
328 662 459 731 συνέσει
481 662 634 750 προέχειν
656 663 678 749 ἢ
700 673 746 752 τῷ
774 664 887 730 κάλλει
915 676 982 731 τῶν
1005 664 1137 750 ἡλικιω-

124 781 202 836 τῶν.
248 770 337 855 ὁρῶν
359 768 390 836 δ’
417 771 462 848 ὡς
483 771 561 846 ἔπος
588 771 694 836 είπείν
716 771 756 835 τά
777 775 914 836 πλεῖστα
935 782 1003 837 τῶν
1025 770 1137 857 έρυνι-

124 885 195 941 κῶν
227 875 464 961 συνταγμάτων
498 876 660 962 αἰσχύνην
692 880 820 960 μᾶλλον
845 874 867 961 ἣ
893 876 991 960 τιμὴν
1023 876 1137 962 περιά-

124 1002 250 1049 πτοντα
271 982 402 1059 τούτοις
423 977 499 1067 περὶ
521 975 569 1046 ὧν
592 980 660 1047 ἑστι
683 979 903 1068 γεγραμμένα,
926 977 1022 1048 τοῦθ’
1049 982 1138 1059 ὅπως

125 1087 170 1170 μὴ
193 1090 339 1153 πείσεται
360 1087 577 1172 πεφύλακται,
597 1085 654 1152 καὶ
677 1086 757 1174 ὅπερ
780 1086 835 1153 καὶ
856 1089 1037 1153 πεπεῖσθαί
1055 1102 1137 1171 φησι

126 1200 164 1276 ’τῇ
187 1193 322 1279 γνώμη,
352 1201 451 1261 τοῦτο
480 1190 536 1258 καὶ
565 1189 749 1278 γέγραφεν,
779 1193 825 1270 ὡς
852 1193 978 1268 δίκαιος
1000 1189 1138 1276 ἐραστὴς

2 1385 3 1388 ¹
99 1293 198 1362 κοῦτ’
225 1296 268 1363 άν
296 1300 465 1381 ποιήσειεν
495 1292 596 1364 οὐδέν
625 1299 764 1384 αἰσχρὸν
794 1295 863 1370 οὔτ’
892 1295 1073 1376 ἀξιώσειεν.
1117 1295 1137 1362 δ

125 1397 187 1486 μέν
205 1397 268 1468 ούν
286 1403 397 1489 ῶσπερ
414 1405 447 1470 εί
463 1398 592 1487 μάλιστ’
618 1402 661 1468 ἀν
683 1402 842 1489 ἐρωτικὸν
864 1403 979 1488 λάβοις
1000 1410 1060 1468 τοῦ
1083 1404 1138 1467 λό-

125 1531 201 1592 γου,
222 1506 299 1594 περὶ
316 1505 404 1576 τοῦτ’
427 1511 530 1579 ἔστιν·
553 1508 573 1576 ό
595 1504 629 1574 δ’
652 1509 751 1587 ἀλλος
769 1512 867 1594 λόγος
888 1508 929 1574 τά
952 1504 1013 1593 μὲν
1036 1507 1138 1574 αὐτὸν

126 1613 257 1680 έπαινελ
275 1615 335 1681 τὸν
356 1618 549 1699 νεανίσκον,
575 1612 669 1682 τὰδ’
696 1614 785 1704 αύτῷ
814 1615 1036 1701 συμβουλεύει
1062 1611 1139 1701 περὶ

125 1721 277 1797 παιδείας
288 1742 324 1785 τε
342 1716 397 1785 καὶ
415 1717 637 1806 προαιρέσεως
653 1729 715 1786 τοῦ
732 1722 820 1805 βίου.
855 1720 962 1788 πάντα
981 1717 1138 1788 δὲταῦτα

127 1813 306 1912 γέγραπται
323 1826 383 1893 τὸν
400 1827 524 1911 τρόπον
543 1825 583 1891 όν
600 1849 650 1902 τις
668 1824 776 1902 ἀνείς
797 1828 930 1910 βιβλίον
951 1833 1137 1901 καταθεῖτο.

126 1940 196 2007 τοῖς
218 1925 280 2015 μέν
301 1930 365 2016 γὰρ
395 1935 554 2006 λεκτικοῖς
579 1940 647 1997 τῶν
675 1934 785 2015 λόγων
808 1929 918 2010 άπλῶς
938 1929 994 2001 καὶ
1017 1932 1139 2016 ὁμοίως

2 2051 4 2070 ³
127 2027 178 2112 οἷς
200 2035 242 2104 ἀν
265 2033 302 2102 ἐκ
323 2043 383 2101 τοῦ
405 2035 602 2120 παραχρῆμά
618 2058 669 2112 τις
691 2041 778 2102 εἴποι
798 2033 916 2122 πρέπει
937 2036 1138 2122 γεγράφθαι,

127 2149 198 2216 τοῖς
220 2136 250 2204 δ’
278 2140 326 2215 είς
347 2140 408 2206 τὸν
428 2142 530 2206 πλείω
557 2142 681 2225 χρόνον
707 2139 942 2226 τεθησομένοις
963 2152 1139 2225 ποιητικῶς

127 2242 183 2312 καί
200 2253 357 2328 περιττῶς
374 2241 528 2329 άρμόττει
546 2251 755 2328 συγκεῖσθαι·
778 2237 935 2330 τοὺςμλν
952 2246 1016 2330 γάρ
1038 2253 1138 2312 πιθα-

127 2350 227 2432 νούς,
253 2351 333 2432 τοὺς
359 2346 389 2415 δ’
417 2347 653 2429 ἐπιδεικτικούς
679 2347 766 2418 εἶναι
793 2353 958 2437 προσήκει.
1004 2348 1048 2418 ἵν’
1075 2347 1138 2418 οὖν

128 2455 173 2538 μὴ
195 2454 284 2539 παρά
305 2455 365 2520 τὸν
388 2457 490 2538 λόγον
512 2471 566 2522 σοι
588 2456 690 2542 λέγω,
715 2453 792 2542 μηδ’
819 2457 841 2524 ἃ
863 2457 1035 2541 γιγνώσκω
1063 2455 1138 2542 περὶ

127 2560 255 2629 τούτων
287 2559 387 2643 αὐτὸς
416 2559 545 2646 διεξίω,
576 2560 710 2649 πρόσεχ’
742 2563 787 2640 ὡς
813 2562 918 2630 αὐτοῦ
945 2571 1005 2629 τοῦ
1035 2566 1137 2647 λόγου
1148 2578 1215 2630 1402

128 2667 191 2750 ἤδη
219 2665 459 2752 ἀκουσόμενος,
486 2664 599 2752 ἐπειδὴ
617 2666 672 2734 καὶ
703 2668 802 2745 αὐτὸς
828 2668 911 2754 ἥκει,
933 2667 974 2736 ὃν
1001 2667 1138 2755 ἐβουλή-

128 2776 197 2858 θην
218 2771 373 2856 ἀκούειν,
392 2767 594 2862 Ἐπικράτης.

103 3103 118 3145 ε
191 3081 298 3171 Ὁρῶν
320 3085 430 3166 ένίους
458 3099 524 3156 τῶν
547 3087 723 3174 έρῶμένυν
745 3088 800 3158 καὶ
820 3092 964 3169 κάλλους
986 3110 1138 3180 μετεσχη-

129 3193 237 3259 κότων
264 3190 422 3280 οὐδετέρα
447 3205 514 3262 τῶν
541 3194 702 3280 εὐτυχιῶν
729 3195 856 3262 τούτων
881 3197 992 3284 ὀρθῶς
1014 3197 1138 3285 χρωμέ-

130 3321 227 3381 νους,
250 3294 322 3362 ἀλλ’
350 3295 403 3364 ἐπὶ
426 3293 486 3382 μέν
506 3308 548 3385 τῇ
571 3309 628 3384 τῆς
650 3302 757 3379 όηευς
779 3301 955 3390 εὐπρεπείᾳ
977 3319 1138 3388 σεμνυνο·

129 3399 266 3487 μένους,
292 3402 353 3486 τὴν
382 3397 420 3470 δὲ
447 3405 530 3488 πρὸς
551 3407 628 3482 τοὺς
651 3403 788 3492 έραστάς
810 3407 943 3491 ὁμιλίαν
966 3408 1138 3494 δυσχεραί-

129 3531 263 3593 νοντας,
290 3504 346 3574 καὶ
372 3515 533 3578 τοσοῦτον
562 3511 821 3596 διημαρτηκότας
842 3520 902 3577 τοῦ
923 3511 964 3576 τά
986 3511 1138 3596 βέλτιστα
