2658 3922
168 217 234 284 220
485 218 555 270 nv.
580 215 860 270 Δευοεοεεονε

167 379 305 446 νεανικά
339 376 430 443 ἐστιν
466 375 576 442 αὐτῶν
609 375 666 442 ὀύ
701 377 766 463 γὰρ
802 376 897 461 ἡμεῖς
926 377 1182 462 μαρτυρήσομεν

168 485 337 570 ἀλλήλοις;
365 483 405 550 ού
433 483 498 568 γὰρ
524 477 622 550 ταῦθ’
654 479 795 567 ἑταίραν
822 479 891 548 έστλ
917 479 974 548 καὶ
1000 484 1123 568 φίλους
1147 484 1185 549 τί

168 586 288 656 δὲκαὶ
315 591 428 656 δεινόν
456 588 545 655 ἐστιν
573 581 621 654 ὧν
647 587 820 675 παρέξεται
847 589 929 653 κατὰ
958 597 1035 665 σοῦς
1061 589 1182 653 τυπτό-

167 698 270 781 μενάν
296 697 383 781 φασί
404 716 492 772 τινες
518 694 617 782 δράνς
643 693 737 779 ἡμεῖς
765 690 803 760 δὲ
825 691 903 780 μηδ’
929 689 1039 824 ἡμθαι
1059 695 1097 760 τὸ
1117 715 1182 758 πα·

168 800 277 887 ράπαν
308 801 571 888 μαρτυρήσομεν.
622 797 824 866 ἐκδεδύσθαι
857 801 921 865 θοί
918 798 1051 884 μάτιονς
1086 796 1176 866 τοῦτ’
1192 821 1266 872 1268
1323 800 1324 862 λ

168 905 316 983 ἐκείνους
343 904 525 993 προτέρους
552 902 767 990 πεποιηκέναι
794 903 889 989 ἡμεῖς
918 905 1182 991 μαρτυρήσομεν.
1321 914 1324 928 ’

166 1013 205 1079 τὸ
226 1017 335 1098 χεῖλος
353 1011 536 1099 έρράφθαις
558 1011 621 1095 τήν
639 1010 789 1095 κεφαλήν
807 1007 848 1076 δέ
862 1009 899 1094 γ’
917 1008 1011 1094 ἡμεῖς
1027 1009 1049 1095 ἣ
1067 1009 1182 1098 ἕτερόν

126 1137 199 1182 ιιτι
225 1115 419 1201 κατεαγέναι
445 1115 619 1203 φήσομεν.’
661 1114 746 1182 ἀλλὰ
772 1112 829 1182 καὶ
854 1115 1022 1202 μάρτυρας
1047 1117 1182 1204 ίατροδς

166 1222 359 1311 παρέχομαι.
398 1219 488 1290 τοῦτ’
514 1221 576 1289 ούκ
602 1224 694 1288 ἔστιν
722 1216 749 1287 ὦ
776 1222 897 1309 ἀνδρες
919 1220 1070 1288 δικασταὶ
1091 1223 1182 1310 παρὰ

167 1331 309 1408 τούτοις·
338 1329 401 1396 ὅσα
427 1329 492 1412 γὰρ
520 1331 565 1413 μή
594 1323 639 1394 δι’
671 1325 815 1412 ἑαυτῶν,
845 1327 985 1404 οὐδενὸς
1014 1327 1182 1416 μάρτυρος

167 1432 246 1501 καθ’
275 1436 371 1520 ἡμῶν
397 1433 652 1519 εὐπορήσουσιν.
691 1429 767 1518 ἡδ’
793 1428 848 1499 ἀπ’
874 1432 985 1500 αὐτῶν
1011 1429 1182 1518 ἑτοιμότης

168 1539 242 1606 οὐδ’
267 1539 310 1606 δν
333 1541 438 1605 εἰπεῖν
460 1539 506 1623 μά
534 1541 614 1616 τούς
640 1542 744 1616 θεοὺς
771 1541 937 1624 δυναίμην
963 1538 1025 1623 ὅση
1048 1536 1104 1604 καὶ
1125 1541 1181 1606 ολα

166 1646 250 1732 πρὸς
270 1646 308 1710 τὸ
331 1655 441 1710 ποιεῖν
464 1644 578 1710 ὁτιοῦν
600 1644 748 1731 ὑπάρχει.
784 1646 841 1711 ἵνα
863 1641 896 1711 δ’
917 1642 1027 1727 εἰδῆθ’
1047 1635 1103 1711 οἷα
1123 1644 1180 1713 καλ

169 1752 445 1836 διαπραττόμενοι
466 1748 711 1836 περιέρχονται,
734 1748 801 1835 λέγ’
828 1751 942 1828 αὐτοῖς
962 1749 1101 1817 ταυτασὶ
1122 1751 1180 1829 τὰς

168 1858 362 1943 μαρτυρίας,
384 1857 427 1922 σὺ
450 1853 483 1922 δ’
510 1854 644 1941 ἐπίλαβε
666 1857 704 1922 τὸ
726 1855 830 1943 ύδωρ.

568 2049 774 2104 mmm.

126 2192 153 2235 α
239 2176 379 2260 Τοίχους
413 2176 530 2240 τοίνυν
568 2175 795 2261 διορύττοντες
829 2171 886 2239 καλ
919 2178 1073 2252 παίοντες
1102 2177 1180 2253 τοὺς

166 2278 391 2364 ἀπαντῶντας,
414 2273 467 2366 ἀρ’
493 2279 537 2346 ἀν
560 2279 641 2365 ὑμῖν
670 2280 809 2364 ὀκνῆσαι
837 2281 995 2347 δοκοῦσιν
1017 2280 1054 2347 ἐν
1075 2304 1179 2368 γραμ-

166 2387 324 2476 ματειδίῳ
347 2387 388 2452 τὰ
408 2387 516 2470 ψευδῆ
544 2396 723 2472 μαρτυρεῖν
750 2384 906 2470 ἀλλήλοις
927 2386 963 2452 οί
981 2410 1179 2472 κεκοινωνη-

166 2495 259 2569 κότες
291 2492 453 2576 τοσαύτης
484 2489 541 2558 καὶ
573 2492 727 2576 τοιαύτης
759 2493 1096 2578 φιλαπεχθημοσύνης
1122 2491 1180 2559 καὶ

165 2600 327 2683 πονηρίας
348 2595 403 2662 καὶ
426 2595 601 2674 ἀναιδείας
620 2595 677 2662 καὶ
702 2597 843 2683 ύβρεωςς
869 2597 1062 2684 πάνταγὰρ
1084 2595 1175 2666 ταῦτ’

166 2698 270 2788 ἔμοιγ’
293 2701 331 2768 έν
353 2713 423 2779 τοῖς
445 2702 511 2770 ὑπὸ
532 2702 661 2769 τούτων
678 2700 914 2789 πραττομένοις
935 2701 1060 2769 ἐνεῖναι
1077 2705 1179 2770 δοκεῖ.

165 2811 273 2875 καίτοι
295 2805 351 2875 καὶ
373 2809 501 2875 τούτων
524 2805 609 2895 ἕτερ’
635 2805 706 2874 ἐστὶ
727 2806 939 2894 πεπραγμένα
959 2810 1090 2886 τούτοις
1111 2811 1179 2876 δει-

165 2917 296 3001 νότερα,
323 2908 397 2979 ἀλλ’
423 2912 518 2997 ἡμεῖς
546 2914 607 2999 οὐχ
634 2905 763 2979 οἷοίτε
790 2911 959 2998 γενοίμεθ’
985 2913 1029 2980 ἀν
1054 2915 1179 2994 πάντας

166 3019 312 3106 ἐξευρεῖν
334 3019 413 3095 τοὺς
434 3018 662 3104 ήδικημένους.

125 3142 153 3184 ⁸⁸
234 3122 282 3192 ⁰0
312 3128 430 3192 τοίνυν
465 3124 600 3191 πάντων
635 3123 872 3192 ἀναιδέστατον
907 3123 1039 3211 μέλλειν
1074 3127 1178 3194 αὑτὸν

166 3231 276 3298 ἀκούω
307 3243 435 3315 ποιεῖν,
463 3228 596 3316 βέλτιον
624 3234 747 3316 νομίζω
775 3242 946 3316 προειπεῖν
974 3231 1056 3317 ύμῖν
1082 3227 1178 3300 εἶναι.

165 3335 248 3423 φασὶ
278 3337 342 3424 γάρ
374 3336 668 3423 παραστησάμενον
702 3338 782 3414 τοὺς
811 3337 932 3415 παῖδας
961 3337 1065 3404 αὐτὸν
1094 3339 1179 3404 κατὰ

165 3444 293 3509 τούτων
315 3441 487 3527 ὀμεῖσθαι,
513 3438 570 3506 καλ
596 3440 678 3526 ἀράς
702 3465 795 3520 τινας
821 3442 934 3520 δεινάς
958 3440 1015 3513 καὶ
1035 3445 1178 3530 χαλεπάς

167 3546 390 3634 ἐπαράσεσθαι
412 3545 468 3614 καλ
489 3547 657 3631 τοιαύτας,
685 3547 757 3624 ολας
783 3546 932 3632 ἀκηκοώς
956 3546 998 3633 γέ
1020 3572 1071 3627 τις
1090 3555 1177 3614 θαυ-
