2654 3926
429 213 525 264 RATA
543 211 741 265 Στεοεαον
758 213 789 265 A.
1070 212 1111 274 91

103 371 225 451 κλέψας
257 373 318 438 ὅσα
349 379 414 437 νῦν
443 369 611 456 κέκτηται,
641 372 702 438 οὐκ
730 373 877 458 ὀφείλειν
903 368 1009 457 ταῦτ’,
1032 371 1115 438 άλλᾶ

64 501 90 544 ω
103 474 227 566 πατρῷ’
250 480 337 563 ἔχειν
353 476 490 560 ἡγεῖται.
525 481 632 544 καίτοι
649 480 732 563 πρὸς
748 485 852 563 θεῶν,
874 480 906 544 εί
922 476 1063 562 κλέπτην
1083 475 1114 542 σ’

104 583 233 667 άπηγον
265 583 309 660 ὡς
336 581 386 648 ἐπ’
412 584 595 673 αὐτοφώρῳ
628 585 817 669 [είληφώς],
847 584 909 668 την
933 583 1051 648 οὐσίαν
1072 583 1194 667 ἣν11εο

106 693 203 775 ἔχεις,
225 695 260 754 εί
277 709 348 765 πως
370 680 443 755 οἷόν
465 686 493 755 τ’
520 685 579 773 ἦν,
602 689 728 766 έπιῦείς
751 707 816 773 σοι,
839 685 908 755 εἶτά
932 687 962 754 α’
988 689 1116 773 ἠξίουν,

104 797 136 861 εί
147 797 191 880 μὴ
206 794 272 881 φῂς
289 793 501 880 ὑφῃρημένος
514 792 605 860 ταῦτ’
623 799 722 881 ἔχειν,
740 795 918 879 ἀναγαγεῖν
933 795 1015 861 ὅθεν
1029 801 1116 879 είλη-

2 913 10 929 '‘
104 925 184 986 φας,
210 903 258 977 είς
284 898 349 965 τίν’
375 899 418 967 άυ
447 897 519 965 αὕτ’
547 899 724 985 άνήγαγες;
748 902 824 967 οὔτε
847 901 911 986 γάρ
934 918 988 966 σοι
1009 902 1115 984 πατὴρ

102 1005 313 1092 παρέδωκεν,
345 1003 422 1072 οὔθ’
448 1003 559 1091 εὗρες,
590 1007 665 1072 οὔτε
694 1008 806 1090 λαβών
835 1013 943 1072 ποθεν
970 1007 1116 1071 άλλοῦεν

102 1109 206 1196 mes
224 1112 269 1189 ὡς
286 1110 383 1195 ἡμᾶς·
407 1111 575 1197 ῖίοῖαεοε
592 1108 656 1196 κᾶν
676 1110 836 1195 ἐωνήθης·
873 1107 939 1176 εἶθ’
965 1105 991 1200 95
1016 1113 1116 1195 διιο-

104 1222 160 1306 σίηι
182 1199 321 1303 προῖηκ
347 1214 402 1280 έπὶ
427 1227 497 1294 τοῖς
527 1214 755 1302 εἰργασμένοις
777 1216 956 1300 τεθνάναι,
988 1219 1048 1300 σὺ,
1079 1219 1116 1282 τὸ

104 1336 197 1410 σῶμα
216 1323 368 1400 σεσωκὼς
385 1320 442 1388 καὶ
459 1325 558 1388 πόλιν
578 1320 614 1387 έκ
632 1333 698 1387 τῖον
717 1321 885 1408 ἡμετέρων
909 1331 1019 1410 σαυτςῦ
1042 1346 1117 1406 κτη-

104 1432 258 1515 σάμενος,
279 1427 334 1495 καὶ
357 1429 477 1506 παῖδας
500 1427 665 1512 ἀδελφοὺς
687 1439 757 1505 τοῖς
780 1437 922 1495 σεαυτοῦ
945 1429 1118 1504 δεσπόταις

104 1530 259 1614 ἀξιωθεὶς
272 1537 487 1619 ποιήσασθαι,
509 1534 710 1619 παρεγράψω
729 1535 773 1618 μὴ
793 1535 1015 1618 εἰσαγώγιμον
1032 1529 1117 1599 εἶναι

104 1645 166 1726 τὴν
198 1643 295 1725 δίκην
325 1651 392 1707 τῶν
424 1637 677 1724 ἐγκαλουμένων
709 1640 885 1724 χρημάτων
916 1637 974 1724 ὑφ’
1007 1639 1116 1724 ημῶν;

63 1771 91 1810 εν
105 1744 176 1814 εἶτα
198 1757 304 1824 κακῶς
321 1746 406 1831 ἡμᾶς
423 1748 544 1830 έλεγες,
566 1743 621 1811 καὶ
643 1747 702 1812 τὸν
725 1743 885 1830 ἡμέτερον
907 1743 1019 1830 πατέρ’
1047 1743 1117 1827 ἐξή-

103 1857 194 1933 ταζες
212 1853 302 1928 ὅστις
319 1847 377 1936 ἧνς
400 1849 452 1937 ἐφ’
475 1844 525 1928 οἷς
542 1856 592 1928 τίς
610 1851 671 1918 οὐκ
689 1849 732 1916 άν
754 1846 780 1915 ὦ
803 1853 925 1936 ἄνδρες
943 1849 1117 1934 Ἀθηναῖοι
1237 1851 1241 1860 ’

6 2027 9 2050 2
103 1967 252 2047 χαλεπῶς
282 1961 436 2042 ἤνεγκενς
472 1957 536 2041 έγὼ
574 1958 649 2043 γὰρ,
681 1959 713 2022 εί
742 1956 875 2023 πάντων
906 1968 973 2022 τῶν
1005 1958 1116 2022 ἄλλων

103 2067 199 2151 ὑμῶν
217 2068 352 2130 ἔλαττον
370 2065 528 2148 προσήκει
551 2087 607 2147 μοι
630 2073 782 2148 φρονεῖν,
802 2064 923 2128 τούτου
945 2086 983 2145 γε
1006 2065 1116 2146 μεῖζον

105 2169 217 2256 οἶμαι,
241 2165 298 2235 καὶ
324 2169 430 2256 τούτῳ
457 2166 489 2251 γ’
517 2169 549 2232 εί
574 2169 716 2251 μηδενὸς
742 2179 808 2234 τῶν
836 2170 947 2233 άλλων
971 2171 1117 2251 ἔλαττον,

105 2267 189 2362 ἐμοῦ
211 2271 242 2358 γ’
270 2276 417 2339 ἔλαττον·
442 2274 549 2337 ὄντων
573 2273 636 2357 γάρ
658 2271 753 2355 ἡμῶν
774 2273 953 2355 τοιούτων,
982 2273 1118 2349 ὁποίους

103 2382 198 2458 τινάς
228 2379 270 2445 ὁὲν
302 2375 384 2460 [καὶ]
415 2379 457 2443 σὺ
486 2376 731 2462 κατασκευάσῃς
759 2387 804 2464 τῷ
833 2379 940 2465 λόγῳ,
970 2379 1011 2442 σὺ
1040 2379 1117 2444 δοῦ-

104 2495 163 2566 λος
185 2482 285 2571 ἦσθα.

63 2617 91 2657 ει
177 2594 266 2679 Τάχα
292 2593 409 2658 τοίνυν
436 2589 479 2654 άν
508 2595 587 2666 ἴσως
613 2587 668 2654 καὶ
696 2590 794 2654 τοῦτό
816 2611 866 2665 τις
888 2588 997 2654 αὐτῶν
1019 2595 1116 2676 εἴποι,

104 2703 149 2779 ὡς
170 2700 315 2785 ἀδελφὸς
337 2698 384 2763 ὢν
407 2696 485 2780 ε’μὸς
502 2701 672 2779 Πασικλῆς
694 2691 795 2761 οὐδὲν
817 2693 950 2778 ἐγκαλεῖ
968 2707 1035 2761 τῶν
1058 2697 1115 2762 αὐ-

103 2819 171 2873 τῶν
200 2807 306 2894 τούτῳ
335 2803 546 2890 πραγμάτων,
592 2800 656 2885 ἐγὼ
685 2799 714 2866 δ’
743 2796 768 2866 ὦ
801 2803 920 2886 ἄνδρες
944 2798 1116 2887 Ἀθηναῖοι

104 2909 248 2998 καὶπερὶ
262 2908 480 2992 Πασικλέους,
497 2908 782 2994 παραιτησάμενος
799 2905 854 2973 καὶ
872 2906 1005 2991 δεηθείς
1023 2909 1117 2992 ὑμῶν

106 3019 307 3102 συγγνώμην
326 3018 425 3101 ἔχειν,
446 3016 478 3080 εί
494 3015 734 3101 προεληλυθὼς
756 3015 803 3090 είς
820 3009 917 3079 τοῦθ’
944 3011 1028 3078 ὥσθ’
1050 3015 1116 3079 ὑπὸ

104 3135 173 3188 τῶν
192 3123 335 3208 έμαυτοῦ
354 3122 486 3188 δούλων
504 3117 678 3206 ὑβρισθεὶς
701 3119 742 3185 οὐ
765 3120 910 3203 δύναμαι
932 3131 1118 3204 κατασχεῖν,

106 3228 127 3294 ἃ
154 3227 234 3306 τέως
266 3223 345 3294 οὐδὲ
372 3238 438 3292 τῶν
466 3228 578 3292 άλλων
605 3229 772 3309 λεγόντων
799 3224 934 3290 άκούειν
964 3223 1117 3308 ἐδόκουν,

63 3355 91 3395 ει
105 3334 170 3422 έρῶ
206 3332 262 3400 καὶ
298 3333 339 3399 οὐ
371 3335 586 3416 σιωπήσομαι.
632 3330 697 3414 ἐγὼ
728 3332 792 3416 γὰρ
822 3331 1024 3415 ὁμομήτριον
1056 3326 1118 3413 μὲν

104 3439 254 3526 άὸελφὸν
277 3437 422 3523 ἐμαυτοῦ
439 3436 609 3502 Πασικλέα
627 3439 761 3520 νομίζω,
783 3437 984 3520 ὁμοπάτριον
1002 3432 1033 3498 δ’
1056 3436 1118 3499 οῦκ

103 3542 193 3632 οίὸα,
217 3542 351 3611 ὁέὸοικα
369 3541 481 3628 μέντοι
505 3544 548 3627 μὴ
572 3553 639 3608 τῶν
659 3545 855 3627 Φορμίωνος
877 3537 1194 3624 ἁμαρτημάτωνιιετ
