2650 3918
193 195 257 260 318
486 197 556 251 mx.
585 195 888 266 [Λειτουοοαονυ]

192 359 251 424 τδν
268 360 328 424 τὸν
347 355 514 442 Θεογένην
533 362 635 439 καλῶ,
659 353 714 421 καὶ
733 356 909 439 ἀναγκάσω
930 365 1119 441 μαρτυρεῖν.
1149 354 1207 420 κά-

193 467 243 530 λει
265 488 322 548 μοι
346 461 513 548 Θεογένην
530 460 669 550 Ἑρχιέα.

592 656 797 711 MAPTTPIAL

305 783 450 868 Θεογένης
468 778 601 867 Ἑρχιεύς
619 791 767 868 μαρτυρεῖ,
790 785 836 848 ὅτε
859 781 947 859 αδτδς
970 781 1128 865 ἐβασίλευε,
1150 792 1206 864 γῆ-

238 905 290 962 μαι
309 881 401 944 Φανδο
425 879 465 956 ὡς
483 881 642 961 Στεφάνου
663 871 756 942 οὖσαν
774 878 933 962 δυγατέρα,
955 878 1017 942 ἐπεὶ
1039 874 1072 941 δέ
1094 875 1207 966 ᾔσθετο

237 977 464 1060 ἐξηπατημένος,
486 979 541 1058 τήν
559 1000 588 1041 τε
605 976 770 1061 άνθρωπον
788 976 922 1059 ἐκβαλεῖν
942 977 993 1040 καλ
1014 975 1111 1040 ούκέτι
1134 994 1208 1040 συν·

237 1083 330 1140 οικεῖν
352 1077 444 1162 αύτῇ,
472 1075 523 1137 καί
544 1073 703 1155 Στέφανον
724 1074 867 1138 ἀπελάσαι
889 1072 948 1138 ἀπὸ
970 1083 1023 1156 τῆς
1044 1075 1208 1158 παρεδρίας

236 1175 287 1238 καλ
308 1174 363 1238 ούκ
385 1172 437 1236 ἐᾶν
460 1172 501 1236 ἔτι
522 1171 712 1256 παρεδρεύειν
734 1170 823 1257 αύτῷ.

150 1326 179 1370 8⁶
255 1308 351 1402 Aa&
381 1313 423 1395 δή
453 1334 509 1396 μοι
538 1313 597 1377 τὸν
626 1312 732 1395 νόμον
760 1307 813 1376 ἐπὶ
839 1310 968 1386 τούτοις
993 1307 1126 1378 τουτονὶ
1148 1309 1206 1377 καὶ

192 1416 385 1502 ἀνάγνωθι,
413 1414 458 1482 ἵν’
484 1417 592 1500 εἰδῆτε
619 1416 670 1482 ὅτι
699 1414 740 1482 ού
770 1417 875 1500 μόνον
904 1425 1070 1502 προσῆκεν
1099 1415 1206 1500 αὐτην
1314 1463 1315 1496 ς

192 1522 373 1610 ἀντέχεσθαι
394 1533 461 1588 τῶν
485 1521 584 1608 ἰερων
605 1522 734 1587 τούτων
753 1523 910 1605 τοιαύτην
932 1516 1037 1588 οὖσαν
1058 1519 1115 1587 καὶ
1136 1545 1206 1590 τοι·

193 1640 275 1695 αὕτα
298 1625 603 1712 διαπεπραγμένην,
630 1637 691 1693 τοῦ
714 1627 797 1713 δρᾶν
818 1625 874 1693 καὶ
895 1628 995 1694 θύειν
1016 1626 1071 1693 καὶ
1093 1640 1205 1696 ποιεῖν

191 1758 224 1800 τι
245 1745 312 1800 τῶν
333 1731 557 1818 νομιζομένων
584 1728 667 1817 ὑπὲρ
697 1743 754 1817 τῆς
775 1736 902 1810 πόλεως
924 1737 1089 1821 πατρίων,
1118 1734 1205 1800 ἀλλά

191 1838 245 1905 καὶ
275 1851 342 1905 τῶν
368 1840 479 1904 ἀλλων
507 1849 574 1906 τῶν
592 1836 776 1924 Ἀθήνησιν
806 1837 971 1906 ἁπάντων.
1016 1836 1069 1926 ἐφ’
1092 1833 1115 1926 ᾗ
1138 1842 1203 1926 γὰρ

191 1944 234 2011 άν
260 1948 373 2031 μοιχὸς
400 1944 469 2033 ἁλῷ
496 1949 646 2030 γυναικί,
676 1945 737 2012 οὐκ
761 1944 885 2025 ἔξεστιν
912 1947 994 2033 αὐτῇ
1018 1946 1132 2013 ἐλθεῖν
1156 1950 1205 2025 εἰς
1213 1965 1282 2017 13⁷4

192 2048 292 2118 ούδέν
314 2062 381 2118 τῶν
405 2053 504 2137 ἰερῶν
521 2062 589 2118 τῶν
607 2053 810 2137 δημοτελῶν,
833 2051 919 2129 εἰςδ
943 2049 999 2118 καί
1021 2054 1081 2138 τὴν
1104 2051 1205 2138 ξένην

190 2156 245 2224 καὶ
267 2160 328 2244 τὴν
351 2159 477 2243 δούλην
505 2157 619 2224 έλθεῖν
647 2157 801 2237 ἐξουσίαν
828 2159 949 2225 ἔδοσαν
972 2159 1008 2225 οἰ
1025 2162 1125 2245 νόμοι
1146 2158 1205 2226 καλ

150 2263 398 2351 εῖδεασομένηυ
433 2262 489 2331 καὶ
522 2265 755 2332 ἱκετεύσουσαν
785 2262 936 2331 εἰσιέναι·
972 2262 1056 2331 ἀλλά
1085 2268 1203 2350 μόναις

189 2373 321 2450 ταύταις
340 2370 606 2456 ἀπαγορεύουσιν
625 2371 661 2437 οἰ
679 2374 778 2456 νόμοι
795 2381 867 2449 ταῖς
884 2368 1016 2455 γυναιξὶ
1038 2373 1083 2456 μὴ
1105 2371 1203 2439 εἰσιέ-

188 2502 245 2544 ναι
271 2479 319 2555 εἰς
344 2477 384 2542 τά
413 2477 484 2563 ἰερδ
511 2477 551 2542 τά
582 2478 763 2562 δημοτελῆ,
796 2473 849 2563 ἐφ’
873 2471 895 2564 ᾗ
918 2476 961 2543 ἀν
983 2480 1098 2563 μοιχὸς
1120 2476 1202 2566 ἁλῷ,

189 2582 247 2648 ἐδν
271 2579 301 2647 δ’
328 2585 454 2648 εἰσίωσι
475 2580 531 2648 καλ
553 2593 780 2668 παρανομῶσι,
801 2581 954 2668 νηποινεὶ
974 2583 1114 2671 πάσχειν
1135 2583 1201 2651 ύπδ

187 2696 248 2753 τοῦ
275 2687 482 2772 βουλομένου
504 2688 524 2754 δ
545 2711 578 2753 τι
605 2687 648 2754 ἀν
674 2689 801 2776 πάσχη,
829 2690 917 2774 πλὴν
945 2689 1114 2774 θανάτου,
1145 2689 1202 2756 καὶ

188 2795 312 2859 ἔδωκεν
336 2794 354 2859 ὁ
376 2797 479 2879 νόμος
506 2796 568 2880 τὴν
596 2797 757 2882 τιμωρίαν
785 2791 869 2882 ύπέρ
900 2795 1009 2863 αύτων
1038 2804 1083 2885 τῷ
1107 2795 1201 2862 ἐντυ·

189 2902 290 2986 χόντι.
336 2899 391 2965 διδ
413 2909 510 2967 τοῦτο
538 2898 570 2966 δ’
598 2900 751 2988 ἐποίησεν
774 2901 793 2969 δ
814 2904 918 2986 νόμος
939 2902 1027 2986 πλὴν
1048 2903 1200 2971 θανάτου

187 3001 290 3072 τᾶλλα
312 3005 531 3091 ὑβρισθεῖσαν
553 3007 658 3091 αὐτὴν
685 3009 840 3093 μηδαμοῦ
868 3011 982 3093 λαβεῖν
1004 3009 1117 3094 δίκην,
1144 3010 1202 3076 ἵνα

188 3113 231 3196 μὴ
255 3111 419 3196 μιάσματα
441 3109 518 3196 μηδ
547 3111 735 3198 ἀσεβήματα
760 3116 912 3198 γίγνηται
936 3113 973 3180 έν
994 3125 1065 3192 τοῖς
1087 3115 1199 3200 ἰεροῖς,

189 3218 303 3283 ἰκανὸν
326 3219 434 3304 φόβον
455 3229 527 3296 ταῖς
548 3217 682 3302 γυναιξὶ
707 3219 963 3306 παρασκευάζων
984 3229 1045 3287 τοῦ
1068 3236 1200 3308 σωφρο-

186 3333 259 3390 νεῖν
285 3319 340 3390 καὶ
368 3319 472 3408 μηδὲν
500 3322 717 3410 ἁμαρτάνειν,
744 3323 828 3390 ἀλλὰ
856 3326 991 3404 δικαίως
1019 3328 1200 3413 οἰκουρεῖν,

187 3429 354 3496 διδάσκων
377 3429 437 3514 ὡς,
466 3431 562 3496 ἀντι
590 3428 717 3516 ἁμάρτῃ
743 3441 913 3517 τοιοῦτον,
935 3432 1003 3517 ἅμα
1025 3434 1062 3498 ἀι
1082 3455 1118 3498 τε
1140 3442 1200 3518 τῆς

187 3535 291 3612 οἰκίας
308 3545 369 3602 τοῦ
387 3535 508 3621 ἀνδρὸς
527 3534 747 3621 ἐκβεβλημένη
767 3538 857 3603 ἔσται
874 3533 929 3603 καὶ
953 3537 1074 3604 ἐκτῶν
1098 3538 1199 3625 ἱερῶν
