2650 3918
189 193 254 258 348
493 195 564 246 τεο.
588 189 892 264 [mmmm]

189 352 450 440 προσδέχεσθαι,
481 349 537 418 καὶ
568 362 636 417 τῶν
667 347 874 417 πεισθέντων
905 350 1050 426 τούτοις·
1082 347 1105 433 ή
1137 349 1203 433 γάρ

189 461 272 544 πρὸς
299 459 396 544 χάριν
426 458 607 542 ὁμιλοῦντα
634 471 703 534 τοῖς
724 457 883 542 φαύλοις,
912 455 1093 540 ἀναγκαῖον
1115 449 1204 519 εἶναι
1311 548 1314 562 .

191 565 431 648 διαβάλλεσθαι
462 565 550 649 παρά
581 571 651 640 τοῖς
680 567 835 647 πολλοῖς,
866 559 888 646 ῆ
920 559 1204 644 διευλαβούμενον

186 670 248 746 ,τάς
269 670 421 746 τοιαύτας
448 668 649 753 ἐπιπλήξεις,
675 664 732 734 ὑπ’
759 667 869 733 αὐτῶν
897 677 963 732 τῶν
986 663 1206 751 ἐντυγχανόν-

152 793 177 835 ιε
191 798 257 839 των
290 776 567 860 δυσχεραίνεσθαι
599 777 806 859 συμπίπτειν.
855 771 920 857 ἐγὼ
952 767 990 836 δὲ
1017 771 1074 835 διά
1104 781 1232 836 τοῦτο-

190 879 246 947 καὶ
269 885 397 966 μᾶλλον
420 875 515 964 οἶμαί
529 896 568 944 σε
587 881 660 944 δεῖν
682 878 907 962 ἐγκωμιάζειν,
930 877 1070 943 ὅτιτῶν
1093 877 1205 942 ἀλλων

192 986 372 1052 ἐντατῶν
395 984 570 1051 ἀδυνάτων
598 983 761 1069 οἰομένων
784 979 870 1050 εἶναι
896 985 934 1049 τὸ
957 994 1026 1060 τοῖς
1048 981 1204 1047 ἁπάντων

191 1094 326 1178 τρόποις
340 1090 503 1178 ἀρέσκειν,
526 1092 568 1157 σὺ
583 1100 722 1158 τοσοῦτο
742 1091 895 1172 [τούτων]
917 1090 1101 1173 διήνεγκας,
1119 1089 1203 1153 ὥστε
1215 1105 1285 1156 1407

191 1203 434 1284 τῶνχαλεπῶν
456 1194 511 1263 καὶ
539 1198 712 1262 δυσκόλων
739 1195 894 1262 ἁπάντων
915 1199 1204 1280 περιγεγενῆσθαι,
1244 1191 1250 1203 “

192 1313 253 1370 τοῦ
279 1300 341 1389 μὲν
359 1301 668 1388 συνεξαμαρτάνειν
694 1299 783 1367 τισὶν
810 1298 882 1367 οὐδ’
909 1300 1057 1379 ὑποψίαν
1084 1299 1233 1378 ἐνδούς.

191 1420 261 1487 τοῖς
289 1410 420 1492 ἀλλοις,
451 1417 509 1492 τῆς
539 1404 577 1473 δὲ
602 1409 686 1494 πρὸς
712 1407 834 1483 αύτούς
860 1408 1052 1492 δυσχερείας
1073 1415 1113 1492 τῆ
1134 1417 1203 1471 τῶν

154 1535 179 1576 εο
192 1517 325 1601 τρόπων
347 1513 547 1600 εὐαρμοστία
571 1515 743 1599 κρατήσας.
787 1510 871 1598 πρὸς
891 1515 1007 1577 τοίνυν
1029 1515 1107 1590 τοὺς
1130 1511 1205 1599 ἐρα-

193 1619 282 1702 στάς,
305 1620 336 1683 εί
356 1619 419 1703 χρῆ
441 1615 497 1683 καὶ
520 1616 595 1704 περὶ
617 1619 745 1684 τούτων
767 1620 884 1703 εἰπεῖν,
909 1618 996 1683 οὕτω
1018 1624 1126 1695 καλῶς
1147 1641 1204 1702 μοι

194 1725 302 1800 δοκεῖς
319 1722 375 1788 καὶ
394 1725 577 1809 σωφρόνως
594 1723 735 1808 ὁμιλεῖν,
757 1725 840 1790 ὥστε
858 1735 924 1789 τῶν
941 1728 1106 1790 πλείστων
1124 1722 1200 1792 οὐδ’

193 1828 233 1894 ὃν
256 1827 299 1894 ἀν
325 1825 530 1914 προέλωνται
562 1833 701 1915 μετρίως
730 1828 876 1914 ἐνεγκεῖν
905 1827 1120 1914 δυναμένων,
1149 1829 1205 1896 σοὶ

192 1941 273 2000 πᾶσι
291 1931 368 2000 καθ’
390 1934 579 2021 ὑπερβολήν
598 1933 750 2021 ἀρέσκειν
774 1935 991 2021 συμβέβηκεν.
1026 1935 1123 2019 ὁτῆς
1145 1945 1206 2020 σῆς

193 2039 310 2127 ἀρετῆς
323 2053 461 2127 σημεῖον
474 2040 713 2128 ἐναργέστατόν
727 2042 827 2109 ἐστιν.
858 2037 907 2108 ὧν
920 2038 982 2127 μέν
995 2043 1059 2128 γὰρ
1073 2044 1203 2108 δίκαιον

193 2145 248 2213 καὶ
261 2150 377 2232 καλόν,
399 2146 510 2225 οὐδεὶς
528 2150 665 2234 ἀμοιρος
678 2149 788 2215 αὐτῶν
801 2149 889 2234 παρά
908 2159 970 2214 σοῦ
987 2141 1204 2233 καθέστηκεν·

194 2252 215 2318 ά
237 2249 269 2317 δ’
292 2254 340 2329 είς
361 2255 523 2340 αἰσχύνην
540 2254 624 2339 ήκει,
645 2256 774 2320 τούτων
798 2250 870 2320 οὐδ’
893 2256 941 2332 είς
963 2252 1068 2320 ἐλπίδ’
1095 2253 1205 2332 οὐδεὶς

194 2362 334 2446 ἔρχεται·
363 2361 529 2445 τοσαύτην
557 2370 627 2436 τοῖς
657 2356 719 2444 μὲν
750 2369 817 2426 τῶν
848 2363 1028 2445 βελτίστων
1051 2359 1204 2446 ὀρεγομέ-

193 2489 266 2544 νοις
298 2464 470 2550 ἐξουσίαν,
500 2474 570 2541 τοῖς
599 2462 632 2530 δ’
660 2464 957 2551 ἀποθρασύνεσθαι
987 2465 1205 2552 βουλομένοις

155 2593 180 2632 ιι
193 2569 354 2655 ἀτολμίαν
376 2571 397 2656 ῆ
420 2572 462 2655 σή
489 2571 693 2657 σωφροσύνη
719 2574 972 2658 παρεσκεύακεν.
1011 2573 1061 2638 ἐτι
1089 2576 1204 2639 τοίνυν

193 2687 261 2741 τῶν
281 2680 446 2742 πλείστων
469 2676 505 2742 ἐκ
527 2685 585 2761 τῆς
607 2685 747 2761 σιωπῆς,
770 2677 849 2743 ὅταν
872 2672 934 2742 ὦσι
955 2673 1042 2762 νέοι,
1064 2679 1125 2763 τήν
1148 2688 1205 2762 τῆς

195 2783 413 2867 σωφροσύνης
435 2782 536 2861 δόξαν
554 2783 773 2869 θηρωμένων,
796 2783 839 2848 σὺ
860 2793 1021 2850 τοσοῦτον
1042 2793 1082 2870 τῆ
1103 2785 1203 2870 φύσει

195 2889 398 2972 διενήνοχας,
421 2884 497 2952 ὥστ’
525 2886 558 2966 ἐξ
581 2881 629 2954 ὧν
647 2885 753 2972 λέγεις
772 2884 829 2954 καί
852 2888 977 2973 ὁμιλεῖς
997 2900 1067 2967 τοῖς
1089 2887 1203 2974 ἐντυγ-Ι

194 2993 334 3080 χάνουσι
361 2987 465 3077 μηδὲν
492 2991 613 3058 ἐλάττω
640 2995 702 3078 τήν
728 2991 804 3080 περὶ
831 2997 972 3061 σεαυτὸν
998 2994 1152 3074 εὐδοξίαν
1181 2995 1203 3079 ή

196 3101 251 3166 διὰ
279 3099 386 3165 πάντα
414 3099 454 3164 τά
483 3099 581 3165 λοιπά
609 3107 825 3184 πεποιῆσθαι·
854 3102 995 3185 τοσαύτη
1018 3102 1125 3166 πειθὼ
1147 3098 1204 3166 καὶ

194 3206 287 3291 χάρις
308 3202 369 3270 καί
387 3203 423 3270 ἐν
446 3196 496 3282 οἷς
525 3206 718 3284 σπουδάζεις
740 3204 812 3271 ἐστί
835 3220 897 3271 σου
920 3202 975 3271 καὶ
998 3202 1035 3271 ἐν
1058 3198 1107 3284 οἷς
1128 3210 1203 3272 παί-

196 3315 266 3391 ζεις.
302 3308 357 3376 παλ
370 3311 433 3397 γάρ
448 3311 573 3396 εὐήθης
587 3309 830 3397 ἀναμαρτήτως,
847 3309 903 3377 καὶ
921 3312 1031 3388 δεινὸς
1047 3311 1089 3378 ού
1106 3335 1203 3378 κακο-

194 3421 302 3500 ήθως,
331 3415 386 3484 καὶ
416 3417 655 3502 φιλάνθρωπος
675 3416 891 3503 ἐλευθερίως,
919 3415 1033 3483 καὶτὸ
1056 3417 1203 3484 σύνολον

194 3531 343 3598 τοιοῦτος
364 3517 406 3607 εί,
429 3513 499 3598 οἷος
520 3521 562 3587 ἀν
585 3519 618 3600 ἐξ
637 3519 768 3608 Ἀρετῆς
790 3523 863 3599 υίὸς
876 3520 1005 3608 Ἔρωτι.
1017 3520 1157 3605 γένοιτο.
