2656 3926
458 182 646 240 IIPOOIMIA.
673 187 805 238 L-LIII.
1072 185 1136 250 397

130 339 223 418 τέλος
254 339 343 406 ταῦτ’
371 343 457 428 ἔχειν
479 341 507 426 ή,
523 343 621 428 τύχη,
650 340 705 408 καὶ
735 345 771 409 τὸ
801 342 932 430 βέλτιον
960 355 1025 412 νῦν
1054 344 1139 430 ὑμᾶς

129 457 272 532 φρονεῖν
295 447 316 531 ή
338 445 385 514 ὅτ’
408 445 558 534 έξήχθητ’
581 448 646 516 ὑπὸ
668 449 807 530 τούτων,
829 447 939 534 γέγον’
962 457 1059 516 αίτια.
1097 452 1138 517 οὐ

129 554 196 638 μήν
218 549 292 620 ἀλλ’
319 551 414 641 ἔγωγ’
441 554 529 620 οὕτω
555 557 669 640 πόρρω
697 557 818 639 νομίζω
846 557 908 640 τήν
930 559 1029 622 πόλιν
1051 551 1138 628 εἶναι

128 669 189 726 τοῦ
209 660 306 750 δίκην
324 661 412 745 παρὰ
429 670 497 726 τῶν
516 658 723 726 ἀδικούντων
745 661 938 746 λαμβάνειν,
961 660 1038 754 ὥστ’
1059 661 1138 748 ἀγα-

129 766 234 847 πητὸν
264 760 353 831 εἶναί
378 788 435 850 μοι
466 766 575 850 δοκεῖ,
605 765 647 832 ἀν
676 765 765 843 ὅπως
786 767 830 851 μή
854 771 1008 833 πείσεσθε
1031 779 1138 847 κακῶς

130 871 279 955 δύνησθε
307 869 545 956 φυλάττεσθαι·
577 881 734 938 τοσαῦται
764 869 877 958 τέχναι
907 869 962 937 καὶ
992 883 1137 957 γοητεῖαι

128 973 184 1042 καὶ
211 975 296 1053 ὅλως
324 975 500 1062 ὑπηρεσίαι
528 974 616 1053 τινές
644 978 729 1042 εἰσιν
756 974 808 1062 ἐφ’
834 977 919 1062 ὑμᾶς
944 997 1137 1046 κατεσκευα-

129 1078 255 1165 σμέναι.
299 1089 357 1165 τής
385 1075 447 1164 μὲν
477 1075 540 1147 οὖν
568 1082 696 1148 τούτων
726 1086 841 1160 κακίας
870 1083 931 1150 οὐκ
958 1083 1000 1150 ἀν
1028 1083 1065 1150 έν
1090 1094 1135 1174 τῷ

127 1190 268 1272 παρόντι
290 1210 340 1263 τις
363 1185 400 1252 έν
419 1184 528 1253 δέοντι
547 1186 686 1272 μάλιστα
704 1193 950 1276 κατηγορήσειε·
973 1190 1137 1274 βούλομαι

128 1291 159 1359 δ’
186 1289 270 1378 ὑπὲρ
293 1285 342 1358 ὧν
365 1289 516 1376 ἀνέστην,
538 1291 560 1358 ἀ
581 1296 703 1378 νομίζω
726 1292 943 1380 συμφέροντ’,
964 1297 1079 1362 εἰπεῖν.

595 1490 668 1554 ΝΓ.

189 1605 240 1674 Ἡ
255 1604 317 1693 μὲν
340 1611 480 1676 εἰωθυῖα
501 1611 607 1676 πάντα
625 1613 684 1677 τὸν
702 1615 826 1698 χρόνον
848 1611 1006 1696 βλάπτειν
1028 1608 1055 1680 ὦ
1079 1614 1136 1698 άν-

128 1721 205 1802 δρες
230 1712 404 1800 Ἀθηναῖοι
432 1717 494 1801 τήν
522 1720 622 1782 πόλιν
651 1719 803 1803 λοιδορία
829 1717 884 1784 καὶ
911 1721 1052 1805 ταραχή,
1079 1717 1136 1784 καὶ

54 1851 57 1858 ’
126 1818 206 1888 νυνὶ
231 1819 368 1905 γέγονεν
395 1823 483 1907 παρδι
509 1833 575 1888 τῶν
603 1822 712 1889 αὐτῶν
741 1817 849 1909 ὧνπερ
877 1823 936 1890 ἀεί.
981 1824 1075 1904 ἀξιον
1098 1822 1132 1889 δ’

127 1929 189 2014 οὐχ
212 1927 299 1992 ούτω
320 1928 450 2002 τούτοις
477 1925 663 2011 ἐπιτιμῆσαι
692 1925 785 2014 (ῖσως
811 1930 874 2014 γάρ
898 1928 980 2014 ὀργή
1002 1928 1058 1994 καὶ
1079 1953 1134 2014 φι-

128 2035 259 2118 λονικίᾳ
285 2041 387 2098 ταῦτα
414 2031 610 2117 πράττουσι,
640 2030 695 2097 καὶ
722 2035 761 2098 τὸ
787 2031 941 2117 μέγιστον
969 2033 1135 2119 ἁπάντων,

120 2139 180 2204 -ὅτι
202 2135 362 2222 συμφέρει
384 2146 485 2203 ταῦτα
506 2147 614 2204 ποιεῖν
636 2135 764 2224 αὐτοῖς)
791 2135 863 2204 ἀλλ’
889 2139 986 2225 ὑμῖν,
1008 2142 1040 2204 εί
1059 2139 1134 2225 περὶ

127 2253 250 2310 κοινῶν
278 2238 304 2308 ἀ
332 2242 451 2328 ἀνδρες
473 2239 646 2326 Ἀθηναῖοι
672 2243 874 2330 πραγμάτων
900 2242 955 2310 καὶ
981 2245 1211 2329 μεγάλωνιεόε

129 2346 392 2432 συνειλεγμένοι,
417 2348 475 2425 τάς
502 2348 588 2424 ίδίας
615 2349 783 2434 λοιδορίας
805 2347 1008 2435 ἀκροώμενοι
1029 2351 1134 2434 κάθη-

129 2461 208 2539 σθε,
238 2451 294 2519 καὶ
320 2451 361 2518 οὐ
388 2453 537 2518 δύνασθε
563 2455 646 2539 πρὸς
676 2453 762 2539 ὑμᾶς
788 2454 909 2531 αὐτοὺς
935 2458 1134 2538 λογίσασθαι

126 2558 242 2644 τοῦθ’,
259 2560 310 2626 ὅτι
328 2558 365 2624 αί
379 2569 447 2623 τῶν
465 2557 615 2645 ρητόρων
634 2557 789 2626 ἀπάντων
807 2561 887 2625 ἀνευ
901 2563 1038 2646 κρίσεως
1050 2565 1134 2648 πρὸς

126 2669 290 2753 ἀλλήλους
308 2665 483 2750 λοιδορίαι,
501 2658 548 2730 ὧν
566 2662 609 2730 ἀν
627 2663 792 2750 ἀλλήλους
808 2663 1030 2753 ἐξελέγξωσιν,
1047 2667 1133 2753 ὑμᾶς

127 2776 184 2850 τάς
205 2773 353 2848 εύθύνας
375 2772 507 2836 διδόναι
528 2779 672 2837 ποιοῦσι.
716 2772 802 2856 πλήν
821 2772 883 2858 γάρ
903 2778 981 2848 ῖσως
998 2773 1132 2858 ὀλίγων,

127 2880 183 2945 ἵνα
205 2881 249 2963 μή
268 2879 391 2955 πάντας
409 2883 502 2960 εῖπω,
525 2873 636 2952 οὐδεὶς
653 2876 762 2942 αὐτῶν
781 2877 896 2963 άτερος
913 2877 1044 2968 θατέρῳ
1062 2874 1132 2947 stoc?

4 3057 6 3068 Α
128 2985 285 3069 δωρεῖται,
307 2985 363 3049 ἵνα
385 2980 518 3066 βέλτιόν
539 3004 571 3046 τι
593 2992 660 3048 τῶν
676 2980 845 3068 ὑμετέρων
862 2987 1027 3068 γίγνηται·
1051 2989 1130 3051 πολ-

4 3071 6 3100 ’
128 3093 190 3156 λοῦ
216 3110 255 3172 γε
279 3085 335 3152 καὶ
361 3090 428 3154 δεῖ·
451 3085 522 3152 ἀλλ’
550 3083 610 3172 ἵν’,
633 3087 655 3154 δ
676 3088 745 3154 τὸν·
758 3088 852 3153 δεῖνά
874 3105 956 3174 φησι
978 3089 1126 3158 ποιοῦντ’

10 3267 20 3292 .
127 3194 169 3261 ἀν
193 3193 252 3281 δέη
275 3191 434 3259 δεινότατ’
461 3192 651 3280 ἀνθρώπων
672 3204 794 3278 ποιεῖν,
814 3192 903 3260 ταῦτ’
931 3195 1029 3272 αὐτὸς
1050 3199 1130 3281 μετά

102 3305 279 3378 ιπλείονος
296 3299 433 3384 ἡσυχίας
451 3299 693 3386 διαπράττηται.
725 3299 775 3366 ὅτι
792 3296 824 3366 δ’
842 3299 928 3367 οὕτω
946 3299 1036 3366 ταῦτ’
1053 3305 1130 3387 ἔχει,

126 3409 170 3492 μή
195 3405 267 3492 ἐμοὶ
289 3404 493 3490 πιστεύσητε,
521 3403 592 3472 ἀλλ’
620 3404 657 3472 έν
679 3409 797 3492 βραχεῖ
816 3408 1005 3489 λογίσασθε.
1042 3411 1130 3474 ἔστιν

119 3513 209 3592 Δύποο
232 3537 281 3590 τις
303 3511 444 3587 ἀναστάς
466 3505 535 3578 εἶπε
557 3507 632 3598 παρ’
652 3501 739 3596 ’ὑμῖν
762 3511 891 3579 πώποτε
915 3511 1131 3595 ’βουλόμενός
