2658 3922
494 214 590 265 xm
607 213 792 266 Κοωαωοε.
1082 209 1146 276 217
1279 174 1283 181 ’

132 371 344 438 ἐλωποδύτει.
380 373 413 439 εί
433 369 472 439 δὲ
494 374 539 458 μη
562 374 644 438 κατὰ
664 374 803 450 τούτους
814 369 1033 459 προειλόμεθ’
1054 370 1148 457 ἡμεῖς

133 479 231 562 δίκην
260 477 458 563 λαμβάνειν,
486 479 581 564 ἡμεῖς
609 475 671 563 μεν
700 477 909 565 ἀπράγμονες
936 476 992 544 καὶ
1021 475 1147 564 μέτριοι

92 601 120 642 ει
133 579 325 668 φαινοίμεθ’
347 581 390 650 ἀν
412 586 557 669 εἰκότως,
580 579 678 662 οὗτος
700 580 732 650 δ’
760 585 881 669 ὁμοίως
902 586 1057 668 πονηρός.
1092 580 1148 648 καὶ

134 690 200 774 μὴν
221 691 253 754 εί
273 695 397 756 παθεῖν
423 692 459 756 τί
482 713 540 774 μοι
567 688 708 775 συνέβη,
735 692 844 775 φόνου
872 686 927 756 καὶ
949 699 1017 756 τῶν
1039 691 1148 756 δεινο·

133 795 241 862 τάιων
266 794 309 862 ἀν
335 789 379 880 ἣν
404 795 574 873 ὑπόδικος.
621 797 680 862 τὸν
706 805 791 880 γοῦν
817 803 876 880 τῆς
900 798 1148 883 Βραυρωνόθεν

135 901 254 987 ἱερείας
279 898 389 988 πατέρ’
422 898 698 986 ὁμολογουμένως
725 901 785 988 οάχ
813 899 984 986 ἀγάμενον
1010 911 1070 968 τοῦ
1097 925 1147 966 τε·

134 1009 364 1092 λευτήσαντος,
387 1005 438 1072 ὅτι
459 1015 504 1094 τῷ
526 1004 706 1085 πατάξαντι
724 1005 858 1072 τύπτειν
874 1008 1147 1092 παρεκελεύσατο,

133 1107 257 1197 ἐξέβαλ’
281 1111 302 1195 ἡ
325 1113 431 1197 βουλὴ
453 1111 474 1194 ἡ
498 1109 531 1190 έξ
551 1107 682 1197 Ἀρείου
702 1111 823 1195 πάγου.
859 1113 1009 1190 δικαίως·
1031 1113 1064 1178 εί
1084 1115 1147 1200 γάρ

133 1216 170 1282 οί
186 1220 348 1304 παρόντες
370 1213 445 1282 ἀντὶ
467 1226 527 1283 τοῦ
549 1217 692 1282 κωλύειν
719 1218 798 1293 τοὺς
820 1213 841 1299 ἢ
865 1210 909 1280 δι’
937 1210 1032 1285 οἶνον
1054 1218 1075 1304 ἢ
1099 1215 1145 1284 δι”

132 1324 237 1409 ὀργὴν
263 1324 285 1408 η
311 1319 374 1389 τιν’
406 1323 512 1406 ἀλλην
543 1325 653 1388 αἰτίαν
680 1320 916 1408 ἐξαμαρτάνειν
944 1321 1148 1411 ἐπιχειροῦν-

130 1453 189 1508 τας
210 1426 306 1496 αὐτοὶ
328 1427 586 1516 παροξυνοῦσιν,
609 1424 740 1514 οὐδεμί’
763 1425 855 1494 ἐστὶν
874 1411 968 1506 έλπάς
985 1433 1148 1516 σωτηρίας

131 1545 176 1624 τῷ
194 1538 425 1623 περιπίπτοντι
442 1546 511 1612 τοῖς
534 1535 802 1619 ἀσελγαίνουσιν,
821 1531 894 1601 ἀλλ’
917 1523 979 1612 ἕως
996 1533 1039 1600 ἂν
1057 1534 1149 1601 ἀπεί-
1281 1552 1284 1557 ·

132 1660 251 1728 πωσιν,
273 1641 469 1729 ὑβρίζεσθαι
491 1641 642 1728 ὑπάρξει·
666 1641 747 1728 ὅπερ
771 1639 845 1727 έμοὶ
868 1639 1001 1727 συνέβη.

93 1764 121 1806 ιε
194 1744 234 1813 “A
250 1751 378 1832 τοίνυν,
396 1744 451 1814 ὅδ’
473 1746 494 1831 ἡ
518 1745 615 1814 δίαιτ’
638 1743 792 1832 έγάγνεά,
815 1746 963 1832 έποίουν,
984 1747 1148 1833 βούλομαι
1157 1763 1226 1814 ιῖοο

131 1856 214 1940 πρὸς
235 1853 322 1939 ὑμᾶς
346 1855 466 1920 εἰπεῖν·
493 1851 550 1920 καὶ
576 1855 640 1940 γὰρ
668 1851 706 1919 έκ
731 1853 861 1919 τούτων
886 1854 948 1938 την
975 1849 1149 1938 ἀσέλγειαν

132 1957 291 2026 θεάσεσθ’
329 1958 448 2025 αὐτῶν.
495 1957 654 2044 ἐποίησαν
686 1955 747 2042 μὲν
780 1957 842 2037 ἔξω
874 1956 986 2043 μέσων
1016 1969 1148 2025 νυκτῶν

132 2068 194 2149 τὴν
216 2066 324 2147 ὤραν,
346 2064 422 2129 οὔτε
444 2064 503 2140 τὰς
524 2068 706 2149 μαρτυρίας
727 2063 991 2148 ἀναγιγνώσκειν
1013 2062 1149 2130 έδέλον-

133 2193 196 2249 τες,
224 2166 292 2236 οὔτ’
320 2167 506 2254 ἀντίγραφα
535 2169 684 2252 διδόναι,
711 2179 779 2235 τῶν
806 2191 841 2234 τε
868 2170 1043 2255 παρόντων
1069 2167 1150 2252 ἡμῖν

136 2273 212 2341 καθ’
248 2271 295 2340 ἕν’
330 2271 453 2339 οὑτωσὶ
481 2275 564 2361 πρὸς
591 2276 652 2340 τὸν
681 2277 782 2339 λίθον
811 2275 947 2357 ἄγοντες
975 2271 1032 2339 καὶ
1060 2272 1149 2358 ἐξορ-

134 2390 283 2462 κοῦντες,
303 2377 360 2446 καὶ
381 2379 567 2465 γράφοντες
584 2383 765 2465 μαρτυρίας
783 2375 884 2446 οὐδὲν
904 2381 987 2466 πρὸς
1008 2379 1046 2445 τὸ
1068 2387 1150 2463 πρῦ-
1175 2437 1177 2442 .

134 2511 218 2572 γμα,
247 2483 318 2551 ἀλλ’
345 2483 379 2565 έξ
410 2481 540 2571 ἑταίρας
568 2479 654 2551 εἶναι
682 2486 819 2551 παιδίον
849 2483 937 2574 αὐτῷ
967 2494 1065 2551 τοῦτο
1095 2482 1150 2549 καὶ

134 2589 401 2659 πεπονθέναοπὰ
422 2588 478 2658 καὶ
500 2590 557 2674 τά,
579 2589 601 2656 ἀ
622 2591 669 2675 μδ
691 2593 894 2667 τοῦςςδεοῦς
916 2590 1036 2677 ἀνδρες
1058 2591 1150 2656 δικα-

135 2696 209 2765 σταὶ
223 2695 334 2774 οὐδεὶς
346 2696 437 2774 ὅστις
456 2695 518 2762 οὐκ
538 2695 673 2781 ἐπετίμα
690 2705 758 2762 τῶν
775 2698 950 2782 παρόντων
963 2693 1020 2761 καὶ
1032 2694 1150 2780 ἐμίσει,

95 2822 121 2863 2⁷
136 2809 350 2880 τελευτῶντες
368 2799 405 2869 δε
423 2799 479 2868 καὶ
497 2798 592 2868 αὐτοὶ
610 2799 758 2878 ἑαυτούς.
794 2800 908 2888 ἐπειδη
931 2799 962 2868 δ’
989 2796 1052 2868 οὖν
1073 2799 1145 2868 ποτ’

137 2909 276 2976 ἀπεῖπον
289 2907 567 2992 κάνεπλήσθησαν
585 2917 688 2974 ταῦτα
705 2915 888 2993 ποιοῦντες,
906 2911 1151 2994 προκαλοῦνται

4 3077 5 3088 ,
137 3014 191 3081 ἐπὶ
218 3015 408 3100 διακρούσει
436 3011 491 3079 καὶ
518 3022 563 3101 τῷ
591 3014 636 3099 μη
664 3019 878 3098 σημανθῆναι
903 3016 981 3090 τοὺς
1009 3011 1151 3099 έγίυους,

138 3120 268 3188 ἐθέλειν
295 3118 452 3186 ἐκδοῦναι
478 3116 554 3205 περὶ
581 3129 649 3186 τῶν
674 3123 811 3203 πληγῶν
837 3121 972 3204 παῖδας,
1005 3119 1151 3203 ὀνόματα

137 3227 330 3312 γράψαντες.
374 3222 430 3290 καὶ
458 3233 523 3291 νῦν
555 3220 646 3310 οἶμαι
677 3223 753 3313 περὶ
784 3223 873 3292 τοῦτ’
906 3228 1042 3293 ἔσεσθαι
1073 3227 1152 3302 τοὺς

137 3335 282 3410 πολλοὺς
302 3342 368 3396 τῶν
391 3332 501 3413 λόγων
523 3331 647 3408 αὐτοῖς.
680 3329 748 3415 ἐγὼ
767 3327 797 3396 δ’
820 3326 911 3416 οἶμαι
934 3332 1007 3395 δεῖν
1028 3329 1151 3404 πάντας

138 3439 223 3523 ὑμᾶς
245 3437 353 3504 έκεῖνο
377 3447 528 3520 σκοπεῖν,
556 3436 607 3502 ὅτι
630 3432 739 3520 οὗτοι,
765 3439 797 3502 εί
821 3445 882 3502 τοῦ
907 3432 1064 3519 γενέσθαι
1090 3433 1150 3514 τὴν

138 3544 287 3625 βάσανον
317 3541 414 3608 ἕνεκα
447 3542 698 3622 προύκαλοῦντο
732 3539 930 3606 κάπίστευου
959 3547 1003 3623 τῷ
1034 3538 1150 3622 δικαίῳ
