2658 3922
454 192 549 244 ΚΑΤΑ
568 190 787 245 ΘΕΟΚΡΙΝΟΤ.
1059 185 1126 250 273

113 352 262 433 φαίνειν,
284 351 316 415 εί
332 351 376 435 μη
395 352 541 416 πιστεύει
558 350 714 439 τιςάὑτῷ
735 351 856 430 δείξειν
875 349 912 416 έν
934 350 1015 435 ὑμίν
1037 371 1129 431 γεγε-

115 453 245 540 νημένα
266 453 342 540 περὶ
364 450 412 521 ὧν
433 468 574 524 ποιεῖται
600 458 662 541 τὴν
689 438 805 543 φάσιν·
829 456 888 522 έάν
911 454 951 522 δέ
970 479 1019 532 τις
1040 454 1129 538 παρά

115 569 220 625 ταῦτα
238 569 316 646 ποιῇ
335 572 402 626 τῶν
421 563 732 647 συκοφαντούντων,
756 560 897 641 ἔνδειξιν
916 562 1026 627 αὐτῶν
1044 555 1130 625 εἶναι

116 663 172 730 καί
204 664 393 752 ἀπαγωγήν.
440 658 636 752 μᾶλλονδὲ
668 666 742 751 λέγε
779 669 838 734 τὸν
874 670 979 752 νόμον
1011 665 1128 732 αὐτόν·

114 772 291 858 πολὺ-γάρ
314 772 396 860 έμοῦ
419 771 621 859 σαφέστερον
644 772 779 852 διδάξει.
867 782 869 784 ’
918 833 921 842 ,

555 967 691 1020 ΝΟΜΟΣ.

68 1111 98 1150 ιε
181 1087 330 1156 Ἀκούετε
357 1100 425 1156 τῶν
451 1093 584 1175 νόμων,
611 1091 632 1156 δ
654 1090 828 1157 κελεύουσι
854 1089 992 1175 πάσχειν
1019 1082 1045 1152 ὦ
1072 1088 1129 1152 άν-

115 1198 195 1279 δρες
218 1193 369 1262 δικασταί
389 1198 453 1262 τὸν
475 1197 697 1282 συκοφάντην.
738 1196 865 1264 οὐκοῦν
886 1197 917 1263 εί
938 1191 1000 1278 μέν
1021 1215 1054 1258 τι
1074 1213 1145 1258 πε-Ι

113 1305 276 1385 ποιηκότα
298 1302 427 1368 τούτων
448 1297 502 1368 ’ὧν
529 1304 672 1389 ἔγραψεν
699 1301 736 1368 έν
763 1310 802 1387 τῇ
830 1301 929 1387 φάσει
952 1301 1132 1384 Θεοκρίνης

113 1406 331 1493 πεποιηκέναι
357 1411 417 1476 τὸν
444 1411 608 1492 Μίκωνα,
635 1415 819 1494 καθυφεῖκε
848 1408 886 1473 τὸ
916 1413 1059 1492 πρᾶγμα
1076 1401 1132 1470 καὶ

115 1512 308 1580 διαλέλυται
335 1517 419 1601 πρὸς
443 1517 503 1582 τὸν
530 1516 731 1601 άνθρωπον,
763 1513 873 1580 ἀδικεῖ
897 1511 1023 1587 πάντας
1046 1510 1132 1594 ὑμᾶς

114 1617 174 1686 καὶ
201 1620 336 1698 δικαίως
364 1619 406 1688 ἀν
434 1619 564 1706 ὀφείλοι
590 1621 648 1698 τὰς
669 1623 784 1707 χιλίας.
824 1620 857 1686 εί
878 1613 916 1684 δὲ
944 1617 1131 1686 πλεύσαντα

117 1724 250 1808 [αὐτὸν]
274 1727 411 1804 δικαίως
434 1717 471 1792 οἷ
489 1734 656 1811 προσῆκεν
683 1723 781 1813 (ἔστω
804 1725 868 1811 γὰρ
892 1724 1052 1809 ὁπότερον
1076 1716 1132 1792 οὗ·

114 1854 173 1908 τος
188 1829 357 1920 βούλεται)
372 1836 486 1918 φαίνει
499 1829 555 1900 καί
568 1837 813 1918 προσκαλεῖται,
834 1839 1041 1916 συκοφαντεῖ,
1054 1829 1132 1903 τοὺς
1267 1889 1269 1894 .

57 1997 62 2010 ,
115 1939 344 2023 ναυκλήρους,
369 1937 425 2004 καί
453 1939 512 2004 τὸν
541 1941 647 2022 νόμον
675 1938 717 2004 ού
744 1940 850 2022 μόνον
876 1937 936 2002 τὸν
957 1937 1132 2020 πρότερον,

116 2042 203 2108 ἀλλά
230 2040 372 2109 καὶτὸν
400 2042 521 2126 ἀρτίως
548 2041 809 2126 ἀναγνωσθέντα
835 2037 1056 2127 παραβέβηκε,
1078 2036 1133 2106 καὶ

116 2149 450 2236 καταμεμαρτύρηκεν
468 2148 572 2214 αὑτοῦ
590 2143 695 2233 μηδέν
713 2143 807 2231 ὑγιὲς
823 2149 903 2232 μήτε
922 2142 1031 2228 λέγειν
1053 2145 1133 2227 μήτε

73 2276 101 2315 ιε
118 2254 285 2337 πράττειν.
305 2256 374 2330 Ιτίς
395 2253 459 2338 γάρ
483 2251 526 2318 ἀν
548 2250 663 2338 παρείς
684 2254 722 2319 τὸ
746 2252 881 2328 δικαίως
902 2248 1056 2335 πράττων
1078 2253 1135 2313 λα·

117 2363 193 2446 βεϊν
215 2361 253 2426 τὸ
276 2356 375 2445 μέρος
395 2369 463 2425 τῶν
485 2357 661 2444 χρημάτων
688 2358 770 2424 κατά
797 2359 857 2423 τὸν
879 2358 997 2440 νόμον,
1019 2338 1133 2420 διαλυ-

118 2461 262 2551 σάμενος
284 2463 454 2550 ἐβουλήθη
477 2464 763 2551 μικράκερδάναι
785 2459 841 2528 καὶ
862 2461 993 2538 τούτοις
1015 2461 1132 2544 ἔνοχον

118 2572 222 2639 αὑτὸν
234 2579 435 2655 καταστῆσαι
453 2579 523 2648 τοῖς
540 2573 667 2655 νόμοις,
686 2567 773 2654 έξὸν,
792 2567 873 2652 ὅπερ
891 2565 1011 2652 ἀρτίως
1028 2559 1135 2649 εἶπον,

117 2680 158 2744 τά
180 2679 300 2764 ἡμίσεα
322 2688 390 2744 τῶν
411 2673 614 2762 φανθέντων
637 2679 769 2760 λαβείνς
792 2671 864 2740 οὐδ’
892 2672 934 2740 ἀν
957 2663 1004 2750 εἷς
1025 2666 1052 2736 ὧ
1075 2673 1133 2738 άν-

119 2786 198 2871 δρες
216 2785 387 2868 δικασταί,
410 2783 455 2867 μη
478 2781 520 2850 ού
533 2781 706 2858 ’συνειδὼς
729 2777 835 2868 ἑαυτῷ
860 2787 1132 2863 συκοφαντοῦντι.
1143 2787 1212 2838 1326

76 2911 105 2950 14
186 2891 262 2957 Δύο
285 2885 351 2975 μέν
368 2892 486 2956 τοίνυν
509 2883 603 2956 οὗτοι
629 2889 728 2972 νόμοι
755 2883 841 2953 είσίν
868 2883 927 2961 οδς
947 2881 1133 2970 παραβέβη-

119 3011 177 3062 κεν
200 2995 218 3062 ὁ
241 2998 320 3073 τοὺς
342 2997 463 3072 ἀλλους
484 2995 690 3080 παρανόμων
711 2995 934 3079 γραφόμενος·
958 2988 1072 3078 ἕτερον
1096 2985 1134 3054 δέ

118 3103 243 3188 τρίτον,
266 3101 304 3178 δς
316 3101 449 3186 1ὁμοίως
470 3100 597 3166 κελεύει
614 3097 697 3164 κατά
713 3121 749 3167 τε
766 3109 834 3166 τῶν
858 3096 1062 3182 ὀφειλόντων
1085 3103 1131 3182 τῷ

119 3209 268 3297 δημοσίῳ
290 3208 349 3284 τάς
371 3204 529 3284 ἐνδείξεις
557 3206 1044 3290 τὸνβουλόμευοννποιεϊσθαι
1065 3211 1132 3266 των
1255 3247 1260 3255 «

118 3319 281 3399 πολιτῶν,
303 3311 359 3380 καὶ
381 3311 441 3382 έάυ
463 3319 514 3389 τις
535 3311 652 3398 ὀφείλῃ
678 3319 719 3396 τη
732 3306 865 3397 Ἀθηνᾷ
887 3309 908 3394 ἦ
930 3319 999 3374 τῶν
1020 3307 1131 3372 ἀλλων

118 3429 210 3488 θεῶν
233 3419 254 3504 ἢ
277 3430 344 3486 τῶν
367 3417 629 3506 ε’πωνύμωντφ.
667 3415 692 3482 δ
710 3420 892 3502 φανήσεται
910 3409 1132 3496 οὗτος,εόφεί-

119 3531 188 3594 λων
207 3523 266 3593 καὶ
289 3524 353 3592 ούιι
369 3523 553 3600 ἐκτετεικὼς
571 3519 768 3600 ἑπτακοσίας·
782 3519 951 3608 δραχμάς,
963 3517 1002 3592 ἀε
1020 3509 1136 3596 ὦφλεν

172 3639 296 3682 Dauom.
323 3638 375 3680 VoL
389 3637 433 3678 m.
935 3622 969 3671 18
