<?xml version="1.0" encoding="UTF-8"?>
<!DOCTYPE html PUBLIC "-//W3C//DTD XHTML 1.0 Transitional//EN"
    "http://www.w3.org/TR/xhtml1/DTD/xhtml1-transitional.dtd">
<html xmlns="http://www.w3.org/1999/xhtml" xml:lang="en" lang="en">
 <head>
  <title>
</title>
<meta http-equiv="Content-Type" content="text/html;charset=utf-8" />
  <meta name='ocr-system' content='tesseract 3.04.00' />
  <meta name='ocr-capabilities' content='ocr_page ocr_carea ocr_par ocr_line ocrx_word'/>
</head>
<body>
  <div class='ocr_page' id='page_1' title='image "./orationes01demogoog_0468.png"; bbox 0 0 2656 3926; ppageno 0'>
   <div class='ocr_carea' id='block_1_1' title="bbox 437 145 1152 211">
    <p class='ocr_par' dir='ltr' id='par_1_1' title="bbox 437 145 1152 211">
     <span class='ocr_line' id='line_1_1' title="bbox 437 145 1152 211; baseline -0.001 -9"><span class='ocrx_word' id='word_1_1' title='bbox 437 151 624 203; x_wconf 87' lang='lat' dir='ltr'><strong>HPOOIMIA.</strong></span> <span class='ocrx_word' id='word_1_2' title='bbox 652 151 858 204; x_wconf 80' lang='lat' dir='ltr'>Xle-XXV.</span> <span class='ocrx_word' id='word_1_3' title='bbox 1086 145 1152 211; x_wconf 76' lang='grc'><strong><em>375</em></strong></span> 
     </span>
    </p>
   </div>
   <div class='ocr_carea' id='block_1_2' title="bbox 142 303 1157 924">
    <p class='ocr_par' dir='ltr' id='par_1_2' title="bbox 142 303 1157 924">
     <span class='ocr_line' id='line_1_2' title="bbox 142 303 1149 396; baseline -0.002 -22"><span class='ocrx_word' id='word_1_4' title='bbox 142 309 347 394; x_wconf 90' lang='grc' dir='ltr'><strong><em>πράττουσιν</em></strong></span> <span class='ocrx_word' id='word_1_5' title='bbox 376 303 414 375; x_wconf 82' lang='grc' dir='ltr'><strong><em>εὖ</em></strong></span> <span class='ocrx_word' id='word_1_6' title='bbox 447 317 627 396; x_wconf 82' lang='grc' dir='ltr'><strong><em>φρονῆσαι·</em></strong></span> <span class='ocrx_word' id='word_1_7' title='bbox 660 309 741 394; x_wconf 79' lang='grc' dir='ltr'><strong><em>ἡμῖν</em></strong></span> <span class='ocrx_word' id='word_1_8' title='bbox 770 306 808 374; x_wconf 72' lang='grc' dir='ltr'><strong><em>δὲ</em></strong></span> <span class='ocrx_word' id='word_1_9' title='bbox 836 305 1076 396; x_wconf 79' lang='grc' dir='ltr'><strong><em>προσήκεικαὶ</em></strong></span> <span class='ocrx_word' id='word_1_10' title='bbox 1105 304 1149 372; x_wconf 90' lang='grc' dir='ltr'><strong><em>δι’</em></strong></span> 
     </span>
     <span class='ocr_line' id='line_1_3' title="bbox 142 396 1154 502; baseline -0.001 -21"><span class='ocrx_word' id='word_1_11' title='bbox 142 413 229 499; x_wconf 76' lang='grc' dir='ltr'><strong><em>ἡμᾶς</em></strong></span> <span class='ocrx_word' id='word_1_12' title='bbox 248 416 368 492; x_wconf 79' lang='grc' dir='ltr'><strong><em>αὐτοὺς</em></strong></span> <span class='ocrx_word' id='word_1_13' title='bbox 385 413 440 482; x_wconf 80' lang='grc' dir='ltr'><strong><em>καὶ</em></strong></span> <span class='ocrx_word' id='word_1_14' title='bbox 460 396 515 481; x_wconf 79' lang='grc' dir='ltr'><strong><em>διδ</em></strong></span> <span class='ocrx_word' id='word_1_15' title='bbox 533 409 624 482; x_wconf 81' lang='grc' dir='ltr'><strong><em>τᾶλλ’</em></strong></span> <span class='ocrx_word' id='word_1_16' title='bbox 640 413 855 502; x_wconf 83' lang='grc' dir='ltr'><strong><em>δπέπρακιαι</em></strong></span> <span class='ocrx_word' id='word_1_17' title='bbox 872 423 911 500; x_wconf 75' lang='grc' dir='ltr'><strong><em>τῇ</em></strong></span> <span class='ocrx_word' id='word_1_18' title='bbox 929 417 1035 498; x_wconf 85' lang='grc' dir='ltr'><strong><em>πόλει,</em></strong></span> <span class='ocrx_word' id='word_1_19' title='bbox 1053 429 1154 480; x_wconf 89' lang='grc' dir='ltr'><strong><em>σπου-</em></strong></span> 
     </span>
     <span class='ocr_line' id='line_1_4' title="bbox 144 513 1155 606; baseline -0.004 -20"><span class='ocrx_word' id='word_1_20' title='bbox 144 521 245 586; x_wconf 92' lang='grc' dir='ltr'><strong><em>δάσαι</em></strong></span> <span class='ocrx_word' id='word_1_21' title='bbox 269 519 372 599; x_wconf 87' lang='grc' dir='ltr'><strong><em>δεῖξαι</em></strong></span> <span class='ocrx_word' id='word_1_22' title='bbox 394 530 496 588; x_wconf 83' lang='grc' dir='ltr'><strong><em>πᾶσιν</em></strong></span> <span class='ocrx_word' id='word_1_23' title='bbox 523 519 730 606; x_wconf 86' lang='grc' dir='ltr'><strong><em>ἀνθρώποις,</em></strong></span> <span class='ocrx_word' id='word_1_24' title='bbox 757 521 807 586; x_wconf 80' lang='grc' dir='ltr'><strong><em>ὅτι</em></strong></span> <span class='ocrx_word' id='word_1_25' title='bbox 833 517 889 586; x_wconf 82' lang='grc' dir='ltr'><strong><em>καὶ</em></strong></span> <span class='ocrx_word' id='word_1_26' title='bbox 915 522 1077 605; x_wconf 87' lang='grc' dir='ltr'><strong><em>πρότερον</em></strong></span> <span class='ocrx_word' id='word_1_27' title='bbox 1099 513 1155 582; x_wconf 77' lang='grc' dir='ltr'><strong><em>καὶ</em></strong></span> 
     </span>
     <span class='ocr_line' id='line_1_5' title="bbox 142 624 1155 712; baseline -0.003 -20"><span class='ocrx_word' id='word_1_28' title='bbox 142 636 209 692; x_wconf 77' lang='grc' dir='ltr'><strong><em>νῦν</em></strong></span> <span class='ocrx_word' id='word_1_29' title='bbox 232 624 287 692; x_wconf 81' lang='grc' dir='ltr'><strong><em>καὶ</em></strong></span> <span class='ocrx_word' id='word_1_30' title='bbox 310 624 360 692; x_wconf 82' lang='grc' dir='ltr'><strong><em>ἀεὶ</em></strong></span> <span class='ocrx_word' id='word_1_31' title='bbox 383 625 476 711; x_wconf 72' lang='grc' dir='ltr'><strong><em>ἡμεῖς</em></strong></span> <span class='ocrx_word' id='word_1_32' title='bbox 498 624 560 712; x_wconf 71' lang='grc' dir='ltr'><strong><em>μὲν</em></strong></span> <span class='ocrx_word' id='word_1_33' title='bbox 582 627 622 692; x_wconf 85' lang='grc' dir='ltr'><strong><em>τδ</em></strong></span> <span class='ocrx_word' id='word_1_34' title='bbox 650 628 760 692; x_wconf 92' lang='grc' dir='ltr'><strong><em>δίκαια</em></strong></span> <span class='ocrx_word' id='word_1_35' title='bbox 782 625 1033 712; x_wconf 83' lang='grc' dir='ltr'><strong><em>προαιρούμεθα</em></strong></span> <span class='ocrx_word' id='word_1_36' title='bbox 1055 625 1155 711; x_wconf 85' lang='grc' dir='ltr'><strong><em>κράτ-</em></strong></span> 
     </span>
     <span class='ocr_line' id='line_1_6' title="bbox 143 730 1157 818; baseline -0.002 -20"><span class='ocrx_word' id='word_1_37' title='bbox 143 754 227 817; x_wconf 88' lang='grc' dir='ltr'><strong><em>τειν,</em></strong></span> <span class='ocrx_word' id='word_1_38' title='bbox 249 731 354 818; x_wconf 78' lang='grc' dir='ltr'><strong><em>ἕτεροι</em></strong></span> <span class='ocrx_word' id='word_1_39' title='bbox 378 730 418 798; x_wconf 79' lang='grc' dir='ltr'><strong><em>δέ</em></strong></span> <span class='ocrx_word' id='word_1_40' title='bbox 437 754 525 808; x_wconf 88' lang='grc' dir='ltr'><strong><em>τινες</em></strong></span> <span class='ocrx_word' id='word_1_41' title='bbox 545 732 836 797; x_wconf 73' lang='grc' dir='ltr'><strong><em>καταδουλοῦσθαι</em></strong></span> <span class='ocrx_word' id='word_1_42' title='bbox 858 734 1057 816; x_wconf 90' lang='grc' dir='ltr'><strong><em>βουλόμενοι</em></strong></span> <span class='ocrx_word' id='word_1_43' title='bbox 1078 732 1157 806; x_wconf 86' lang='grc' dir='ltr'><strong><em>τοὺς</em></strong></span> 
     </span>
     <span class='ocr_line' id='line_1_7' title="bbox 144 836 1008 924; baseline 0.001 -22"><span class='ocrx_word' id='word_1_44' title='bbox 144 837 256 904; x_wconf 83' lang='grc' dir='ltr'><strong><em>αὑτῶν</em></strong></span> <span class='ocrx_word' id='word_1_45' title='bbox 278 841 413 916; x_wconf 77' lang='grc' dir='ltr'><strong><em>πολίτας</em></strong></span> <span class='ocrx_word' id='word_1_46' title='bbox 436 838 652 922; x_wconf 75' lang='grc' dir='ltr'><strong><em>διαβάλλουσι</em></strong></span> <span class='ocrx_word' id='word_1_47' title='bbox 675 839 757 924; x_wconf 82' lang='grc' dir='ltr'><strong><em>πρὸς</em></strong></span> <span class='ocrx_word' id='word_1_48' title='bbox 778 836 871 922; x_wconf 79' lang='grc' dir='ltr'><strong><em>ἡμᾶς.</em></strong></span> <span class='ocrx_word' id='word_1_49' title='bbox 1003 910 1008 915; x_wconf 52' lang='grc'><strong><em>,</em></strong></span> 
     </span>
    </p>
   </div>
   <div class='ocr_carea' id='block_1_3' title="bbox 88 1035 1236 3566">
    <p class='ocr_par' dir='ltr' id='par_1_3' title="bbox 615 1035 684 1098">
     <span class='ocr_line' id='line_1_8' title="bbox 615 1035 684 1098; baseline -0.029 0"><span class='ocrx_word' id='word_1_50' title='bbox 615 1035 684 1098; x_wconf 87' lang='lat' dir='ltr'><strong><em>KE.</em></strong></span> 
     </span>
    </p>

    <p class='ocr_par' dir='ltr' id='par_1_4' title="bbox 144 1150 1159 1986">
     <span class='ocr_line' id='line_1_9' title="bbox 212 1150 1157 1240; baseline -0.001 -20"><span class='ocrx_word' id='word_1_51' title='bbox 212 1157 257 1222; x_wconf 82' lang='grc' dir='ltr'><strong><em>Εί</em></strong></span> <span class='ocrx_word' id='word_1_52' title='bbox 284 1156 365 1240; x_wconf 78' lang='grc' dir='ltr'><strong><em>μετὰ</em></strong></span> <span class='ocrx_word' id='word_1_53' title='bbox 398 1163 456 1240; x_wconf 81' lang='grc' dir='ltr'><strong><em>τῆς</em></strong></span> <span class='ocrx_word' id='word_1_54' title='bbox 490 1154 589 1239; x_wconf 74' lang='grc' dir='ltr'><strong><em>αὐτῆς</em></strong></span> <span class='ocrx_word' id='word_1_55' title='bbox 622 1157 755 1240; x_wconf 77' lang='grc' dir='ltr'><strong><em>γνώμης</em></strong></span> <span class='ocrx_word' id='word_1_56' title='bbox 783 1150 809 1220; x_wconf 78' lang='grc' dir='ltr'>ὦ</span> <span class='ocrx_word' id='word_1_57' title='bbox 840 1156 959 1240; x_wconf 83' lang='grc' dir='ltr'><strong><em>ἀνδρες</em></strong></span> <span class='ocrx_word' id='word_1_58' title='bbox 983 1151 1157 1238; x_wconf 85' lang='grc' dir='ltr'><strong><em>Ἀθηναῖοι</em></strong></span> 
     </span>
     <span class='ocr_line' id='line_1_10' title="bbox 144 1258 1157 1346; baseline -0.002 -18"><span class='ocrx_word' id='word_1_59' title='bbox 144 1262 223 1339; x_wconf 85' lang='grc' dir='ltr'><strong><em>τούς</em></strong></span> <span class='ocrx_word' id='word_1_60' title='bbox 249 1283 284 1327; x_wconf 87' lang='grc' dir='ltr'><strong><em>τε</em></strong></span> <span class='ocrx_word' id='word_1_61' title='bbox 311 1265 432 1345; x_wconf 79' lang='grc' dir='ltr'><strong><em>λόγους</em></strong></span> <span class='ocrx_word' id='word_1_62' title='bbox 458 1260 593 1345; x_wconf 79' lang='grc' dir='ltr'><strong><em>ἠκούετε</em></strong></span> <span class='ocrx_word' id='word_1_63' title='bbox 621 1271 687 1326; x_wconf 82' lang='grc' dir='ltr'><strong><em>τῶν</em></strong></span> <span class='ocrx_word' id='word_1_64' title='bbox 716 1264 1013 1346; x_wconf 80' lang='grc' dir='ltr'><strong><em>συμβουλευόντων</em></strong></span> <span class='ocrx_word' id='word_1_65' title='bbox 1040 1258 1157 1326; x_wconf 82' lang='grc' dir='ltr'><strong><em>καὶτὰ</em></strong></span> 
     </span>
     <span class='ocr_line' id='line_1_11' title="bbox 144 1361 1156 1454; baseline -0.001 -21"><span class='ocrx_word' id='word_1_66' title='bbox 144 1364 308 1453; x_wconf 78' lang='grc' dir='ltr'><strong><em>πράγματ’</em></strong></span> <span class='ocrx_word' id='word_1_67' title='bbox 342 1367 503 1454; x_wconf 81' lang='grc' dir='ltr'><strong><em>ἐκρίνετε,</em></strong></span> <span class='ocrx_word' id='word_1_68' title='bbox 536 1367 671 1433; x_wconf 85' lang='grc' dir='ltr'><strong><em>πάντων</em></strong></span> <span class='ocrx_word' id='word_1_69' title='bbox 700 1365 947 1453; x_wconf 82' lang='grc' dir='ltr'><strong><em>ἀσφαλέστατον</em></strong></span> <span class='ocrx_word' id='word_1_70' title='bbox 975 1361 1018 1452; x_wconf 73' lang='grc' dir='ltr'><strong><em>ἦν</em></strong></span> <span class='ocrx_word' id='word_1_71' title='bbox 1047 1365 1090 1432; x_wconf 83' lang='grc' dir='ltr'><strong><em>ἀν</em></strong></span> <span class='ocrx_word' id='word_1_72' title='bbox 1118 1368 1156 1433; x_wconf 83' lang='grc' dir='ltr'><strong><em>τὸ</em></strong></span> 
     </span>
     <span class='ocr_line' id='line_1_12' title="bbox 146 1470 1158 1560; baseline -0.002 -21"><span class='ocrx_word' id='word_1_73' title='bbox 146 1474 399 1557; x_wconf 82' lang='grc' dir='ltr'><strong><em>συμβουλεύειν.</em></strong></span> <span class='ocrx_word' id='word_1_74' title='bbox 448 1471 504 1538; x_wconf 80' lang='grc' dir='ltr'><strong><em>καί</em></strong></span> <span class='ocrx_word' id='word_1_75' title='bbox 532 1473 595 1560; x_wconf 84' lang='grc' dir='ltr'><strong><em>γάρ</em></strong></span> <span class='ocrx_word' id='word_1_76' title='bbox 626 1472 769 1558; x_wconf 78' lang='grc' dir='ltr'><strong><em>εὐτυχῶς</em></strong></span> <span class='ocrx_word' id='word_1_77' title='bbox 797 1471 854 1538; x_wconf 80' lang='grc' dir='ltr'><strong><em>καί</em></strong></span> <span class='ocrx_word' id='word_1_78' title='bbox 882 1475 989 1550; x_wconf 86' lang='grc' dir='ltr'><strong><em>άλλως</em></strong></span> <span class='ocrx_word' id='word_1_79' title='bbox 1017 1470 1158 1559; x_wconf 79' lang='grc' dir='ltr'><strong><em>πράξασι</em></strong></span> 
     </span>
     <span class='ocr_line' id='line_1_13' title="bbox 145 1575 1159 1667; baseline 0.001 -22"><span class='ocrx_word' id='word_1_80' title='bbox 145 1577 270 1667; x_wconf 80' lang='grc' dir='ltr'><strong><em>(λέγειν</em></strong></span> <span class='ocrx_word' id='word_1_81' title='bbox 298 1579 360 1665; x_wconf 87' lang='grc' dir='ltr'><strong><em>γδρ</em></strong></span> <span class='ocrx_word' id='word_1_82' title='bbox 388 1578 544 1666; x_wconf 75' lang='grc' dir='ltr'><strong><em>εὐφήμως</em></strong></span> <span class='ocrx_word' id='word_1_83' title='bbox 570 1579 676 1645; x_wconf 91' lang='grc' dir='ltr'><strong><em>πάντα</em></strong></span> <span class='ocrx_word' id='word_1_84' title='bbox 703 1577 769 1666; x_wconf 88' lang='grc' dir='ltr'><strong><em>δεῖ)</em></strong></span> <span class='ocrx_word' id='word_1_85' title='bbox 796 1577 884 1646; x_wconf 86' lang='grc' dir='ltr'><strong><em>κοίν’</em></strong></span> <span class='ocrx_word' id='word_1_86' title='bbox 911 1579 953 1646; x_wconf 85' lang='grc' dir='ltr'><strong><em>ἀν</em></strong></span> <span class='ocrx_word' id='word_1_87' title='bbox 975 1575 1018 1665; x_wconf 82' lang='grc' dir='ltr'><strong><em>ἦν</em></strong></span> <span class='ocrx_word' id='word_1_88' title='bbox 1040 1579 1080 1645; x_wconf 83' lang='grc' dir='ltr'><strong><em>τὰ</em></strong></span> <span class='ocrx_word' id='word_1_89' title='bbox 1101 1589 1159 1664; x_wconf 80' lang='grc' dir='ltr'><strong><em>της</em></strong></span> 
     </span>
     <span class='ocr_line' id='line_1_14' title="bbox 147 1682 1157 1774; baseline 0.002 -24"><span class='ocrx_word' id='word_1_90' title='bbox 147 1687 252 1762; x_wconf 88' lang='grc' dir='ltr'><strong><em>αίτίας</em></strong></span> <span class='ocrx_word' id='word_1_91' title='bbox 274 1684 354 1770; x_wconf 87' lang='grc' dir='ltr'><strong><em>ὑμῖν</em></strong></span> <span class='ocrx_word' id='word_1_92' title='bbox 376 1682 432 1751; x_wconf 79' lang='grc' dir='ltr'><strong><em>καί</em></strong></span> <span class='ocrx_word' id='word_1_93' title='bbox 454 1693 499 1774; x_wconf 72' lang='grc' dir='ltr'><strong><em>τῷ</em></strong></span> <span class='ocrx_word' id='word_1_94' title='bbox 522 1689 681 1751; x_wconf 82' lang='grc' dir='ltr'><strong><em>πείσαντι.</em></strong></span> <span class='ocrx_word' id='word_1_95' title='bbox 716 1694 782 1752; x_wconf 86' lang='grc' dir='ltr'><strong><em>νῦν</em></strong></span> <span class='ocrx_word' id='word_1_96' title='bbox 800 1683 831 1752; x_wconf 83' lang='grc' dir='ltr'><strong><em>δ’</em></strong></span> <span class='ocrx_word' id='word_1_97' title='bbox 854 1685 987 1752; x_wconf 86' lang='grc' dir='ltr'><strong><em>ἀκούετε</em></strong></span> <span class='ocrx_word' id='word_1_98' title='bbox 1007 1682 1068 1771; x_wconf 72' lang='grc' dir='ltr'><strong><em>μὲν</em></strong></span> <span class='ocrx_word' id='word_1_99' title='bbox 1090 1698 1157 1752; x_wconf 82' lang='grc' dir='ltr'><strong><em>τῶν</em></strong></span> 
     </span>
     <span class='ocr_line' id='line_1_15' title="bbox 147 1788 1159 1877; baseline 0.001 -20"><span class='ocrx_word' id='word_1_100' title='bbox 147 1791 169 1857; x_wconf 83' lang='grc' dir='ltr'><strong><em>δ</em></strong></span> <span class='ocrx_word' id='word_1_101' title='bbox 197 1792 362 1875; x_wconf 83' lang='grc' dir='ltr'><strong><em>βούλεσθε</em></strong></span> <span class='ocrx_word' id='word_1_102' title='bbox 392 1793 558 1875; x_wconf 86' lang='grc' dir='ltr'><strong><em>λεγόντων</em></strong></span> <span class='ocrx_word' id='word_1_103' title='bbox 586 1791 721 1877; x_wconf 76' lang='grc' dir='ltr'><strong><em>ἥδιστα,</em></strong></span> <span class='ocrx_word' id='word_1_104' title='bbox 753 1794 904 1858; x_wconf 81' lang='grc' dir='ltr'><strong><em>αίτιάσθε</em></strong></span> <span class='ocrx_word' id='word_1_105' title='bbox 934 1788 972 1857; x_wconf 72' lang='grc' dir='ltr'><strong><em>δὲ</em></strong></span> <span class='ocrx_word' id='word_1_106' title='bbox 1001 1792 1159 1870; x_wconf 78' lang='grc' dir='ltr'><strong><em>πολλάκις</em></strong></span> 
     </span>
     <span class='ocr_line' id='line_1_16' title="bbox 148 1892 1158 1986; baseline 0.003 -24"><span class='ocrx_word' id='word_1_107' title='bbox 148 1895 310 1975; x_wconf 79' lang='grc' dir='ltr'><strong><em>ἐξαπατᾶν</em></strong></span> <span class='ocrx_word' id='word_1_108' title='bbox 331 1897 417 1981; x_wconf 80' lang='grc' dir='ltr'><strong><em>ὑμᾶς</em></strong></span> <span class='ocrx_word' id='word_1_109' title='bbox 435 1896 568 1980; x_wconf 86' lang='grc' dir='ltr'><strong><em>αὐτούς,</em></strong></span> <span class='ocrx_word' id='word_1_110' title='bbox 591 1896 650 1963; x_wconf 78' lang='grc' dir='ltr'><strong><em>ἐὰν</em></strong></span> <span class='ocrx_word' id='word_1_111' title='bbox 667 1898 712 1984; x_wconf 81' lang='grc' dir='ltr'><strong><em>μη</em></strong></span> <span class='ocrx_word' id='word_1_112' title='bbox 729 1892 833 1964; x_wconf 87' lang='grc' dir='ltr'><strong><em>πάνθ’</em></strong></span> <span class='ocrx_word' id='word_1_113' title='bbox 856 1897 896 1964; x_wconf 88' lang='grc' dir='ltr'><strong><em>ὃν</em></strong></span> <span class='ocrx_word' id='word_1_114' title='bbox 913 1897 955 1964; x_wconf 83' lang='grc' dir='ltr'><strong><em>ἀν</em></strong></span> <span class='ocrx_word' id='word_1_115' title='bbox 973 1897 1067 1982; x_wconf 82' lang='grc' dir='ltr'><strong><em>ὑμεῖς</em></strong></span> <span class='ocrx_word' id='word_1_116' title='bbox 1083 1901 1158 1986; x_wconf 87' lang='grc' dir='ltr'><strong><em>τρό·</em></strong></span> 
     </span>
    </p>

    <p class='ocr_par' dir='ltr' id='par_1_5' title="bbox 121 2001 1236 2617">
     <span class='ocr_line' id='line_1_17' title="bbox 121 2001 1236 2088; baseline 0.002 -24"><span class='ocrx_word' id='word_1_117' title='bbox 121 2023 213 2069; x_wconf 78' lang='grc' dir='ltr'><strong><em>επον</em></strong></span> <span class='ocrx_word' id='word_1_118' title='bbox 235 2004 404 2087; x_wconf 87' lang='grc' dir='ltr'><strong><em>βούλησθε</em></strong></span> <span class='ocrx_word' id='word_1_119' title='bbox 427 2001 572 2087; x_wconf 81' lang='grc' dir='ltr'><strong><em>γένηται,</em></strong></span> <span class='ocrx_word' id='word_1_120' title='bbox 595 2003 636 2069; x_wconf 87' lang='grc' dir='ltr'><strong><em>οὐ</em></strong></span> <span class='ocrx_word' id='word_1_121' title='bbox 659 2007 865 2088; x_wconf 78' lang='grc' dir='ltr'><strong><em>λογιζόμενοι</em></strong></span> <span class='ocrx_word' id='word_1_122' title='bbox 886 2001 998 2088; x_wconf 87' lang='grc' dir='ltr'><strong><em>τοῦθ’,</em></strong></span> <span class='ocrx_word' id='word_1_123' title='bbox 1025 2004 1075 2069; x_wconf 82' lang='grc' dir='ltr'><strong><em>ὅτι</em></strong></span> <span class='ocrx_word' id='word_1_124' title='bbox 1097 2014 1158 2070; x_wconf 85' lang='grc' dir='ltr'><strong><em>τοῦ</em></strong></span> <span class='ocrx_word' id='word_1_125' title='bbox 1169 2016 1236 2066; x_wconf 76' lang='grc'><strong>1436</strong></span> 
     </span>
     <span class='ocr_line' id='line_1_18' title="bbox 149 2104 1158 2196; baseline 0.003 -24"><span class='ocrx_word' id='word_1_126' title='bbox 149 2104 210 2191; x_wconf 73' lang='grc' dir='ltr'><strong><em>μὲν</em></strong></span> <span class='ocrx_word' id='word_1_127' title='bbox 230 2110 362 2191; x_wconf 78' lang='grc' dir='ltr'><strong><em>ζητῆσαι</em></strong></span> <span class='ocrx_word' id='word_1_128' title='bbox 380 2104 436 2173; x_wconf 80' lang='grc' dir='ltr'><strong><em>καὶ</em></strong></span> <span class='ocrx_word' id='word_1_129' title='bbox 454 2111 654 2190; x_wconf 91' lang='grc' dir='ltr'><strong><em>λογίσασθαι</em></strong></span> <span class='ocrx_word' id='word_1_130' title='bbox 672 2109 712 2172; x_wconf 90' lang='grc' dir='ltr'><strong><em>τδι</em></strong></span> <span class='ocrx_word' id='word_1_131' title='bbox 730 2107 893 2193; x_wconf 76' lang='grc' dir='ltr'><strong><em>βέλτισθ’,</em></strong></span> <span class='ocrx_word' id='word_1_132' title='bbox 907 2109 952 2186; x_wconf 78' lang='grc' dir='ltr'><strong><em>ὡς</em></strong></span> <span class='ocrx_word' id='word_1_133' title='bbox 969 2110 1158 2196; x_wconf 88' lang='grc' dir='ltr'><strong><em>άνθρωπος,</em></strong></span> 
     </span>
     <span class='ocr_line' id='line_1_19' title="bbox 149 2210 1158 2302; baseline 0.005 -25"><span class='ocrx_word' id='word_1_134' title='bbox 149 2210 204 2277; x_wconf 82' lang='grc' dir='ltr'><strong><em>καὶ</em></strong></span> <span class='ocrx_word' id='word_1_135' title='bbox 226 2214 309 2298; x_wconf 91' lang='grc' dir='ltr'><strong><em>πρὸς</em></strong></span> <span class='ocrx_word' id='word_1_136' title='bbox 330 2212 415 2297; x_wconf 88' lang='grc' dir='ltr'><strong><em>ὑμᾶς</em></strong></span> <span class='ocrx_word' id='word_1_137' title='bbox 437 2215 558 2298; x_wconf 78' lang='grc' dir='ltr'><strong><em>εἰπεῖν,</em></strong></span> <span class='ocrx_word' id='word_1_138' title='bbox 585 2212 684 2290; x_wconf 84' lang='grc' dir='ltr'><strong><em>αὐτὸς</em></strong></span> <span class='ocrx_word' id='word_1_139' title='bbox 705 2212 839 2292; x_wconf 79' lang='grc' dir='ltr'><strong><em>ἕκαστός</em></strong></span> <span class='ocrx_word' id='word_1_140' title='bbox 861 2213 931 2280; x_wconf 81' lang='grc' dir='ltr'><strong><em>ἐστι</em></strong></span> <span class='ocrx_word' id='word_1_141' title='bbox 951 2215 1076 2302; x_wconf 83' lang='grc' dir='ltr'><strong><em>κύριος,</em></strong></span> <span class='ocrx_word' id='word_1_142' title='bbox 1098 2225 1158 2282; x_wconf 85' lang='grc' dir='ltr'><strong><em>τοῦ</em></strong></span> 
     </span>
     <span class='ocr_line' id='line_1_20' title="bbox 150 2315 1158 2408; baseline 0.002 -25"><span class='ocrx_word' id='word_1_143' title='bbox 150 2315 188 2383; x_wconf 71' lang='grc' dir='ltr'><strong><em>δὲ</em></strong></span> <span class='ocrx_word' id='word_1_144' title='bbox 210 2324 402 2404; x_wconf 75' lang='grc' dir='ltr'><strong><em>πραχθῆναι</em></strong></span> <span class='ocrx_word' id='word_1_145' title='bbox 429 2328 532 2385; x_wconf 81' lang='grc' dir='ltr'><strong><em>ταῦτα</em></strong></span> <span class='ocrx_word' id='word_1_146' title='bbox 558 2316 614 2384; x_wconf 83' lang='grc' dir='ltr'><strong><em>καλ</em></strong></span> <span class='ocrx_word' id='word_1_147' title='bbox 643 2331 869 2404; x_wconf 82' lang='grc' dir='ltr'><strong><em>συνενεγκεῖν,</em></strong></span> <span class='ocrx_word' id='word_1_148' title='bbox 896 2319 933 2386; x_wconf 81' lang='grc' dir='ltr'><strong><em>ἐν</em></strong></span> <span class='ocrx_word' id='word_1_149' title='bbox 955 2329 994 2407; x_wconf 77' lang='grc' dir='ltr'><strong><em>τῇ</em></strong></span> <span class='ocrx_word' id='word_1_150' title='bbox 1017 2323 1098 2408; x_wconf 81' lang='grc' dir='ltr'><strong><em>τύχη</em></strong></span> <span class='ocrx_word' id='word_1_151' title='bbox 1120 2323 1158 2387; x_wconf 88' lang='grc' dir='ltr'><strong><em>τὸ</em></strong></span> 
     </span>
     <span class='ocr_line' id='line_1_21' title="bbox 149 2421 1159 2511; baseline 0.001 -21"><span class='ocrx_word' id='word_1_152' title='bbox 149 2429 306 2490; x_wconf 87' lang='grc' dir='ltr'><strong><em>πλεῖστον</em></strong></span> <span class='ocrx_word' id='word_1_153' title='bbox 328 2423 428 2510; x_wconf 80' lang='grc' dir='ltr'><strong><em>μέρος</em></strong></span> <span class='ocrx_word' id='word_1_154' title='bbox 451 2428 607 2509; x_wconf 88' lang='grc' dir='ltr'><strong><em>γίγνεται.</em></strong></span> <span class='ocrx_word' id='word_1_155' title='bbox 643 2427 711 2490; x_wconf 79' lang='grc' dir='ltr'><strong><em>ἔστι</em></strong></span> <span class='ocrx_word' id='word_1_156' title='bbox 734 2421 765 2490; x_wconf 90' lang='grc' dir='ltr'><strong><em>δ’</em></strong></span> <span class='ocrx_word' id='word_1_157' title='bbox 788 2426 971 2511; x_wconf 86' lang='grc' dir='ltr'><strong><em>άνθρωπον</em></strong></span> <span class='ocrx_word' id='word_1_158' title='bbox 990 2422 1058 2493; x_wconf 77' lang='grc' dir='ltr'><strong><em>ὄντ’</em></strong></span> <span class='ocrx_word' id='word_1_159' title='bbox 1080 2424 1159 2509; x_wconf 85' lang='grc' dir='ltr'><strong><em>ἀγα-</em></strong></span> 
     </span>
     <span class='ocr_line' id='line_1_22' title="bbox 150 2526 1160 2617; baseline 0.001 -22"><span class='ocrx_word' id='word_1_160' title='bbox 150 2531 254 2614; x_wconf 89' lang='grc' dir='ltr'><strong><em>πητὸν</em></strong></span> <span class='ocrx_word' id='word_1_161' title='bbox 277 2538 334 2613; x_wconf 78' lang='grc' dir='ltr'><strong><em>τῆς</em></strong></span> <span class='ocrx_word' id='word_1_162' title='bbox 352 2529 456 2595; x_wconf 85' lang='grc' dir='ltr'><strong><em>αὑτοῦ</em></strong></span> <span class='ocrx_word' id='word_1_163' title='bbox 475 2531 625 2606; x_wconf 75' lang='grc' dir='ltr'><strong><em>διανοίας</em></strong></span> <span class='ocrx_word' id='word_1_164' title='bbox 643 2533 745 2612; x_wconf 90' lang='grc' dir='ltr'><strong><em>λόγον</em></strong></span> <span class='ocrx_word' id='word_1_165' title='bbox 762 2528 910 2615; x_wconf 81' lang='grc' dir='ltr'><strong><em>ὑπέχειν·</em></strong></span> <span class='ocrx_word' id='word_1_166' title='bbox 932 2539 989 2614; x_wconf 76' lang='grc' dir='ltr'><strong><em>τῆς</em></strong></span> <span class='ocrx_word' id='word_1_167' title='bbox 1007 2526 1044 2596; x_wconf 74' lang='grc' dir='ltr'><strong><em>δὲ</em></strong></span> <span class='ocrx_word' id='word_1_168' title='bbox 1061 2532 1160 2617; x_wconf 84' lang='grc' dir='ltr'><strong><em>τύχης</em></strong></span> 
     </span>
    </p>

    <p class='ocr_par' dir='ltr' id='par_1_6' title="bbox 125 2629 1167 3459">
     <span class='ocr_line' id='line_1_23' title="bbox 125 2629 1160 2723; baseline 0.005 -27"><span class='ocrx_word' id='word_1_169' title='bbox 125 2647 397 2722; x_wconf 77' lang='grc' dir='ltr'><strong><em>επροσυποσχεῖν</em></strong></span> <span class='ocrx_word' id='word_1_170' title='bbox 420 2632 457 2700; x_wconf 79' lang='grc' dir='ltr'><strong><em>ἕν</em></strong></span> <span class='ocrx_word' id='word_1_171' title='bbox 480 2645 601 2700; x_wconf 79' lang='grc' dir='ltr'><strong><em>τιτῶν</em></strong></span> <span class='ocrx_word' id='word_1_172' title='bbox 624 2631 807 2699; x_wconf 86' lang='grc' dir='ltr'><strong><em>ἀδυνάτων.</em></strong></span> <span class='ocrx_word' id='word_1_173' title='bbox 843 2635 876 2700; x_wconf 87' lang='grc' dir='ltr'><strong><em>εί</em></strong></span> <span class='ocrx_word' id='word_1_174' title='bbox 895 2629 956 2720; x_wconf 73' lang='grc' dir='ltr'><strong><em>μὲν</em></strong></span> <span class='ocrx_word' id='word_1_175' title='bbox 979 2629 1042 2701; x_wconf 86' lang='grc' dir='ltr'><strong><em>οὖν</em></strong></span> <span class='ocrx_word' id='word_1_176' title='bbox 1063 2636 1160 2723; x_wconf 84' lang='grc' dir='ltr'><strong><em>εὑρη-</em></strong></span> 
     </span>
     <span class='ocr_line' id='line_1_24' title="bbox 151 2736 1161 2828; baseline -0.001 -20"><span class='ocrx_word' id='word_1_177' title='bbox 151 2741 252 2828; x_wconf 81' lang='grc' dir='ltr'><strong><em>μένον</em></strong></span> <span class='ocrx_word' id='word_1_178' title='bbox 274 2736 317 2825; x_wconf 75' lang='grc' dir='ltr'><strong><em>ην</em></strong></span> <span class='ocrx_word' id='word_1_179' title='bbox 339 2751 409 2817; x_wconf 80' lang='grc' dir='ltr'><strong><em>πῶς</em></strong></span> <span class='ocrx_word' id='word_1_180' title='bbox 436 2741 479 2806; x_wconf 82' lang='grc' dir='ltr'><strong><em>ἀν</em></strong></span> <span class='ocrx_word' id='word_1_181' title='bbox 505 2762 555 2816; x_wconf 85' lang='grc' dir='ltr'><strong><em>τις</em></strong></span> <span class='ocrx_word' id='word_1_182' title='bbox 584 2737 739 2826; x_wconf 78' lang='grc' dir='ltr'><strong><em>ἀσφαλῶς</em></strong></span> <span class='ocrx_word' id='word_1_183' title='bbox 765 2740 846 2805; x_wconf 81' lang='grc' dir='ltr'><strong><em>ἀνευ</em></strong></span> <span class='ocrx_word' id='word_1_184' title='bbox 874 2741 1036 2806; x_wconf 81' lang='grc' dir='ltr'><strong><em>κινδύνου</em></strong></span> <span class='ocrx_word' id='word_1_185' title='bbox 1058 2742 1161 2827; x_wconf 86' lang='grc' dir='ltr'><strong><em>δημη-</em></strong></span> 
     </span>
     <span class='ocr_line' id='line_1_25' title="bbox 152 2841 1160 2935; baseline 0 -21"><span class='ocrx_word' id='word_1_186' title='bbox 152 2849 279 2934; x_wconf 89' lang='grc' dir='ltr'><strong><em>γοροίη,</em></strong></span> <span class='ocrx_word' id='word_1_187' title='bbox 302 2849 403 2932; x_wconf 90' lang='grc' dir='ltr'><strong><em>μανία</em></strong></span> <span class='ocrx_word' id='word_1_188' title='bbox 425 2848 639 2933; x_wconf 85' lang='grc' dir='ltr'><strong><em>παραλείπειν</em></strong></span> <span class='ocrx_word' id='word_1_189' title='bbox 665 2854 785 2911; x_wconf 85' lang='grc' dir='ltr'><strong><em>τοῦτον</em></strong></span> <span class='ocrx_word' id='word_1_190' title='bbox 813 2843 855 2911; x_wconf 79' lang='grc' dir='ltr'><strong><em>ἀν</em></strong></span> <span class='ocrx_word' id='word_1_191' title='bbox 877 2841 919 2930; x_wconf 75' lang='grc' dir='ltr'><strong><em>ἣν</em></strong></span> <span class='ocrx_word' id='word_1_192' title='bbox 942 2849 1001 2914; x_wconf 83' lang='grc' dir='ltr'><strong><em>τὸν</em></strong></span> <span class='ocrx_word' id='word_1_193' title='bbox 1022 2851 1160 2935; x_wconf 88' lang='grc' dir='ltr'><strong><em>τρόπον·</em></strong></span> 
     </span>
     <span class='ocr_line' id='line_1_26' title="bbox 153 2947 1161 3039; baseline 0.003 -22"><span class='ocrx_word' id='word_1_194' title='bbox 153 2949 222 3017; x_wconf 81' lang='grc' dir='ltr'><strong><em>ἐπεὶ</em></strong></span> <span class='ocrx_word' id='word_1_195' title='bbox 250 2949 279 3016; x_wconf 85' lang='grc' dir='ltr'><strong><em>δ’</em></strong></span> <span class='ocrx_word' id='word_1_196' title='bbox 307 2951 432 3036; x_wconf 81' lang='grc' dir='ltr'><strong><em>ἀνάγκη</em></strong></span> <span class='ocrx_word' id='word_1_197' title='bbox 460 2953 519 3017; x_wconf 88' lang='grc' dir='ltr'><strong><em>τὸν</em></strong></span> <span class='ocrx_word' id='word_1_198' title='bbox 546 2947 621 3037; x_wconf 80' lang='grc' dir='ltr'><strong><em>περὶ</em></strong></span> <span class='ocrx_word' id='word_1_199' title='bbox 652 2961 719 3016; x_wconf 84' lang='grc' dir='ltr'><strong><em>τῶν</em></strong></span> <span class='ocrx_word' id='word_1_200' title='bbox 746 2954 935 3036; x_wconf 87' lang='grc' dir='ltr'><strong><em>μελλόντων</em></strong></span> <span class='ocrx_word' id='word_1_201' title='bbox 960 2952 1161 3039; x_wconf 86' lang='grc' dir='ltr'><strong><em>πραγμάτων</em></strong></span> 
     </span>
     <span class='ocr_line' id='line_1_27' title="bbox 154 3054 1161 3143; baseline 0.003 -20"><span class='ocrx_word' id='word_1_202' title='bbox 154 3058 289 3142; x_wconf 79' lang='grc' dir='ltr'><strong><em>γνώμην</em></strong></span> <span class='ocrx_word' id='word_1_203' title='bbox 301 3056 571 3143; x_wconf 82' lang='grc' dir='ltr'><strong><em>ἀποφαινόμενον</em></strong></span> <span class='ocrx_word' id='word_1_204' title='bbox 586 3059 776 3137; x_wconf 88' lang='grc' dir='ltr'><strong><em>[κοινωνεῖν</em></strong></span> <span class='ocrx_word' id='word_1_205' title='bbox 789 3068 859 3134; x_wconf 88' lang='grc' dir='ltr'><strong><em>τοῖς</em></strong></span> <span class='ocrx_word' id='word_1_206' title='bbox 872 3054 926 3123; x_wconf 87' lang='grc' dir='ltr'><strong><em>ἀπ’</em></strong></span> <span class='ocrx_word' id='word_1_207' title='bbox 945 3057 1054 3124; x_wconf 83' lang='grc' dir='ltr'><strong><em>αὐτῶν</em></strong></span> <span class='ocrx_word' id='word_1_208' title='bbox 1068 3081 1161 3142; x_wconf 90' lang='grc' dir='ltr'><strong><em>γενο-</em></strong></span> 
     </span>
     <span class='ocr_line' id='line_1_28' title="bbox 153 3160 1161 3253; baseline 0.004 -25"><span class='ocrx_word' id='word_1_209' title='bbox 153 3160 277 3248; x_wconf 81' lang='grc' dir='ltr'><strong><em>μένοις]</em></strong></span> <span class='ocrx_word' id='word_1_210' title='bbox 306 3160 361 3228; x_wconf 84' lang='grc' dir='ltr'><strong><em>καλ</em></strong></span> <span class='ocrx_word' id='word_1_211' title='bbox 388 3161 534 3250; x_wconf 80' lang='grc' dir='ltr'><strong><em>μετέχειν</em></strong></span> <span class='ocrx_word' id='word_1_212' title='bbox 561 3171 618 3247; x_wconf 78' lang='grc' dir='ltr'><strong><em>τῆς</em></strong></span> <span class='ocrx_word' id='word_1_213' title='bbox 645 3161 708 3228; x_wconf 90' lang='grc' dir='ltr'><strong><em>ἀπὸ</em></strong></span> <span class='ocrx_word' id='word_1_214' title='bbox 736 3164 864 3230; x_wconf 85' lang='grc' dir='ltr'><strong><em>τούτων</em></strong></span> <span class='ocrx_word' id='word_1_215' title='bbox 887 3166 1002 3248; x_wconf 80' lang='grc' dir='ltr'><strong><em>αἰτίας,</em></strong></span> <span class='ocrx_word' id='word_1_216' title='bbox 1024 3166 1161 3253; x_wconf 78' lang='grc' dir='ltr'><strong><em>αἰσχρὸν</em></strong></span> 
     </span>
     <span class='ocr_line' id='line_1_29' title="bbox 153 3264 1167 3356; baseline 0.001 -21"><span class='ocrx_word' id='word_1_217' title='bbox 153 3269 296 3354; x_wconf 80' lang='grc' dir='ltr'><strong><em>ἡγοῦμαι</em></strong></span> <span class='ocrx_word' id='word_1_218' title='bbox 326 3265 434 3351; x_wconf 82' lang='grc' dir='ltr'><strong><em>λέγειν</em></strong></span> <span class='ocrx_word' id='word_1_219' title='bbox 463 3264 524 3353; x_wconf 68' lang='grc' dir='ltr'><strong><em>μδν</em></strong></span> <span class='ocrx_word' id='word_1_220' title='bbox 553 3268 599 3345; x_wconf 81' lang='grc' dir='ltr'><strong><em>ὡς</em></strong></span> <span class='ocrx_word' id='word_1_221' title='bbox 627 3269 763 3353; x_wconf 78' lang='grc' dir='ltr'><strong><em>εὔνους,</em></strong></span> <span class='ocrx_word' id='word_1_222' title='bbox 792 3270 836 3355; x_wconf 80' lang='grc' dir='ltr'><strong><em>μὴ</em></strong></span> <span class='ocrx_word' id='word_1_223' title='bbox 863 3267 1041 3354; x_wconf 74' lang='grc' dir='ltr'><strong><em>ὑπομένειν</em></strong></span> <span class='ocrx_word' id='word_1_224' title='bbox 1063 3267 1111 3356; x_wconf 86' lang='grc' dir='ltr'><strong><em>δ’,</em></strong></span> <span class='ocrx_word' id='word_1_225' title='bbox 1131 3278 1167 3337; x_wconf 84' lang='grc' dir='ltr'><strong><em>εί</em></strong></span> 
     </span>
     <span class='ocr_line' id='line_1_30' title="bbox 154 3370 1161 3459; baseline -0.001 -19"><span class='ocrx_word' id='word_1_226' title='bbox 154 3398 203 3452; x_wconf 91' lang='grc' dir='ltr'><strong><em>τις</em></strong></span> <span class='ocrx_word' id='word_1_227' title='bbox 225 3373 262 3440; x_wconf 78' lang='grc' dir='ltr'><strong><em>ἐκ</em></strong></span> <span class='ocrx_word' id='word_1_228' title='bbox 283 3375 405 3441; x_wconf 88' lang='grc' dir='ltr'><strong><em>τούτου</em></strong></span> <span class='ocrx_word' id='word_1_229' title='bbox 431 3374 588 3450; x_wconf 89' lang='grc' dir='ltr'><strong><em>κίνδυνος</em></strong></span> <span class='ocrx_word' id='word_1_230' title='bbox 611 3375 709 3438; x_wconf 78' lang='grc' dir='ltr'><strong><em>ἔσται.</em></strong></span> <span class='ocrx_word' id='word_1_231' title='bbox 749 3375 886 3459; x_wconf 79' lang='grc' dir='ltr'><strong><em>εὔχομαι</em></strong></span> <span class='ocrx_word' id='word_1_232' title='bbox 910 3370 947 3438; x_wconf 72' lang='grc' dir='ltr'><strong><em>δὲ</em></strong></span> <span class='ocrx_word' id='word_1_233' title='bbox 968 3386 1037 3452; x_wconf 88' lang='grc' dir='ltr'><strong><em>τοῖς</em></strong></span> <span class='ocrx_word' id='word_1_234' title='bbox 1058 3382 1161 3458; x_wconf 82' lang='grc' dir='ltr'><strong><em>θεοῖς,</em></strong></span> 
     </span>
    </p>

    <p class='ocr_par' dir='ltr' id='par_1_7' title="bbox 88 3467 1166 3566">
     <span class='ocr_line' id='line_1_31' title="bbox 88 3467 1166 3566; baseline -0.004 -20"><span class='ocrx_word' id='word_1_235' title='bbox 88 3467 90 3471; x_wconf 44' lang='grc'><strong>’</strong></span> <span class='ocrx_word' id='word_1_236' title='bbox 157 3481 177 3546; x_wconf 82' lang='grc' dir='ltr'><strong><em>δ</em></strong></span> <span class='ocrx_word' id='word_1_237' title='bbox 206 3478 261 3546; x_wconf 83' lang='grc' dir='ltr'><strong><em>καὶ</em></strong></span> <span class='ocrx_word' id='word_1_238' title='bbox 290 3488 330 3566; x_wconf 75' lang='grc' dir='ltr'><strong><em>τῇ</em></strong></span> <span class='ocrx_word' id='word_1_239' title='bbox 360 3482 454 3545; x_wconf 84' lang='grc' dir='ltr'><strong><em>πόλει</em></strong></span> <span class='ocrx_word' id='word_1_240' title='bbox 483 3476 581 3564; x_wconf 83' lang='grc' dir='ltr'><strong><em>κάμοὶ</em></strong></span> <span class='ocrx_word' id='word_1_241' title='bbox 611 3477 791 3565; x_wconf 81' lang='grc' dir='ltr'><strong><em>συμφέρειν</em></strong></span> <span class='ocrx_word' id='word_1_242' title='bbox 820 3481 948 3562; x_wconf 82' lang='grc' dir='ltr'><strong><em>μέλλει,</em></strong></span> <span class='ocrx_word' id='word_1_243' title='bbox 974 3475 1061 3544; x_wconf 82' lang='grc' dir='ltr'><strong><em>ταῦτ’</em></strong></span> <span class='ocrx_word' id='word_1_244' title='bbox 1088 3477 1166 3563; x_wconf 79' lang='grc' dir='ltr'><strong><em>ἐμοί</em></strong></span> 
     </span>
    </p>
   </div>
   <div class='ocr_carea' id='block_1_4' title="bbox 0 0 1343 3926">
    <p class='ocr_par' dir='ltr' id='par_1_8' title="bbox 0 0 1343 3926">
     <span class='ocr_line' id='line_1_32' title="bbox 0 0 1343 3926; baseline 0 0"><span class='ocrx_word' id='word_1_245' title='bbox 0 0 1343 3926; x_wconf 95' lang='lat' dir='ltr'><strong><em> </em></strong></span> 
     </span>
    </p>
   </div>
  </div>
 </body>
</html>
