2658 3922
187 154 252 218 194
491 158 550 210 ιιι,
576 153 886 226 [ΔΗαοΣεεαοεΣ]

184 315 311 398 ἤθελον
332 317 440 404 τούτῳ
461 317 585 400 ταύτην
607 315 678 398 ἥτις
704 321 754 399 είη
778 317 914 400 μεγίστη
937 315 1044 391 πίστις
1067 313 1197 397 δοῦναι,

146 415 206 504 1⁸6
230 422 298 506 μὴν
320 421 384 504 ἐγὼ
406 429 467 487 τοῦ
484 423 606 507 πατρὸς
625 419 768 488 ἀκούειν.
806 415 903 496 οὗτος
921 415 959 487 δὲ
977 419 996 485 6
1014 417 1116 497 ἀξιῶν
1133 415 1191 503 ὑφ’

184 525 279 610 ὑμῶν
294 528 510 594 πιστεύεσθαι
528 527 573 604 ὡς
591 525 700 611 ἀληθῆ
719 523 838 611 λέγων,
855 529 929 613 τρία
948 528 1003 610 ἔτη
1023 526 1196 610 διαλιπών,

184 630 297 716 ἐπειδὴ
320 634 357 699 τὸ
379 644 512 718 πρῶτον
535 631 769 717 διαλεχθέντος
795 641 856 698 τοῦ
878 633 1001 718 πατρὸς
1022 640 1067 718 τῷ
1087 627 1195 717 ’Λρχε-

183 737 283 824 βιάδη
305 735 361 804 καὶ
382 749 452 815 τοῖς
469 740 581 814 ἀλλοις
599 749 668 814 τοῖς
686 738 899 823 Κηφισιάδου
918 735 1113 820 ἐπιτηδείοις
1135 735 1195 802 οὐκ

184 845 311 927 ἔφασαν
333 846 516 932 Καλλίππῳ
538 841 716 928 προσέχειν
735 845 794 909 τὸν
815 853 902 914 ,νοῦν
925 839 998 908 οὐδ
1025 834 1076 918 οἷς
1097 839 1195 925 λέγει,

184 945 297 1034 ἐπειδη
323 947 457 1036 ᾔσθετο,
476 948 648 1026 ἀδυνάτως
674 949 738 1034 ἤδη
767 952 884 1034 ἔχοντα
910 950 979 1016 τὸν
996 945 1121 1034 πατέρα
1141 945 1195 1012 ταὶ

184 1056 278 1137 μόλις
300 1056 347 1131 είς
369 1055 452 1120 άστυ
474 1053 698 1138 ἀναβαίνοντα
724 1052 780 1118 καὶ
806 1055 865 1120 τὸν
894 1053 1071 1138 ὀφθαλμὸν
1093 1053 1195 1119 αὐτὸν

145 1179 171 1219 ιι
184 1161 404 1245 προδιδόντα,
434 1161 590 1247 λαγχάνει
623 1159 711 1248 αὐτῷ
747 1160 863 1244 δίκην,
898 1159 939 1226 οὐ
969 1160 1014 1244 μὰ
1042 1155 1102 1226 Δί’
1136 1157 1196 1244 οὐχ
1205 1179 1276 1228 1240

184 1267 293 1352 ὥσπερ
322 1275 387 1333 νῦν
417 1265 597 1353 ἀργυρίου,
627 1264 710 1331 ἀλλά
740 1266 884 1350 βλάβης,
913 1263 1088 1349 ἐγκαλέσας
1118 1265 1196 1349 βλά-

182 1391 276 1438 πτειν
304 1369 422 1439 ἑαυτὸν
454 1371 656 1438 ἀποδιδόντα
683 1372 876 1457 Κηφισιάδῃ
908 1373 946 1438 τὸ
974 1369 1151 1458 ἀργύριον,
1177 1369 1195 1436 6

182 1476 333 1543 κατέλιπε
356 1478 480 1542 Λύκων
502 1475 775 1563 δἮραιιλεάτης
801 1474 878 1561 παρ’
906 1475 1012 1564 αύτῷ,
1035 1477 1115 1544 ἀνευ
1138 1476 1196 1542 αύ-

183 1593 243 1647 τοῦ
267 1582 517 1666 ὁμολογήσαντα
539 1583 583 1666 μὴ
607 1581 804 1650 ἀποδώσειν.
844 1583 955 1668 λαχὼν
974 1578 1011 1648 δὲ
1029 1583 1117 1668 παρὰ
1135 1578 1195 1666 μὲν

184 1697 244 1752 τοῦ
267 1688 436 1771 διαιτητοῦ
458 1687 605 1755 ἀνείλετο
627 1691 665 1754 τὸ
687 1701 929 1774 γραμματεῖον,
950 1686 1194 1774 προύκαλέσατο

185 1790 215 1858 δ’
238 1792 339 1857 αὐτὸν
363 1790 533 1879 ἐπιτρέψαι
551 1796 753 1881 Λνσυθείδη,
776 1794 879 1866 αὑτοῦ
897 1790 959 1879 μδν
976 1791 1032 1862 ιιαὶ
1051 1791 1195 1879 Ἰσοκρά-

183 1921 261 1974 τους
282 1896 337 1963 ιιαὶ
360 1893 527 1984 Ἀφαρέως
556 1896 692 1988 ἑταίρῳ,
720 1904 878 1990 γνωρίμῳ
908 1895 946 1966 δδ
975 1909 1036 1968 τοῦ
1064 1901 1194 1983 πατρός.

145 2024 171 2064 ιο
183 2001 418 2090 ἐπιτρέψαντος
439 2001 477 2070 δὲ
498 2014 558 2071 τοῦ
580 2008 714 2090 πατρός,
736 2003 777 2073 δυ
794 2001 856 2090 μὲν
874 2007 999 2092 χρόνον
1017 2006 1069 2088 ἔζη
1093 2003 1111 2070 6
1134 2024 1194 2068 πα·

183 2113 256 2197 τηρ,
279 2110 367 2195 ὅμως
388 2115 503 2195 καίπερ
527 2112 668 2188 οίκείως
683 2113 769 2197 ἔχων
795 2112 927 2188 τούτοις
947 2111 967 2178 6
990 2110 1194 2194 Λυσιθείδης

183 2217 245 2282 οὐκ
267 2217 388 2302 ἐτόλμα
411 2212 512 2282 οὐδὲν
529 2218 578 2293 είς
594 2216 679 2300 ἡμᾶς
698 2215 943 2302 ἐξαμαρτάνειν.
975 2219 1085 2290 ,καίτοι
1108 2215 1193 2282 ούτω

182 2318 270 2400 τινὲς
288 2322 501 2408 ἀναίσχυντοι
519 2333 585 2388 τῶν
604 2325 736 2389 οἰκείων
754 2333 821 2392 τῶν
840 2323 974 2407 τούτου,
997 2307 1081 2388 ὥστε
1105 2321 1193 2388 ἐτόλ-

183 2446 292 2513 μησαν
323 2437 548 2514 μαρτυρῆσαι,
580 2428 624 2506 ὡς
653 2429 671 2495 6
699 2425 761 2514 μὲν
792 2429 986 2506 Κάλλιππος
1016 2428 1117 2514 ὅρκον
1148 2438 1194 2515 τῳ

183 2531 281 2619 πατρὶ
303 2535 390 2618 δοίη,
419 2534 439 2600 6
462 2529 500 2599 δὲ
521 2535 628 2621 πατὴρ
658 2533 720 2600 οὐκ
752 2532 864 2601 ίθέλοι
893 2534 1013 2619 ὀμόσαι
1038 2535 1126 2621 παρὰ
1148 2541 1192 2621 τςδ

183 2640 383 2724 Λυσιθείδῃ,
404 2636 459 2703 καὶ
478 2645 605 2705 οίονται
622 2639 708 2724 ὑμᾶς
725 2644 852 2708 πείσειν
870 2639 915 2718 ὡς
936 2641 956 2707 6
977 2641 1195 2724 Λυσιθείδης,

183 2743 303 2819 οίιιείος
324 2738 386 2827 μὲν
409 2743 456 2808 διν
477 2750 524 2831 τῷ
544 2747 738 2835 Καλλίππῳ,
763 2746 899 2812 διαιτῶν
918 2741 956 2812 δὲ
973 2747 1035 2830 νην
1053 2747 1194 2829 δίαιταν,

182 2843 331 2932 ἀπέσχετ’
357 2846 401 2912 ἀν
422 2849 466 2932 μὴ
490 2849 552 2914 ούκ
573 2850 679 2927 εὐθὺς
704 2861 765 2918 τοῦ
792 2854 914 2935 πατρὸς
935 2853 1193 2936 καταδιαιτῆσαι,

183 2953 286 3020 αὐτοῦ
307 2976 345 3038 γε
369 2951 477 3042 έαντςῦ
506 2956 550 3039 μη
577 2953 737 3033 θέλοντος
764 2957 922 3025 δικαστοῦ
948 2955 1107 3041 γενέσθαι
1132 2967 1193 3024 τοῦ

146 3077 171 3118 ιε
183 3061 313 3146 πατρός.
350 3059 395 3136 ὡς
416 3055 454 3125 δὲ
473 3059 537 3143 ἐγὼ
556 3057 617 3144 μὲν
636 3061 745 3146 ἀληθῆ
765 3059 861 3146 λέγω,
884 3058 977 3131 οὗτοι
996 3059 1033 3128 δὲ
1050 3064 1192 3142 ψεύδον-

182 3188 247 3248 ται,
269 3177 401 3250 πρῶτον
423 3160 485 3251 μδν
508 3165 589 3232 αύτδ
611 3167 692 3253 ὑμῖν
714 3173 812 3238 τοῦτο
834 3168 984 3251 γενέσθω
1007 3173 1193 3255 τεκμήριον,

182 3269 234 3336 ὅτι
258 3271 457 3354 κατεγνώκει
484 3270 526 3337 ἀν
554 3271 658 3339 αὐτοῦ
681 3273 701 3339 6
723 3276 945 3358 Λυσιθείδης,
972 3270 1027 3340 ταὶ
1054 3274 1105 3340 ὅτι
1127 3274 1192 3358 έγὼ
1308 3287 1309 3356 j

183 3374 318 3460 ἐξούλης
347 3375 389 3441 δν
418 3379 562 3462 ἔφευγον
590 3387 674 3461 νῦν,
703 3375 775 3446 ἀλλ’
802 3378 863 3444 ούκ
892 3378 1054 3466 ἀργυρίου
1082 3381 1191 3464 δίκην.
1308 3359 1309 3400 ι

182 3483 265 3568 πρὸς
286 3477 324 3548 δὲ
346 3483 453 3572 τούτῳ
479 3481 544 3565 έίὸ
572 3481 651 3568 ὑμῖν
677 3485 756 3560 τοὺς
780 3485 945 3572 παρόντας
972 3482 1124 3552 ἑκάστοτε
1145 3492 1192 3573 τῷ
