2656 3926
363 192 551 246 1112001M1A.
578 194 864 249 xxxv-xxxvm.
1053 193 1119 258 385
1308 185 1311 322 ’χ

111 352 223 435 ἔμοιγε
243 351 378 417 δοκεῖτε.
415 353 447 417 εἰ
467 349 528 436 μὲν
552 353 594 437 δή
616 365 736 419 τιτῶν
759 354 868 420 αὐτῶν
891 357 1028 440 ἔμελλον
1050 363 1120 432 τοῖς

110 457 225 533 άλλοις
247 455 348 542 ἐρεῖν,
370 456 432 522 ούκ
454 456 497 523 δν
520 456 614 546 ᾤμην
636 460 709 524 δεῖν
732 458 838 544 λέγων
860 461 1019 547 ἐνοχλεῖν.
1054 469 1119 526 νῦν

111 557 150 626 δὲ
173 559 385 648 συμφέροντα
407 559 468 647 μίν
490 562 571 648 ύμῖν
594 563 749 649 άκοῦσαι,
776 566 963 633 παντάπασι
986 562 1016 631 δ’
1040 564 1197 651 άφε-ιῖῖσ

109 670 252 751 στηκότα
273 678 340 734 τῶν
362 668 428 735 ὑπὸ
450 680 518 734 τῶν
539 674 673 735 πολλῶν
699 668 985 757 προσδοκωμένων
1007 676 1118 755 οῖομαι

110 770 221 854 λέγειν
251 775 346 858 ἔχειν.
389 775 513 860 βραχύς
535 771 574 840 ’δ’
601 777 691 842 ἔσται
719 778 847 862 χρόνος.
890 773 1058 854 σκέψασθε
1080 772 1114 841 δ’

109 875 322 964 ἀκούσαντες,
342 879 406 946 κᾶν
427 879 509 965 ύμῖν
530 879 663 967 ἀρέσκῃ,
684 883 862 967 χρήσασθε.

579 1078 649 1140 ΛΖ.

176 1193 245 1262 Καὶ
261 1201 419 1283 βραχεῖαν
438 1193 465 1264 ὦ
482 1198 602 1285 ἄνδρες
613 1194 786 1283 Ἀθηναῖοι
801 1195 857 1263 καὶ
875 1199 1006 1264 δικαίαν
1023 1200 1119 1281 ποιή-

110 1317 210 1387 σομαι
231 1304 293 1387 τήν
316 1302 421 1389 ἀρχήν
448 1314 508 1370 τοῦ
536 1307 650 1388 λόχου·
673 1303 728 1370 καί
756 1300 835 1370 οὐδὲ
862 1305 901 1369 τά
922 1299 1017 1369 πάντ’
1044 1301 1118 1388 έρω.

108 1407 254 1491 ήῃούμαι
276 1408 340 1495 γάρ
362 1407 525 1486 ἐξαπατᾶν
548 1405 609 1494 μὲν
631 1403 720 1475 εἶναι
741 1408 948 1496 βουλομένου
972 1420 1118 1493 σκοπεῖν,

109 1510 213 1579 ὅντιν’
234 1512 321 1598 ὑμᾶς
341 1516 466 1600 τρόπον
483 1517 561 1592 τοὺς
583 1512 765 1592 ἀκούοντας
786 1515 827 1581 τά
848 1523 909 1582 τοῦ
930 1513 1120 1601 πράγματος

109 1621 253 1707 δυσχερῆ
279 1628 324 1709 τῷ
354 1622 442 1709 λόχφ
465 1620 702 1705 συγκρύψεται,
729 1619 840 1696 ἁπλῶς
866 1616 904 1685 δε
928 1622 1119 1698 πεπεικότος

112 1725 214 1792 αὑτὸν
236 1725 316 1810 ὑμῖν
338 1724 587 1812 προσφέρεσθαι
609 1735 707 1792 τοῦτο
734 1737 866 1810 πρῶτον
889 1720 990 1810 εἶναι,
1013 1728 1117 1792 εἰπεῖν

82 1826 219 1918 επότερ’
246 1829 397 1914 ἐγνωκὼς
417 1833 660 1917 παρελήλυθεν,
682 1829 726 1897 ἵν’
753 1831 812 1898 ἐάν
834 1826 896 1914 μὲν
919 1829 1118 1910 ἀκούσαντες

109 1947 207 2004 τοῦτο
229 1939 308 2014 τοὺς
329 1937 409 2021 μετὰ
431 1947 533 2003 ταῦτα
555 1940 675 2022 λόγους
696 1933 858 2023 βούλησθ’
886 1935 1036 2020 ἀκούειν,
1056 1934 1118 2004 καί

110 2043 252 2129 διδάσκῃ
274 2040 330 2107 καί
351 2043 457 2128 φράζῃ
480 2043 519 2108 τά
541 2039 689 2126 βέλτισθ’
712 2042 800 2131 αύτῷ
819 2042 993 2125 δοκοῦντα,
1015 2040 1058 2106 ἂν
1080 2038 1113 2108 δ’

111 2143 383 2231 ἀποδοκιμάσητ’,
412 2143 660 2231 ἀπηλλαγμένος
688 2139 711 2234 ᾗ
739 2144 795 2211 καὶ
821 2143 902 2230 μήθ’
935 2147 1016 2230 ὑμῖν
1046 2145 1118 2212 ένο-

111 2259 172 2339 χλῃ
202 2249 285 2337 μήθ’
312 2252 415 2318 αὑτὸν
442 2255 554 2338 κόπτῃ.
598 2251 662 2336 ἐγὼ
692 2252 734 2337 δή
761 2261 859 2318 τοῦτο
885 2263 1017 2338 πρῶτον
1044 2251 1117 2338 ἐρῶ.

112 2355 185 2443 έμολ
206 2361 301 2426 δοκεῖ
315 2361 556 2442 Μυτιληναίων
574 2359 592 2425 ό
612 2360 714 2442 δῆμος
735 2359 926 2442 ήδικήσθαι,
947 2354 1003 2424 καὶ
1021 2359 1117 2442 δίκην

111 2465 192 2548 ύμῖν
208 2461 292 2551 ὑπὲρ
310 2463 413 2530 αύτοῦ
430 2468 608 2551 προσήκειν
632 2466 755 2547 λαβεῖν.
790 2461 847 2530 καὶ
865 2463 953 2541 ὅπως
970 2459 1113 2548 λήψεσθ’

112 2574 174 2658 ἔχω
198 2569 323 2657 λέγειν,
351 2570 485 2637 ἐπειδάν
511 2569 557 2647 δις
582 2569 755 2654 ήδίκηνται
780 2567 836 2636 ααλ
857 2569 939 2654 ὑμῖν
959 2571 1117 2655 προσήκει

111 2682 251 2762 βοηθεῖν
273 2675 433 2756 ἐπιδείξω.
809 2677 812 2682 ’

573 2767 650 2830 ΛΗ.

178 2892 320 2975 Πρῶτον
342 2887 403 2976 μὲν
426 2889 468 2957 ού
493 2889 582 2956 πάνυ
608 2890 804 2973 θαυμαστόν
831 2886 920 2955 ἐστιν
947 2883 1117 2974 ὧάυδρες

110 2991 296 3078 Ἀθηναῖοι,
317 2999 356 3063 τὸ
377 2998 422 3082 μή
446 2997 583 3084 βαδίσας
604 3004 673 3071 τοῖς
695 2995 935 3079 συμβουλεύειν
957 2989 1118 3078 βουλομέ-

114 3123 186 3176 νοις
213 3093 299 3165 είναι
326 3104 404 3178 τοὺς
433 3105 566 3186 λόγους·
596 3100 676 3166 όταν
703 3100 767 3185 γὰρ
796 3099 836 3165 τά
864 3093 1026 3186 πράγματ’
1059 3099 1117 3184 ἔχῃ

114 3207 248 3290 φαύλως
268 3203 344 3291 περὶ
367 3199 414 3272 ὧν
437 3208 491 3274 δεῖ
517 3217 668 3291 σκοπεῖν,
695 3207 864 3292 δυσχερεῖς
889 3205 1015 3289 ἀνάγκη
1041 3201 1118 3291 περὶ

115 3312 223 3380 αύτῶν
249 3307 337 3377 εἶναι
363 3309 419 3376 καλ
444 3314 502 3389 τάς
527 3315 738 3397 συμβουλίας.
777 3314 810 3378 εἰ
830 3307 891 3396 μὲν
913 3306 976 3378 οὖν
998 3308 1035 3376 ἐκ
1055 3316 1117 3375 τού

115 3420 157 3503 μή
178 3416 293 3484 θέλειν
316 3415 449 3484 ἀκούειν
468 3414 559 3493 έλπλς
575 3425 677 3482 ταῦτα
694 3414 850 3500 γενέσθαι
867 3418 996 3499 βελτίω,
1017 3424 1115 3481 τοῦτο

114 3526 174 3610 χρή
196 3525 363 3612 πράττειν·
385 3525 418 3589 εἰ
438 3518 477 3587 δὲ
498 3525 596 3609 χείρω
618 3517 678 3606 μὲν
696 3522 835 3605 ἅπαντα,
856 3519 988 3607 βέλτιον
1006 3515 1036 3584 δ’
1058 3518 1116 3584 ού-

165 3637 186 3678 1>
186 3648 264 3680 11111
265 3649 288 3680 ε
315 3637 367 3681 τοι
380 3636 424 3678 m
920 3625 955 3676 25
1145 3630 1148 3634 ’
