2658 3922
508 156 605 208 ΚΑΤΑ
622 155 806 209 ΚΟΝΩΝΟΣ.
1099 152 1162 218 221

143 318 251 404 μύσας
280 314 484 401 ἀπήγγελλεν
512 316 602 401 ἡμῖν.
639 318 708 382 ἔστι
737 310 768 380 δ’
802 309 829 380 ὦ
858 315 979 400 ἄνδρες
1005 311 1158 381 δικασταὶ

143 423 354 489 ἀνυπόστατα
376 418 438 506 μὲν
458 422 500 487 τὰ
527 430 662 488 τοιαῦτα
687 423 891 506 τολμήματα·
919 420 956 487 οί
974 420 1038 506 γὰρ
1066 414 1158 505 οἶμαι

143 527 308 613 βέλτιστοι
329 525 388 594 καὶ·
408 524 514 612 ἥκιστ’
540 526 584 594 ἂν
606 526 705 594 αύτοί
722 550 755 593 τι
777 526 992 611 ψευσάμενοι,
1015 521 1153 610 μάλισθ’

143 635 208 701 ὑπὸ
230 645 299 701 τῶν
321 634 483 700 τοιούτων
501 631 737 712 ἐξαπατῶνται·
760 632 801 699 οὐ
819 633 886 717 μὴν
903 630 988 697 ἀλλὰ
1005 632 1060 697 δεῖ
1074 632 1235 716 πρόςιεσε

144 742 203 806 τὸν
231 742 309 825 βίον
336 736 393 806 καὶ
425 740 486 805 τόν
517 740 643 824 τρόπον
677 736 952 822 [ἀπο]βλέποντας
979 737 1157 803 πιστεύειν.

104 846 206 929 σθτήν
234 841 271 910 δὲ
297 846 418 911 τούτου
446 846 529 929 πρὸς
553 844 595 910 τὰ
621 839 745 910 τοιαῦτ’
777 844 957 929 ὀλιγωρίαν
984 841 1049 925 ἐγὼ
1074 843 1157 929 πρὸς

145 949 233 1036 ὑμᾶς
259 949 336 1037 ἐρῶ·
359 948 527 1034 πέπυσμαι
553 949 618 1036 γὰρ
645 947 679 1028 ἐξ
706 947 860 1032 ἀνάγκης.
901 948 1011 1015 ἀκούω
1037 948 1101 1034 γὰρ
1129 943 1156 1014 ὦ

145 1056 266 1142 ἄνδρες
289 1052 440 1121 δικασταὶ
462 1054 609 1140 Βάκχιόν
635 1051 675 1120 τέ
692 1076 784 1138 τινα,
811 1053 847 1130 ὃς
873 1051 950 1140 παρ’
976 1052 1058 1138 ὑμῖν
1080 1052 1156 1119 ἀπέ-

142 1167 240 1246 θανε,
261 1158 318 1228 καὶ
337 1159 590 1245 Ἀριστοκράτην
607 1161 668 1226 τὸν
685 1161 764 1235 τοὺς
781 1158 978 1245 ὀφθαλμοὺς
996 1160 1157 1245 διεφθαρ-

142 1265 245 1351 μένον
280 1263 337 1332 καὶ
373 1265 545 1341 τοιούτους
580 1261 713 1350 ἑτέρους
747 1261 803 1330 καὶ
834 1266 978 1330 Κόνωνα
1012 1267 1157 1348 τουτονί,

143 1371 294 1459 ἑταίρους
316 1366 403 1437 είναι
429 1366 570 1454 μειράκι’
596 1370 695 1448 ὁντας
720 1367 776 1435 καὶ
803 1372 1008 1457 Τριβαλλούς
1030 1368 1157 1436 έπωνυ·

143 1481 223 1562 μίαν
254 1479 355 1564 ἔχειν·
386 1476 526 1552 τούτους
554 1475 595 1541 τά
615 1473 653 1540 δ’
681 1472 837 1542 Ἑκαταῖα
864 1477 1073 1561 κατεσθίειν,
1100 1473 1158 1542 καὶ

142 1587 221 1660 τοὺς
243 1584 353 1670 ὄρχεις
375 1582 454 1658 τούς
475 1579 513 1647 έκ
534 1591 601 1646 τῶν
622 1584 759 1668 χοίρων,
780 1573 832 1660 οἷς
852 1579 1051 1668 καδαίρουσ
1078 1581 1157 1650 ὁταν

144 1686 282 1755 εἰσιέναι
310 1687 473 1774 μέλλωσι,
508 1685 728 1772 συλλέγοντας
761 1683 914 1754 ἑκάστοτε
944 1688 1156 1754 συνδειπνεῖν

102 1814 132 1854 ιο
144 1793 312 1879 ἀλλήλοις,
329 1790 385 1860 καὶ
403 1794 487 1882 ῥᾷον
506 1793 650 1878 ὀμνύναι
662 1791 856 1879 κάπιορκεῦν
868 1791 890 1877 ἢ
903 1792 1027 1860 ὁτιοῦν.
1059 1793 1101 1860 ού
1114 1795 1156 1879 δὴ

144 1902 265 1966 Κόνων
288 1899 308 1966 ὁ
330 1908 479 1977 τοιοῦτος
500 1901 615 1976 πιστός
637 1898 729 1965 ἐστιν
751 1897 901 1982 ὀμνύων·
929 1895 1008 1965 ούδὸ
1029 1903 1156 1966 πολλοῦ

144 2007 209 2072 δελ·
233 2001 305 2070 ἀλλ’
333 2004 351 2071 ὁ
374 2001 451 2088 μηδ’
477 2005 620 2089 εὔορκον
646 1999 752 2088 μηδεν
779 2003 822 2070 ἂν
850 2004 989 2089 ὀμόσας,
1014 2005 1096 2070 κατὰ
1119 2000 1157 2071 δε

145 2113 186 2196 δὴ
205 2111 336 2176 παίδων
353 2103 402 2176 ὧν
419 2111 464 2194 μδ
482 2112 628 2194 νομίζετε
646 2107 723 2195 μηδ’
740 2109 783 2177 δν
801 2109 975 2196 μελλήσας,
993 2109 1077 2177 ἀλλὰ
1094 2109 1157 2177 ια’ὁν

146 2217 261 2282 ὁτιοῦν
283 2215 404 2279 παθὼν
425 2216 599 2300 πρότερον,
622 2215 653 2280 εί
674 2211 704 2280 δ’
727 2212 779 2303 ἄρ’
802 2215 997 2302 ἀναγκαῖον,
1021 2217 1157 2301 ὀμνύων

147 2321 192 2397 ὡς
206 2321 362 2404 νόμιμον,
379 2315 451 2384 κατ’
468 2318 619 2398 ἐξωλείας
640 2318 744 2387 αὐτοῦ
761 2319 817 2387 καὶ
834 2320 952 2405 γένους
968 2319 1024 2388 καὶ
1042 2324 1158 2408 οίιιίας,

147 2425 412 2511 ἀξιοπιστότερος
441 2434 502 2491 τοῦ
538 2424 619 2490 κατὰ
651 2436 718 2492 τῶν
747 2428 878 2493 παίδων
909 2427 1072 2512 ὀμνύντος
1102 2426 1157 2494 καὶ

146 2533 203 2598 διὰ
221 2541 281 2598 τοῦ
301 2535 415 2617 πυρός.
451 2528 516 2615 δγδε
539 2534 655 2597 τοίνυν
673 2531 693 2598 ὁ
712 2532 918 2619 δικαιότερόν
941 2550 1004 2600 σου
1025 2551 1157 2601 πιστευ-

144 2637 219 2715 θεὶς
241 2637 285 2704 δν
305 2638 389 2704 κατὰ
410 2633 507 2706 πάντ’
533 2632 560 2703 δ)
583 2638 721 2722 Κόνων,
746 2635 884 2722 ἠδέλησ
912 2638 1031 2724 ὀμόσαι
1052 2644 1157 2726 ταυτί,

146 2743 207 2830 οὐχ
233 2739 317 2830 ὑπὲρ
344 2753 405 2810 τοῦ
432 2744 476 2828 μὴ
504 2744 624 2809 δοῦναι
649 2745 766 2828 δίκην,
789 2737 923 2811 ὧνί
863 2745 1003 2830 ἠδίκηκα
1010 2747 1157 2831 ,ὁτιοῦν

147 2859 269 2934 ποιῶν,
296 2850 406 2935 ὥσπερ
434 2848 494 2933 σύ,
522 2845 593 2914 ἀλλ’
620 2845 704 2935 ὑπὲρ
731 2857 789 2933 τῆς
816 2847 976 2933 ἀληθείας
995 2849 1051 2917 καὶ
1072 2848 1156 2939 ὑπὲρ

146 2964 206 3020 τοῦ
232 2956 277 3039 μὴ
296 2958 603 3041 προσυβρισθῆναι,
627 2955 672 3032 ὡς
697 2953 738 3020 ού
761 2959 1097 3086 κατεπιορκησόμενος
1118 2960 1156 3026 τὸ

146 3061 287 3148 πρᾶγμα.
300 3059 399 3146 λέγε
419 3061 482 3146 τὴν
503 3063 696 3147 πρόκλησιν.

541 3253 766 3311 ΠΡΟΚΛΗΣῙΣ.

106 3397 134 3438 ιι
221 3375 321 3444 Ταῦτ’
338 3376 403 3463 ἐγὼ
416 3373 472 3445 καὶ
485 3376 551 3445 τότ’
571 3378 721 3464 ἠθέλησα
739 3371 869 3466 ὀμόσαι,
886 3379 942 3447 καὶ
959 3392 1024 3449 νῦν
1042 3381 1156 3467 ὀμνύω

147 3486 226 3560 τοὺς
250 3487 354 3562 θεοὺς
380 3483 436 3551 καί
462 3486 520 3562 τὰς
545 3486 628 3563 θεας
654 3488 799 3564 ἅπαντας
825 3485 881 3554 καὶ
909 3485 1035 3564 ἁπάσας
1061 3487 1155 3569 ὑμῶν
