2650 3918
519 154 730 208 ΕΠΙΤΔΦΙΟΣ.
1063 147 1128 215 337

9 295 10 302 ’
114 314 250 398 γνώμης
276 310 442 392 ἀπόδειξίς
469 310 559 379 ἐστιν
585 306 624 380 εὖ
650 313 855 399 φρονούσης·
881 309 939 379 καὶ
964 319 1022 396 τῆς
1043 309 1132 395 παρά

114 431 186 496 τοίς
208 417 368 502 Ἕλλησιν
400 417 538 502 ἀγνοίας
572 416 789 503 μεμειγμένης
822 421 935 506 κακία,
970 414 1017 486 ὅτ’
1051 415 1132 500 ἐνῆν

115 535 221 593 ταῦτα
242 524 386 592 κωλύειν
407 522 575 609 ἀσφαλῶς,
597 524 638 590 τά
661 519 722 608 μὲν
745 523 786 590 οὐ
808 524 1013 610 προορώσης,
1034 522 1075 589 τά
1093 516 1127 586 δ’

116 628 389 717 εἰρωνευομένης,
412 630 516 714 ὅμως,
543 626 629 715 ἡνίχ’
656 629 852 715 ὑπήκουσαν
873 628 928 695 καί
950 631 990 696 τὰ
1013 626 1132 695 θέοντα

9 777 10 826 χ
115 748 226 803 ποιεῖν
248 734 434 822 ἠθέλησαν,
462 735 524 801 ούκ
552 734 834 821 ἐμνησικάκησαν,
859 732 943 801 ἀλλὰ
969 734 1132 822 προστάν-

116 866 170 920 τες
196 839 252 910 καί
278 844 502 928 παρασχόντες
517 841 657 906 ’ἅπαντα
684 841 883 928 προθύμως,
915 838 1131 924 καίσόματα

9 957 10 964 ’
116 945 172 1014 καί
189 951 338 1035 χρηματα
355 945 412 1014 καί
435 946 641 1032 συμμάχους,
662 948 711 1024 εἰς
727 959 845 1033 πεῖραν
863 943 974 1030 ἦλθον
992 945 1132 1028 ἀγῶνος,

79 1070 105 1111 1⁹
118 1057 166 1131 εἰς
188 1053 228 1120 ὃν
251 1049 332 1121 οὐδὲ
353 1061 411 1138 τῆς
431 1061 540 1138 ψυχῆς
560 1051 744 1137 ἐφείσαντο.
782 1051 814 1131 ἐξ
834 1050 978 1136 ἀνάγκης
996 1047 1033 1116 δὲ
1051 1067 1133 1136 σνμ

117 1163 243 1244 βαίνει,
266 1159 346 1226 ὅταν
369 1159 455 1245 μάχη
473 1161 648 1242 γίγνηται,
675 1170 745 1236 τοῖς
772 1154 833 1243 μέν
858 1158 1038 1243 ἡττᾶσθαι,
1064 1167 1134 1233 τοίς

9 1283 10 1292 ’
117 1263 155 1332 ἀὲ
172 1275 285 1336 νικᾶν·
309 1265 371 1331 οὐκ
393 1263 436 1332 ἀν
458 1263 637 1349 ὀκνήσαιμι
659 1259 690 1328 δ’
718 1267 839 1348 εἰπεῖν,
861 1264 913 1330 ότι
935 1251 992 1347 μοι
1015 1262 1133 1328 δοκοῦ-

117 1388 173 1440 σιν
196 1373 233 1440 οί
251 1375 466 1447 τελευτῶντες
488 1367 654 1456 ἑκατέρων
677 1369 714 1436 ἐν
736 1367 841 1455 τάξει,
868 1376 926 1452 τῆς
952 1363 1014 1453 μὲν
1035 1368 1134 1452 ἥττης

9 1461 10 1466 ¹
117 1478 159 1544 ού
181 1474 341 1563 μετέχειν,
362 1473 514 1542 νικᾶνά
542 1477 665 1559 ὁμοίως
687 1474 877 1561 ἀμφότεροι.
922 1477 960 1541 τὸ
983 1470 1046 1559 μὲν
1069 1473 1134 1559 γάρ

9 1611 10 1664 ss
118 1594 251 1670 κρατεῖν
274 1581 311 1648 έν
332 1593 404 1658 τοῖς
425 1583 543 1666 ζῶσιν,
570 1582 614 1658 ὡς
636 1580 678 1647 ἀν
701 1582 720 1647 ὁ
743 1582 871 1665 δαίμων
893 1580 1043 1668 παραδῷ,
1064 1582 1135 1665 κρί-

9 1669 10 1738 ἰ
118 1709 223 1756 νεται·
251 1687 270 1754 ὃ
294 1685 324 1754 θ’
352 1690 400 1766 εἰς
420 1683 518 1755 τοῦθ’
545 1685 685 1753 ἕκαστον
711 1688 780 1753 ἔδει
802 1683 1048 1773 παρασχέσθαι,
1069 1694 1134 1764 πᾶς

119 1796 138 1868 ὁ
166 1793 276 1880 μένων
305 1793 343 1861 όν
371 1792 461 1872 τάξει
488 1797 676 1879 πεποίηκεν.
721 1795 753 1860 εἰ
781 1789 820 1858 θλ
847 1795 973 1877 θνητὸς
999 1793 1047 1858 ὢν
1072 1793 1135 1878 την

119 1899 320 1987 εἱμαρμένην
343 1903 428 1986 ἔσχε,
451 1907 490 1985 τη
513 1901 595 1986 τύχη
613 1897 762 1966 πέπονθε
781 1901 819 1966 τὸ
839 1901 1036 1984 συμβαῖνον,
1050 1896 1136 1985 -ούχί

79 2022 106 2063 ²⁰
119 2008 181 2091 την
202 2006 315 2091 ψυχὴν
337 2005 471 2087 ἥττηται
493 2013 560 2068 τῶν
583 2002 754 2070 ἐναντίων.Ι
794 2006 918 2087 νομίζω
940 2007 1057 2070 τοίνυν
1078 2005 1134 2070 καί

119 2122 180 2179 τοῦ
211 2119 269 2193 τῆς
299 2109 408 2195 χώρας
437 2108 532 2192 ἡμῶν
568 2109 613 2193 μη
650 2107 804 2193 ἐπιβῆναι
834 2111 913 2185 τοὺς
943 2101 1133 2193 πολεμίους,

120 2205 203 2301 πρὸς
225 2221 264 2298 τη
287 2223 354 2278 τῶν
382 2213 541 2278 ἐναντίων
568 2211 790 2300 ἀγνωμοσύνη
807 2215 879 2298 ’την
906 2214 1034 2280 τούτων
1060 2213 1135 2302 ἀρε·
1146 2223 1214 2277 1395

120 2322 183 2405 τὴν
205 2320 314 2387 αἰτίαν
336 2323 551 2402 γεγενῆσθαι·
578 2316 648 2384 κατ’
677 2319 785 2405 ἀνδρα
811 2320 874 2406 γὰρ
901 2329 1021 2407 πείραν
1049 2322 1137 2405 εἰλη-

121 2429 220 2513 φότες
243 2426 280 2490 οί
297 2426 370 2490 τότε
394 2423 630 2508 συμμείξαντες
653 2423 731 2510 ἐκεῖ,
753 2423 815 2490 οὐκ
837 2422 1009 2510 ἐβούλοντ’
1036 2421 1138 2505 αὖθις

122 2535 169 2610 εἰς
190 2530 303 2616 ἀγῶνα
320 2533 546 2596 καθίστασθαι
568 2542 638 2607 τοίς
660 2530 799 2597 ἐκείνων
822 2532 967 2617 οἰκείοις,
989 2531 1137 2618 ὑπολαμ-

122 2638 281 2724 βάνοντες
303 2647 375 2713 ταῖς
398 2632 459 2720 μὲν
477 2636 620 2721 φύσεσιν
643 2645 715 2714 ταῖς
733 2635 862 2722 ὁμοίαις
879 2636 1138 2723 ἀπαντήσεσθαι,

125 2744 228 2830 τύχην
251 2739 282 2812 θ’
305 2743 367 2809 οὐκ
384 2743 530 2828 εύπορον
548 2737 635 2808 εἰναι
657 2744 719 2827 τὴν
742 2742 861 2828 ὁμοίαν
883 2747 1024 2828 λαβεῖν’
1042 2747 1142 2831 θηλοί
1251 2759 1255 2772 ’

128 2845 158 2918 δ’
185 2849 246 2935 ούχ
268 2845 382 2934 ἥκισθ’
409 2849 460 2915 ὅτι
482 2845 583 2915 ταῦθ’
610 2848 715 2926 οὕτως
741 2850 807 2936 ἰχει
829 2847 885 2916 καὶ
906 2852 946 2918 τά
967 2859 1025 2936 τῆς
1046 2874 1140 2941 γεγοη-

127 2956 226 3031 ννίας
248 2956 392 3040 εἰρήνης·
416 2954 458 3021 ού
481 2954 545 3041 γὰρ
569 2950 673 3022 ἔνεστ’
695 2956 801 3022 εἰπείν
823 2953 892 3022 οὔτ’
915 2955 1140 3045 ἀληθεστέραν

129 3059 206 3124 οὔτε
235 3063 357 3126 καλλίω
385 3063 574 3147 πρόφασιν,
601 3067 662 3127 τοῦ
688 3068 746 3144 της
772 3072 839 3128 τῶν
864 3065 1140 3149 τετελευτηκότων

130 3160 317 3249 ἀγασθέντ’
345 3163 470 3251 ἀρετᾶς.
492 3168 553 3234 τὸν
583 3177 650 3232 τῶν
682 3165 843 3234 ἐναντίων
873 3170 1010 3254 κύριον,
1040 3173 1140 3254 φίλον

125 3267 283 3354 γενέσθαι
308 3281 379 3347 τοίς
401 3273 535 3350 οἰκείοις
551 3274 735 3358 βούλεσθαι
750 3267 896 3360 μᾶλλον,
915 3273 937 3358 ἧ
959 3273 1060 3340 πάλιν
1081 3270 1140 3341 τὸν

102 3374 209 3465 ειύπὲρ
230 3375 427 3444 τῶνύλων
451 3379 617 3444 Χκίνδυνον
647 3379 802 3463 ἀρασθαι.
846 3374 937 3464 οἰμαι
967 3377 996 3444 θ’
1024 3377 1083 3462 ἀν,
1111 3387 1147 3445 εἰ

128 3503 176 3560 τις
208 3483 330 3561 αὐτοὺς
366 3485 445 3560 τοὺς
480 3483 768 3569 παραταξαμένους
804 3483 996 3572 ἐρωτήσειε,
1028 3477 1137 3565 πότερ’

186 3595 311 3639 nutem.
339 3597 391 3639 Vol.
404 3595 448 3637 111
949 3590 982 3639 22
