2658 3922
173 207 239 274 216
486 210 557 264 mv,
586 206 867 260 ΔΗυουοευονυ

174 382 236 448 ψαι
257 371 340 454 πρὸς
360 369 446 453 ἡμᾶς
466 365 689 456 ἐρησομένους
715 367 734 434 ὑ
756 390 789 432 τι
816 363 886 432 ἐστὶ
907 367 945 432 τὺ
968 367 1187 449 συμβεβηκός.

134 474 259 550 ιιὺλος
281 469 312 538 δ’
335 467 362 538 ὦ
384 473 506 558 ἀνδρες
527 470 678 539 δικασταὶ
701 472 832 538 δίκαιον
854 466 916 556 μέν
938 467 1053 536 ούδινὶ
1076 471 1186 555 δήπου

173 587 296 662 σκῆψιν
319 578 478 663 οὐδεμίαν
499 578 657 662 τοιαύτην
679 573 758 650 οὐδ’Ι
779 577 895 642 ἀδιιαν
921 574 1081 662 ὑπάρχειν
1102 571 1182 660 παρ’

172 684 267 768 ὑμῖν,
289 681 335 750 δι’
359 683 405 768 ἣν
424 683 573 769 ὑβρίζειν
595 681 735 762 ἐξέσται·
757 683 790 749 εί
805 679 842 748 ’δ’
864 677 916 768 ἀρ’
944 680 1018 747 ἐστί
1035 705 1092 771 τςο,
1113 691 1187 758 τοίς

173 785 219 855 δι’
244 789 377 868 ἡλικίαν
403 790 531 856 τούτων
552 810 586 855 τι
607 788 803 874 πράττουσι,
829 788 959 864 τούτοις
987 785 1186 854 ἀποκεῖσθαι

172 897 332 979 προσήκει
356 895 416 970 τὰς
440 894 593 970 τοιαύτας
622 892 829 978 καταφυχός,
859 890 1024 970 κάκείνοις
1050 893 1113 958 οὐκ
1138 893 1187 970 είς
1323 921 1324 924 “

172 1002 211 1066 τὸ
243 1000 288 1084 μη
320 1000 440 1066 δοῦναι
471 1000 585 1083 δίκην,
616 995 688 1064 ἀλλ’
721 998 770 1075 είς
799 998 837 1064 τὸ
867 1005 925 1082 τῆς
954 996 1187 1082 προσηκούσης

133 1127 161 1168 ιν
175 1103 307 1171 έλάττοι.
350 1106 441 1183 ὅστις
460 1101 499 1170 ’δ’
526 1103 609 1170 έτῶν
638 1100 700 1188 μέν
729 1101 799 1170 έστι
826 1105 991 1169 πλειόνων
1018 1101 1041 1188 ἦ
1068 1105 1186 1186 πεντή-

173 1233 293 1295 κοντα,
325 1211 442 1297 παρὼν
475 1205 513 1276 δέ
546 1207 720 1296 νεωτέροις
751 1206 944 1295 ἀνθρώποις
971 1205 1028 1274 καλ
1054 1208 1187 1286 τούτοις
1323 1209 1325 1254 ἒ

172 1315 293 1402 υίέσιν,
315 1315 376 1403 οὑχ
398 1315 487 1392 ὅπως
509 1313 690 1402 ἀπέτρεψεν
712 1313 734 1399 ἦ
757 1315 969 1397 διεκώλυσεν,
991 1309 1065 1380 ἀλλ’
1086 1313 1187 1392 αὐτὸς
1323 1323 1325 1328 ’

173 1421 307 1506 ἡγεμὼν
330 1418 386 1486 καί
413 1431 543 1507 πρῶτος
570 1417 626 1486 καί
657 1420 791 1487 πόντον
820 1420 1068 1505 βδελυρώτατος
1094 1418 1187 1504 γενέ-

173 1550 282 1611 νηται,
305 1523 369 1591 τίν’
390 1524 433 1592 ἀν
455 1521 554 1604 οὗτος
574 1525 671 1606 ἀξίαν
691 1537 760 1592 τῶν
781 1524 1023 1612 πεπραγμένων
1044 1525 1188 1612 ὑπόσχοι

175 1633 287 1714 δίκην;
310 1629 383 1715 έχδο
399 1627 461 1716 μέν
483 1631 548 1715 γὰρ
570 1629 646 1698 οὐδ’
668 1628 871 1699 ἀποθανόντ’
893 1637 1014 1717 οἴομαι.
1048 1630 1186 1716 καὶγὰρ

174 1738 207 1802 εί
233 1731 339 1820 μηδέν
368 1736 468 1814 αὑτὸς
496 1743 650 1823 εἴργαστο
677 1749 746 1803 τῶν
773 1735 1026 1825 πεπραγμένων,
1053 1732 1129 1802 ἀλλ’
1154 1739 1188 1803 εί

173 1844 415 1927 παρεστηκότος
439 1842 560 1909 τούτου
587 1845 733 1926 Κτησίας
758 1842 778 1910 ὑ
799 1844 874 1922 υίὸς
895 1843 914 1910 ὑ
935 1844 1056 1910 τούτου
1083 1838 1181 1909 ταῦθ’
1197 1859 1268 1910 1264

175 1948 258 2034 ἀπιρ
289 1944 368 2014 νυνὶ
398 1948 584 2033 πεποιηκὼς
614 1947 784 2033 ἐφαίνετο,
819 1958 938 2016 τοῦτον
974 1944 1108 2033 ἐμισεῖτ’
1142 1946 1186 2013 ἀν

135 2074 162 2116 ιι
176 2054 319 2132 δικαίοις.
361 2054 394 2119 εί
420 2054 484 2139 γὰρ
513 2053 600 2120 οὑτω
629 2057 709 2133 τοὺς
735 2054 839 2122 αὑτοῦ
867 2063 1028 2141 προῆκται
1055 2055 1186 2138 παῖδας,

175 2155 252 2225 ὥστ’
279 2158 432 2227 ἐναντίον
455 2157 739 2246 ἐξαμαρτάνοντας
765 2157 902 2243 ἑαυτοῦ,
927 2157 984 2227 καὶ
1009 2157 1101 2227 ταῦτ’
1129 2157 1181 2245 ἐφ’

175 2259 224 2330 ὧν
253 2264 355 2344 ἐνίοις
381 2265 530 2343 θάνατος
556 2265 578 2350 ἡ
609 2269 705 2351 ζημία
738 2277 860 2350 κεῖται,
892 2268 972 2351 μητε
1005 2269 1187 2350 φοβεῖσθαι

176 2369 249 2457 μήτ’
275 2373 511 2458 αἰσχύνεσθαι,
542 2374 578 2437 τί
600 2381 720 2438 τοῦτον
747 2370 809 2438 οὑκ
834 2370 878 2437 ἀν
904 2373 1038 2450 εἰκότως
1062 2377 1187 2438 παὺείν

176 2484 308 2556 οίισδε;
345 2475 410 2560 έχδο
446 2473 508 2561 μέν
543 2478 608 2564 χδρ
638 2477 783 2561 ἡγοῦμαι
818 2473 909 2543 ταῦτ’
943 2472 1031 2543 εἶναι
1068 2488 1187 2562 σημεῖα

176 2593 238 2650 τοῦ
265 2578 349 2667 μηδὲ
375 2592 495 2648 τοῦτον
521 2583 581 2650 τὸν
609 2579 729 2649 ἑαυτοῦ
755 2579 866 2668 πατέρ’
897 2584 1129 2670 αἰσχύνεσθαι·
1156 2588 1189 2651 εί

176 2687 239 2771 γὰρ
268 2685 397 2753 ἐκεῖνον
426 2687 525 2764 αὐτὸς
555 2687 648 2773 ἐτίμα
675 2686 838 2772 κάδεδίει,
868 2685 932 2754 κάν
962 2690 1102 2768 τούτους
1127 2689 1186 2756 αὑ-

176 2793 236 2857 τὸν
258 2791 363 2874 ἠξίου.

137 2919 165 2960 ιι
245 2893 338 2982 Λαβέ
361 2898 403 2981 δή
426 2896 560 2983 μοικαὶ
582 2902 660 2976 τοὺς
681 2902 822 2983 νόμους,
842 2901 902 2965 τόν
924 2922 960 2967 τε
980 2909 1038 2985 τῆς
1059 2902 1189 2988 ὑβριως

176 3001 230 3069 καὶ
253 3004 313 3069 τὸν
335 2999 501 3088 περὶτῶν
524 3006 739 3071 λωποδυτῶν·
766 3001 907 3091 καὶγὰρ
929 3006 1059 3084 τούτοις
1080 3005 1188 3092 ἀμφο-

176 3107 284 3195 τέροις
306 3107 443 3194 ἐνόχους
463 3110 601 3188 τούτους
623 3114 757 3190 ὄψεσθε.
793 3108 877 3194 λέγε.

616 3304 742 3357 ΝΟΜΟΙ.

249 3426 386 3504 Τούτοις
406 3439 477 3505 τοῖς
497 3429 614 3512 νόμοις
636 3427 833 3513 ἀμφοτέροις
855 3427 979 3506 ἐκτῶν
1000 3431 1187 3516 πεπραχμέ·

177 3555 246 3597 νων
270 3536 384 3619 ἔνοχος
407 3535 528 3600 Κόνων
551 3530 641 3597 έστίν
662 3532 790 3599 οὑτοσί·
812 3531 868 3598 καί
890 3535 952 3618 χάρ
974 3535 1106 3620 ὕβριζεν
1128 3535 1186 3604 καὶ
