2658 3914
467 166 565 217 RATA
582 165 781 218 Σνεοεαου
798 167 830 220 Β.
1110 166 1151 232 97

144 323 200 392 καὶ
230 325 311 390 αὐτὸ
342 335 441 392 τοῦτο
469 323 644 410 ἐπιδεῖξαι,
671 326 716 403 ὡς
745 326 821 392 οὔτε
852 325 983 393 διέθετο
1007 327 1025 394 6
1047 328 1154 413 πατὴρ

143 432 238 516 ἡμῶν
257 432 423 516 διαθήκην
442 422 613 516 οὐδεμίαν,
636 429 712 497 οὔθ’
740 432 776 498 οἱ
790 435 888 517 νόμοι
906 431 1015 498 ἐῶσιν.
1042 435 1075 498 εἰ
1090 434 1153 520 γάρ

142 561 192 614 τις
220 539 328 620 έροιτο
358 537 460 622 ὑμᾶς,
486 533 564 602 καθ’
592 537 728 614 ὁποίους
755 539 881 623 νόμους
908 539 962 603 δεῖ
987 539 1154 604 πολιτεύε-

144 650 225 709 σθαι
248 643 345 728 ἡμᾶς,
365 645 471 727 δῆλον
493 642 544 708 ὅτι
563 640 795 729 ἀποκρίναισθ’
820 642 865 710 ἀν
886 645 968 710 κατὰ
989 647 1068 722 τοὺς
1090 669 1155 711 κει-

143 748 273 834 μένους.
319 747 402 814 ἀλλά
434 750 501 832 μὴν
528 749 564 814 ολ
590 772 627 833 γε
656 751 755 833 νόμοι
782 748 1026 835 ἀπαγορεύουσι
1056 746 1155 835 <μηδὲ

142 858 250 939 νόμον
273 853 394 933 ἐξεῖναι
417 851 466 920 ἐπ’
489 852 589 940 ἀνδρὶ
612 861 737 938 θεῖναι,
760 853 802 920 ἀν
825 856 868 939 μὴ
891 857 951 922 τὸν
974 855 1075 922 αὐτὸν
1099 853 1151 942 ἐφ’

103 981 128 1021 ιι
143 962 266 1026 ἅπασιν
285 957 501 1046 Ἀθηναίοις]
548 960 672 1026 οὐκοῦν
695 960 714 1026 6
737 955 798 1044 μὲν
828 963 930 1044 νόμος
943 959 1065 1028 ,οὑτοσὶ
1087 973 1156 1038 τοῖς

143 1067 256 1144 αὐτοῖς
282 1070 398 1152 νόμοις
419 1066 654 1132 πολιτεύεσθαι
681 1065 766 1150 ἡμᾶς
788 1066 915 1131 κελεύει
936 1064 992 1131 καὶ
1015 1067 1077 1132 οὐκ
1099 1068 1156 1134 ἀλ·

142 1179 223 1250 λους
244 1175 367 1250 ἄλλοις.
403 1172 422 1239 6
446 1168 483 1238 δὲ
505 1173 611 1257 πατὴρ
635 1171 844 1255 ἐτελεύτησεν
867 1169 921 1236 ἐπὶ
943 1174 1156 1256 Δυσνικήτου

143 1281 316 1364 ἄρχοντος,
338 1278 357 1345 6
380 1273 418 1343 δέ
443 1282 602 1364 Φορμίων
621 1273 799 1362 Ἀθηναῖος
825 1275 953 1360 ἐγένετο
977 1276 1031 1342 ἐπὶ
1053 1280 1156 1343 Νικο-

143 1387 257 1470 φήμου
275 1386 447 1470 ἄρχοντος,
470 1384 595 1473 δεκάτῳ
614 1385 679 1449 ἔτει
696 1381 839 1468 ὕστερον
856 1383 878 1467 6
897 1383 915 1450 6
933 1386 1040 1468 πατὴρ
1062 1383 1156 1468 ἡμῶν

143 1489 322 1556 ἀπέθανεν.
358 1501 427 1567 πῶς
445 1488 487 1556 ἀν
506 1485 569 1557 οὖν
587 1491 631 1574 μη
654 1489 752 1566 εἰδὼς
770 1489 788 1556 6
807 1489 913 1574 πατὴρ
937 1489 1039 1555 αὐτὸν
1058 1486 1157 1574 Ἀθη-

144 1607 242 1662 νατον
268 1595 445 1681 ἐσόμενον,
474 1596 598 1662 ἔδωκεν
621 1594 663 1660 ἀν
686 1597 748 1679 τὴν
771 1594 890 1661 ἑαυτοῦ
913 1608 1072 1680 γυναῖκα,
1101 1593 1157 1662 καὶ

144 1702 384 1787 προεπηλάκισε
414 1698 475 1786 μὲν
506 1701 549 1768 ἀν
578 1702 681 1786 ἡμᾶς,
712 1705 937 1787 κατεφρόνησε
967 1697 999 1765 δ’
1028 1701 1070 1767 δν
1099 1710 1234 1786 τηςιικε

145 1809 284 1896 δωρειᾶς
306 1803 345 1891 ἧς
366 1805 444 1894 παρ’
469 1807 565 1894 ὑμῶν
587 1810 696 1892 ἔλαβε,
718 1810 853 1894 παρεῖδε
877 1805 909 1873 δ’
935 1806 978 1873 ἀν
1000 1810 1079 1885 τοὺς
1099 1810 1156 1874 νό-

143 1938 240 1999 μους;
264 1918 386 2000 πότερα
405 1910 443 1980 δέ
461 1915 598 1981 κάλλιον
616 1909 660 1998 ἧν
678 1915 774 2002 αὐτῷ
789 1918 884 1994 ζῶντι
901 1911 1022 1999 πρᾶξαι
1044 1923 1157 1998 ταῦτα,

143 2028 235 2106 εἴπερ
255 2019 421 2105 ἐβούλετο,
443 2020 464 2104 6
483 2020 697 2086 ἀποθανόντα
716 2022 878 2105 διαθήκας
895 2024 1097 2103 καταλιπεῖν,
1119 2018 1158 2096 ἀς

105 2125 187 2191 1ιού
209 2127 323 2212 κύριος
344 2120 403 2209 ἦν,
430 2124 513 2190 ἀλλά
542 2127 608 2210 μην
636 2125 746 2191 αὐτῶν
769 2137 836 2191 τῶν
858 2127 972 2208 νόμον
995 2123 1157 2190 ἀκούσαν-

145 2255 197 2308 τες
219 2232 408 2315 γνώσεσθε,
431 2231 475 2306 ὡς
504 2230 545 2296 οὐ
566 2232 681 2316 κύριος
701 2225 744 2315 ἦν
768 2228 958 2296 διαθέσθαι.
1001 2227 1076 2312 λέγε
1098 2231 1157 2296 τὸν

145 2340 262 2421 νόμον.

585 2440 723 2495 ΝΟΜΟΣ.

246 2567 332 2633 Ὅσοι
354 2566 395 2649 μη
419 2567 604 2649 έπεποάηνιο,
627 2567 699 2630 ὥστε
721 2567 792 2648 μίμε
815 2566 950 2630 ἀπειπεῖν
973 2565 1041 2649 μήτ’
1068 2567 1157 2631 έπιδι·

188 2669 356 2745 πάσασθαι,
385 2666 431 2728 ὅτε
453 2665 560 2727 Σόλων
584 2661 675 2750 εἰσῄει
696 2663 751 2744 τὴν
774 2664 883 2746 ἀρχήν,
905 2664 940 2726 τὰ
962 2664 1070 2730 ἑαυτοῦ
1093 2669 1158 2729 δια·

188 2765 302 2828 θέσθαι
319 2756 407 2843 εἶναι,
431 2763 511 2836 ὅπως
529 2761 569 2824 ἀν
591 2761 691 2848 έθέλη,
714 2760 753 2823 διν
775 2761 815 2842 μὴ
838 2763 942 2836 παῖδες
964 2755 1021 2825 ὦσι·
1039 2763 1158 2846 γνήσιοι

188 2861 323 2945 ἄρρενες,
350 2859 389 2922 διν
415 2859 456 2942 μὴ
484 2869 600 2941 μανιῶν
627 2856 768 2942 ἢγήριος
790 2855 811 2939 6
834 2858 999 2941 φαρμολιιαν
1021 2857 1043 2940 6
1064 2860 1157 2924 νόσου

188 2956 287 3037 ἕνεκα,
307 2955 328 3038 6
347 2955 466 3042 γυναικὶ
483 2957 672 3036 πειθόμενος,
695 2955 754 3018 δπδ
775 2957 887 3018 τούτων
909 2980 962 3019 του
984 2967 1157 3039 παρανοῶν,

188 3055 209 3138 6
231 3050 284 3118 ὑπ’
309 3052 441 3138 ἀνάγκης
463 3051 484 3135 6
507 3053 566 3116 δπὸ
590 3054 699 3134 δεσμοῦ
721 3054 931 3134 καταληφθείς.

106 3203 132 3245 ιι
216 3179 284 3243 Τοῦ
312 3171 373 3260 μέν
399 3179 506 3262 νόμον
532 3178 650 3242 τοίνυν
677 3172 852 3258 ἀκηκόατε,
879 3173 916 3251 ὃς
938 3174 999 3239 οὐκ
1023 3171 1061 3259 έᾷ
1085 3175 1155 3238 δια-

7 3368 14 3382 ⁴
144 3285 250 3366 θήκας
278 3279 476 3366 διαθέσθαι,
502 3280 562 3347 έδν
587 3282 702 3357 παῖδες
730 3275 792 3346 ὦσι
813 3282 955 3364 γνήσιοι.
1001 3275 1095 3346 οὗτοι
1118 3277 1158 3345 δέ

145 3405 227 3472 φασι
248 3398 351 3454 ταῦτα
374 3387 555 3453 διαθέσθαι
573 3389 633 3453 τὸν
649 3384 784 3471 πατέρα,
806 3387 851 3463 ὡς
873 3381 910 3450 δὲ
933 3382 1154 3472 παρεγένοντο

123 3493 206 3558 οὐκ
232 3495 366 3579 ἔχουσιν
393 3492 561 3572 ἐπιδεῖξαι.
598 3489 692 3570 ἀξιον
720 3487 758 3556 δὲ
784 3489 839 3558 καὶ
862 3492 940 3556 τόδε
961 3490 1155 3571 ἐνθυμηθῆ-

197 3605 322 3650 nunna.
348 3605 399 3650 τοι
412 3605 458 3648 m
978 3596 993 3642 7
