2658 3914
217 165 283 228 160
505 164 601 219 mx.
629 159 933 233 [ΔΗΜοΣοειιονΣ]

215 347 285 409 τος,
318 323 448 408 μέλλων
480 321 663 405 ἀνάχεσδαι
696 321 741 399 ὡς
771 319 924 406 βασιλέα,
956 318 1136 404 συνέστησε
1169 322 1231 388 τὸν

216 431 396 495 Φιλώνδαν
425 437 470 517 τῷ
500 425 598 513 πατρὶ
625 436 670 515 τῷ
699 427 780 515 ἐμῷ·
809 437 871 495 τοῦ
893 423 927 493 δ’
948 425 1093 513 ,ὑστέρου
1118 427 1230 494 ἐνιαυ-

214 544 286 618 τοῦ,
309 532 361 600 ἐπὶ
379 531 617 610 Ἀλκισθένους
643 535 818 620 ἀρχοντος,
845 532 1030 619 ἀφικνεῖται
1054 532 1072 598 6
1097 535 1230 600 Φιλών-

215 641 275 717 δας
300 641 391 725 ἀχων
418 641 458 708 τὰ
485 639 569 718 ξύλα
596 637 632 704 ἐκ
658 647 716 724 τῆς
737 641 966 722 Μακεδονίας,
991 635 1047 703 καὶ
1071 641 1167 723 ἔλαβε
1189 643 1229 705 τὸ

213 749 339 813 ναῦλον
360 758 428 813 τῶν
452 744 560 824 ξύλων
582 745 670 831 παρά
693 754 754 812 τοῦ
772 747 894 832 πατρὸς
911 754 971 812 τοῦ
990 743 1082 828 ἐμοῦ,
1105 743 1230 829 ἀποδη-

214 861 357 936 μοῦντος
386 853 507 918 τούτου
538 852 627 937 παρὰ
659 853 798 934 βασιλεῖ.
845 850 1031 937 ἐγράψαντο
1063 844 1142 934 οὖν,
1173 851 1229 916 ὅτε

214 957 371 1023 ἐδίδοσαν
389 959 426 1023 τὸ
445 955 619 1042 ἀργύριον,
642 956 820 1042 ὀφείλοντα
837 965 973 1040 τοῦτον,
996 955 1056 1043 ούχ
1076 955 1129 1020 ὅτε
1149 973 1230 1022 συν·

216 1061 329 1148 ἔστησε
361 1065 421 1129 τὸν
452 1063 631 1128 Φιλώνδαν
665 1069 710 1150 τῷ
745 1058 843 1148 πατρὶ
877 1068 922 1149 τῷ
953 1060 1020 1150 ἐμῷ
1048 1061 1229 1146 ἐπιδημῶν.

145 1235 146 1238 ,
174 1187 200 1227 ⁸1
215 1169 268 1235 ὅτε
290 1165 352 1254 μέν
374 1170 437 1254 χάρ
461 1165 679 1252 συνέστησεν,
707 1165 838 1232 οὐδέπω
862 1167 902 1233 τά
925 1166 1007 1246 ξύλα
1029 1163 1124 1253 ἧκεν,
1152 1166 1226 1235 ἀλλ’

213 1277 348 1360 έμελλεν
371 1271 421 1341 ἐπ’
448 1274 529 1339 αύτά
552 1274 570 1340 6
596 1273 771 1350 Φιλώνδας
801 1273 862 1357 την
884 1277 1022 1359 πορείαν
1044 1281 1228 1340 ποιεῖσθαι·

214 1381 267 1448 ὅτε
291 1379 323 1448 δ’
350 1377 436 1466 ἦλθε
459 1380 499 1446 τά
522 1378 603 1458 ξύλα
627 1380 730 1464 ἀχων,
752 1374 850 1456 οὗτος
871 1375 932 1463 μὲν
954 1378 1125 1465 ἀπεδήμει,
1147 1381 1166 1447 6
1190 1378 1231 1448 δὲ

215 1487 392 1562 Φιλώνδας
409 1487 506 1570 ἔλαβε
523 1487 561 1551 τὸ
580 1490 708 1551 ναῦλον
727 1496 795 1552 τῶν
814 1483 939 1568 ξύλων,
961 1485 1112 1571 καδάπερ
1132 1481 1231 1564 οὗτος

214 1589 376 1675 ἐκέλευσε,
398 1588 453 1655 καὶ
476 1589 681 1675 ἀνεκομίσθη
710 1593 759 1667 είς
784 1591 845 1674 την
872 1592 981 1656 οίκίαν
1003 1591 1064 1674 την
1087 1589 1125 1658 ἐν
1147 1595 1230 1658 Πει-

135 1749 137 1754 .
215 1708 303 1781 ραιεῐ
317 1697 378 1780 τὴν
396 1695 517 1762 τούτου
536 1696 577 1760 τδ
595 1694 686 1774 ξύλα.
723 1696 774 1762 ὅτι
792 1693 823 1762 δ’
843 1696 904 1764 ούκ
926 1696 1079 1782 εὐπορῶν
1102 1696 1228 1778 ἐξέπλει

215 1799 365 1883 ἐνθένδε,
389 1807 456 1866 ίστε
480 1796 541 1884 μὲν
563 1798 619 1866 καλ
641 1799 736 1866 αὐτοὶ
759 1801 851 1879 ὅσοις
869 1801 972 1870 αὐτοῦ
989 1801 1011 1886 ἡ
1031 1801 1128 1868 οὐσία
1150 1804 1229 1890 ώρι-

215 1903 317 1990 σμένη
343 1900 402 1989 ἦν,
431 1904 489 1982 οὓς
515 1915 580 1972 νῦν
607 1904 794 1991 ἀποστερεῖ·
822 1908 878 1972 ἵνα
905 1905 936 1973 δ’
962 1909 1070 1993 είδητε
1098 1909 1149 1974 ὅτι
1171 1910 1228 1976 καὶ

215 2012 296 2081 ἀνευ
325 2009 492 2096 ἐνεχύρων
522 2009 645 2095 ώφειλέ
670 2028 738 2078 τισι
767 2022 835 2078 τῶν
863 2016 1026 2097 πολιτῶν,
1054 2013 1115 2082 οὐκ
1142 2019 1228 2102 έχων

213 2116 455 2231 ὑποθείναιπά
477 2114 564 2200 ἀξια,
586 2115 765 2201 ἀνάχνωύί
786 2141 842 2202 μοι
862 2119 925 2203 την
948 2124 1143 2206 μαρτυρίαν.

628 2310 821 2366 ΜΔΡΤΤΡΙΑ.

175 2453 201 2494 ⁶²
281 2432 367 2522 Περὶ
390 2430 428 2500 δέ
450 2443 517 2501 τῶν
539 2439 687 2519 φιαλῶν,
714 2433 753 2511 ἀς
774 2433 918 2521 ᾐτήσατο
941 2431 1002 2520 μὲν
1024 2435 1061 2502 ἐν
1083 2447 1129 2526 τῶ
1153 2462 1227 2523 μαι-

214 2551 415 2626 μακτηριῶνι
446 2537 526 2625 μηνὶ
553 2540 572 2609 6
599 2542 770 2626 Αἰσχρίων
801 2541 819 2607 6
847 2539 1034 2620 ἀκόλουθος
1061 2543 1080 2610 6
1106 2546 1226 2612 τούτου

215 2641 264 2710 ἐπ’
287 2641 435 2711 Ἀστείου
458 2647 629 2731 ἀρχοντος,
652 2646 893 2731 ἐπιδημοῦντος
915 2649 1051 2732 τούτου,
1073 2648 1127 2715 ὅτε
1149 2650 1227 2716 ὑπε-

215 2749 329 2830 δέξατο
349 2747 503 2835 Ἀλκέτην
525 2748 581 2818 καὶ
599 2748 748 2836 Ἰάσονα,
775 2750 1004 2838 γεγραμμένου
1033 2750 1071 2820 δὲ
1096 2757 1158 2840 την
1179 2780 1227 2825 τι·

215 2856 281 2940 μην
317 2855 511 2940 ὀφείλοντος
545 2857 666 2923 τούτου
703 2853 754 2924 ἐπ’
786 2855 1021 2938 Ἀλκισθένους
1056 2861 1225 2946 ἀρχοντος·

214 2959 295 3038 τέως
312 2956 373 3045 μὲν
391 2959 474 3049 ώετο
493 2962 596 3030 αὐτὸν
614 2961 765 3030 ἀποίσειν
788 2965 845 3042 τάς
862 2965 994 3051 φιάλας,
1017 2965 1056 3043 ἀς
1072 2963 1226 3052 ᾐτήσατο,
1235 2980 1299 3030 1203

216 3068 234 3134 6
256 3069 376 3153 πατήρ·
400 3066 513 3152 ἐπειδη
537 3066 568 3134 δ’
595 3064 692 3147 οὗτος
715 3066 777 3154 μέν
799 3068 946 3156 ἀπηλδε,
968 3072 1026 3149 τὰς
1049 3068 1086 3138 δὲ
1107 3074 1226 3157 φιάλας

216 3173 277 3240 οὐκ
299 3171 507 3259 ἀπενηνόχει,
530 3169 603 3240 οὐδ’
625 3169 711 3258 ἦσαν
729 3175 767 3240 αί
782 3175 898 3261 φιάλαι
917 3187 979 3245 τοῦ
1001 3177 1226 3262 Ήμοσδένους

215 3283 362 3364 κείμεναι
383 3279 472 3366 παρά
494 3289 540 3367 τῷ
567 3282 752 3365 Φορμίωνι,
774 3282 865 3365 ἥκων
888 3279 921 3349 δ’
944 3280 1060 3370 ἀπῄτει
1077 3284 1134 3362 τάς
1151 3286 1225 3370 φιά-

216 3389 275 3461 λας
297 3385 315 3451 6
338 3382 494 3469 θέμενος,
523 3383 672 3451 ἀπέτεισε
694 3387 793 3471 τιμην
815 3397 882 3452 τῶν
904 3393 1034 3474 φιαλῶν
1055 3397 1101 3477 τῷ
1129 3393 1225 3476 Τιμο·

218 3489 343 3574 σθένει,
367 3489 531 3576 έχράφατο
554 3487 585 3557 δ’
613 3491 631 3558 6
658 3491 764 3576 πατὴρ
791 3491 881 3580 αύτςῦ
907 3502 1027 3562 τοῦτον
1049 3494 1225 3579 ὀφείλοντα
