2650 3918
524 192 736 246 ΕΠΙΤΔΦΙΟΣ.
1067 191 1133 256 341

123 353 161 417 τὸ
177 349 303 437 σαφῶς
329 350 434 417 εἰπεῖν
460 350 659 439 ὑπερβαίνω.
705 349 779 430 ἀξια
807 353 848 438 δή
874 352 1004 419 τούτων
1031 349 1214 440 ᾤοντοὶθθθ

125 459 197 523 δεῖν
225 465 399 542 ποιοῦντες
432 456 592 543 ὀφθῆναι.
631 457 696 524 ὀὑκ
729 457 915 524 ἐλάνθανεν
944 458 1136 542 Αἰαντίδας,

125 563 175 627 ὅτι
203 547 273 629 τῶν
301 560 477 647 ἀριστείων
506 560 679 650 στερηθεὶς
704 567 790 640 Αῖας
817 561 962 648 ἀβίωτον
990 559 1136 649 ήγήσατο

124 671 183 735 τὸν
211 671 288 753 βίον
315 668 416 758 αὑτῷ.
459 666 545 752 ἡνίκ’
574 664 637 735 οὖν
658 669 678 736 ὑ
703 669 832 754 δαίμων
857 669 949 758 ἀλλην
975 667 1132 757 τάριστεῖ’

124 774 256 857 ἐδίδου,
281 775 354 842 τότε
380 776 460 851 τοὺς
487 773 630 860 έχθροὺς
656 772 861 859 ἀμυνόμενοι
882 775 1043 842 τεθνάναι
1065 777 1137 841 δεῖν

125 879 243 968 ᾤοντο,
266 880 349 946 ὥστε
372 875 478 965 μηδὲν
496 877 635 958 ἀνάξιον
653 880 764 946 αὑτῶν
781 886 915 946 παθεῖν.
951 880 1013 956 οὐκ
1034 881 1138 966 ήμνη-

124 988 253 1070 μόνουν
275 983 492 1072 Ἀντιοχίδαι,
514 982 717 1070 Ἡρακλέους
748 983 816 1052 ὅντ’
844 982 1025 1071 Ἀντίοχον.
1065 988 1138 1052 δεῖν

125 1086 187 1158 οὖν
210 1088 368 1176 ἡγήσαντ’
395 1091 417 1176 ή
441 1093 498 1174 ζήν
521 1089 620 1168 ἀξίως
646 1101 713 1157 τῶν
736 1091 955 1177 ὑπαρχόντων
977 1090 999 1176 ή
1020 1092 1138 1157 τεθνά-

123 1221 181 1263 ναι
202 1201 319 1274 καλῶς.

84 1322 111 1362 ιι
193 1304 239 1370 Ol
258 1299 320 1387 μὲν
343 1297 406 1370 οὖν
430 1305 546 1380 ζῶντες
573 1303 689 1368 οίκεῖοι
715 1303 844 1369 τούτων
867 1300 1004 1388 ἐλεινοί,
1030 1305 1140 1369 τοιού-

124 1434 192 1476 των
222 1408 355 1494 ἀνδρῶν
385 1406 597 1495 ἐστερημένον
629 1405 685 1473 καλ
719 1411 901 1493 συνηθείας
932 1413 1056 1493 πολλῆς
1084 1408 1139 1475 καὶ
1206 1439 1210 1446 ·

124 1516 368 1602 φιλανθρώπου
391 1510 631 1598 διεζευγμένοι,
658 1511 714 1579 καλ
736 1515 776 1579 τά
798 1521 856 1598 τῆς
876 1517 1035 1601 πατρίδος
1056 1515 1139 1601 πρά-

125 1618 219 1706 γματ’
246 1622 351 1706 ἔρημα
377 1619 433 1686 καὶ
460 1620 615 1707 δακρύων
642 1617 698 1686 καλ
724 1619 873 1698 πένθους
897 1623 1084 1709 πλήρη·ὀί
1104 1618 1134 1688 δ’

125 1729 320 1812 εὐδαίμονες
341 1735 387 1816 τῷ
411 1728 528 1816 δικαίηο
550 1730 710 1814 λογισμςό.
750 1737 884 1811 πρῶτον
905 1724 967 1813 μὲν
989 1726 1064 1794 ἀντὶ
1086 1753 1138 1814 μι-

125 1843 209 1920 κροῦ
235 1835 360 1918 χρόνου
386 1835 494 1899 πολὺν
520 1830 576 1898 καλ
607 1833 666 1898 τὸν
697 1828 814 1897 ἅπαντ’
846 1833 999 1900 εὔκλειαν
1025 1832 1138 1921 ἀγήρω

125 1941 395 2020 καταλείπουσιν,
423 1936 460 2002 ἐν
481 1930 504 2024 ᾗ
526 1934 582 2002 καὶ
607 1936 723 2013 παῖδες
745 1937 782 2003 ολ
805 1937 933 2003 τούτων
959 1937 1139 2024 ὀνομαστοὶ

125 2044 363 2132 τραφήσονται,
371 2038 427 2107 καὶ
435 2051 546 2125 γονεῖς
555 2041 605 2122 [οί
611 2042 752 2125 τούτων]
762 2045 972 2126 περίβλεπτοι
980 2065 1139 2129 γηροτρο-

126 2153 302 2236 φήσονται,
323 2148 523 2231 παραψυχήν
545 2153 591 2234 τῷ
615 2145 733 2211 πένθει
751 2147 814 2230 τήν
835 2147 964 2213 τούτων
986 2147 1139 2214 εὔκλειαν

83 2273 112 2313 ιι
126 2258 265 2340 ἔχοντες.
301 2253 412 2316 ἔπειτα
433 2254 544 2317 νόσων
566 2248 706 2328 ἀπαθεῖς
727 2252 768 2317 τά
791 2252 925 2335 σώματα
946 2247 1003 2317 καὶ
1024 2255 1139 2319 λυπῶν

126 2362 258 2445 άπειροι
278 2357 337 2434 τάς
358 2355 481 2442 ψυχάς,
507 2355 546 2433 ἀς
569 2353 622 2422 ἐπὶ
643 2368 713 2433 τοῖς
736 2358 982 2441 συμβεβηκόσιν
1004 2357 1041 2422 οί
1061 2359 1139 2436 ζῶν-

125 2489 179 2545 τες
197 2467 343 2550 ἔχουσιν,
361 2462 398 2529 έν
416 2462 541 2549 μεγάλη
559 2471 636 2548 τιμή
654 2461 710 2528 καῖ
726 2467 838 2550 πολλῷ
858 2464 943 2551 ζήλῳ
960 2472 1027 2527 τῶν
1045 2486 1139 2548 νομι-

127 2569 273 2657 ζομένων
299 2569 533 2655 τυγχάνουσιν.
574 2567 633 2645 οὑς
659 2568 722 2651 γάρ
750 2569 860 2634 ἅπασα
886 2563 948 2652 μὲν
974 2566 996 2652 ή
1022 2567 1139 2655 πατρὶς

125 2678 246 2746 θάπτει
269 2678 424 2763 δημοσία,
445 2684 569 2740 κοινῶν
588 2670 619 2740 δ’
643 2673 786 2740 ἐπαίνων
809 2676 908 2759 μόνοι
925 2675 1138 2761 τυγχάνουσι,

126 2790 273 2851 ποθοῦσι
304 2780 335 2849 δ’
371 2782 413 2850 οὐ
444 2783 559 2866 μόνον’
582 2783 755 2864 συγγενεῖς
785 2778 840 2845 καλ
870 2784 1018 2865 πολῖται,
1054 2780 1138 2849 ἀλλά

126 2899 235 2955 πᾶσαν
254 2889 337 2974 ὅσην
354 2885 498 2954 Ἐλλάδα
515 2887 578 2973 χρή
596 2896 801 2973 προσειπεῖν,
824 2884 1077 2971 συμπεπένθηκε
1101 2885 1138 2952 δὲ

127 2992 183 3060 καὶ
211 3003 268 3077 τῆς
297 2992 492 3079 οίκουμένης
519 2995 557 3060 τὸ
585 2997 742 3058 πλεῖστον
770 2990 887 3078 μέρος,
915 3003 984 3069 πῶς
1011 2992 1052 3058 οὐ
1074 2993 1137 3078 χρή

87 3117 114 3157 ³4
127 3101 266 3176 τούτους
284 3100 482 3184 εὐδαίμονας
499 3102 708 3183 νομίζεσθαις
729 3097 788 3174 οὑς
804 3095 991 3184 παρέδρους
1004 3098 1138 3174 είκότως

128 3207 171 3273 ἀν
192 3229 242 3284 τις
264 3206 367 3291 φήσαι
389 3217 458 3282 τοῖς
479 3205 566 3270 κάτω
588 3211 683 3282 θεοῖς
705 3199 807 3288 εἶναι,
833 3205 894 3288 τήν
917 3203 1023 3287 αὐτήν
1044 3201 1138 3281 τάξιν

128 3315 263 3400 ἔχοντας
284 3321 354 3387 τοῖς
374 3307 546 3396 προτέροις
571 3308 713 3396 ἀγαθοῖς
735 3308 898 3396 ἀνδράσιν
921 3308 959 3374 έν
980 3308 1137 3393 μακάρων

127 3421 250 3503 νήσοις.
295 3415 337 3484 οὐ
368 3416 431 3502 γάρ
465 3417 547 3482 ῖδάν
577 3439 627 3494 τις
658 3410 739 3483 οὐδὲ
769 3413 845 3502 περὶ
877 3414 1014 3480 ἐκείνων
1042 3408 1133 3478 ταῦτ’
1148 3433 1216 3482 1400

128 3522 349 3610 ἀπήγγελκεν,
379 3517 451 3588 ἀλλ’
484 3521 543 3599 οὓς
569 3523 605 3590 οί
629 3525 746 3602 ζῶντες
771 3520 884 3599 ἀξίους
908 3518 1137 3603 ὑπειλήφαμεν
