2658 3922
172 203 238 272 226
494 205 551 256 εν.
578 202 859 256 ΔΗΜοεοωαονε

173 367 272 452 ὄρους
299 360 337 431 δέ
363 360 572 450 περιέχοντος
599 362 709 452 κόκλφ
735 373 806 440 τοῖς
831 364 980 450 χωρίοις,
1006 360 1044 427 τὸ
1066 382 1187 441 καταρ·

172 469 251 558 ρέον
278 470 372 555 ὕδωρ
398 477 438 552 τῇ
466 464 528 553 μὲν
550 470 598 546 είς
619 469 681 553 τὴν
704 468 802 552 ὁδὸν,
828 476 868 554 τῇ
891 463 923 533 δ’
950 468 998 544 είς
1019 465 1060 533 τά
1081 465 1187 552 χωρία

173 579 348 662 συμβαίνει
374 574 546 662 φέρεσθαι.
587 573 644 641 καὶ
670 576 713 660 δὴ
740 572 922 641 καὶτοῦτο
949 574 988 640 τὸ
1015 574 1187 640 εἰσπῖπτον

172 684 220 760 είς
247 683 308 767 την
338 682 435 767 ὁδόν,
465 675 487 768 ᾖ
515 677 577 766 μέν
606 679 649 747 ἂν
678 680 798 768 εὐοδῇ,
825 678 960 768 φέρεται
990 679 1077 745 κάτω
1103 677 1187 744 κατὰ

171 789 234 872 την
256 788 351 873 ὁδόν,
378 781 400 875 ᾗ
424 783 457 853 δ’
484 785 536 853 δν,
556 786 654 872 ἐνστῇ
682 810 730 872 τι,
757 793 936 870 τηνικαῦτα
963 781 1052 852 τοῦτ’
1078 786 1124 862 είς
1145 785 1186 850 τά

134 911 158 952 1¹
172 890 269 981 χωρί’
302 894 495 980 ὑπεραίρειν
530 893 712 978 ἀναγκαίαν
745 894 821 978 ἤδη.
866 890 923 960 καὶ
951 893 993 977 δη
1021 889 1077 958 καὶ
1104 891 1186 956 κατὰ

171 1010 271 1067 τοῦτο
299 1001 337 1067 τὸ
364 1004 488 1088 χωρίον
515 993 542 1066 ὦ
565 1001 685 1085 ἀνδρες
708 997 859 1066 δικασταὶ
886 995 1066 1084 γενομένης
1087 993 1186 1081 ἐπομ-

171 1109 268 1193 βρίας
294 1104 419 1192 συνέβη
445 1106 483 1172 τὸ
510 1104 603 1192 ὕδωρ
637 1104 805 1190 ἐμβαλεῖν·
834 1100 1002 1190 ἀμεληθὲν
1029 1100 1062 1169 δ’
1093 1102 1186 1169 οὔπω

172 1222 233 1279 τοῦ
258 1213 382 1300 πατρὸς
407 1214 542 1298 ἔχοντος
569 1210 668 1296 αῦτό,
699 1207 772 1278 ἀλλ’
804 1209 987 1298 ἀνθρώπου
1015 1210 1187 1296 δυσχεραί·

171 1341 290 1395 νοντος
322 1318 407 1396 ὅλως
442 1328 511 1395 τοῖς
541 1320 656 1394 τόποις
691 1315 748 1384 καὶ
784 1321 912 1403 μᾶλλον
947 1314 1099 1399 ἀστικοῦ,
1134 1312 1188 1390 δὶς

171 1421 227 1490 καί
257 1421 328 1510 τρὶς
359 1423 504 1509 ἐμβαλὸν
537 1424 575 1489 τὸ
609 1422 702 1509 ὕδωρ
735 1423 775 1489 τά
806 1445 841 1489 τε
868 1417 967 1510 χωρί’
1000 1419 1185 1506 ἐλυμήνατο
1319 1429 1320 1454 ¹

171 1527 227 1595 καί
253 1534 381 1614 μᾶλλον
408 1529 574 1595 ὡδοποίει.
620 1529 673 1595 διὸ
703 1531 745 1616 δὴ
774 1526 873 1596 ταῦθ’
906 1529 924 1597 ὁ
951 1528 1057 1613 πατὴρ
1085 1526 1186 1613 ὁρῶν,

172 1635 217 1712 ὡς
239 1633 303 1718 ἐγὼ
326 1647 393 1701 των
420 1636 559 1702 εἰδότων
589 1633 720 1720 ἀκούω,
748 1634 804 1703 καὶ
832 1646 900 1704 νῦν
928 1637 1087 1720 γειτόνων
1117 1631 1186 1698 ἐπι·

170 1742 340 1824 νεμόντων
369 1741 437 1825 ἅμα
464 1738 521 1806 καὶ
549 1742 754 1825 βαδιζόντων
785 1743 841 1809 διδ
869 1751 931 1809 τοῦ
960 1743 1101 1829 χωρίου,
1123 1741 1186 1824 την

133 1864 158 1904 12
171 1846 330 1930 αίμασιδν
355 1847 642 2019 περιῳκοδόμησεὲ
655 1849 789 1934 ταύτην.
833 1846 890 1916 καὶ
916 1847 962 1926 ὡς
987 1841 1079 1913 ταῦτ’
1105 1843 1186 1930 ἀλη·
1320 1829 1321 1856 ³

171 1958 217 2036 θη
249 1949 352 2037 λέγω,
385 1951 626 2040 παρέξομαιμ
628 1949 664 2019 ὲν
700 1952 756 2021 καὶ
791 1955 959 2043 μάρτυρας
991 1952 1072 2038 ὑμίν
1107 1953 1263 2028 tombs-127⁸
1321 1954 1322 2000 ό

171 2059 315 2143 είδότας,
342 2061 428 2126 πολὺ
457 2056 491 2126 δ’
517 2054 544 2125 ὦ
574 2060 695 2146 ἄνδρες
719 2057 891 2146 Ἀθηναῖοι
918 2069 987 2126 τῶν
1008 2056 1185 2144 μαρτύρων
1321 2071 1322 2102 ¹

172 2167 367 2253 ίσχυρότερα
394 2169 560 2254 τεκμήρια.
606 2169 795 2251 Καλλικλῆς
825 2163 887 2254 μὲν
920 2166 984 2298 γάρ
1014 2164 1186 2254 φησιτην

171 2272 341 2359 χαράδραν
373 2271 687 2359 ἀποικοδομήσαντα
718 2274 877 2402 βλάπτειν
902 2269 938 2358 μ’
970 2270 1087 2338 αὐτόν·
1119 2267 1185 2354 έγὼ

172 2373 205 2444 δ’
240 2376 403 2457 ἀποδείξω
441 2383 565 2466 χωρίον
601 2379 642 2446 δν
677 2376 784 2464 τοῦτ’,
820 2374 893 2444 ἀλλ’
929 2377 995 2444 οὐ
1005 2375 1185 2464 χαράδραν.

134 2499 158 2540 1⁸
172 2485 204 2549 εί
237 2480 299 2568 μέν
335 2479 399 2552 οὖν
435 2487 480 2571 μη
517 2483 738 2572 συνεχωρεῖθ’
773 2483 934 2571 ἡμέτερον
967 2484 1057 2551 ίδιον
1087 2477 1185 2566 εἶναι,

171 2584 243 2674 τίχ’
269 2587 313 2655 ἀν
338 2586 431 2656 τοῦτ’
456 2590 657 2676 ἠδικοῦμεν,
686 2596 721 2657 εί
744 2613 778 2655 τι
806 2601 874 2656 τῶν
904 2590 1074 2674 δημοσίων
1101 2583 1185 2678 fixo·

114 2723 116 2726 ·
172 2695 356 2779 δομοῦμεν·
389 2704 455 2762 νῦν
488 2694 523 2763 δ’
557 2696 634 2764 οὔτε
668 2690 759 2766 τοῦτ’
797 2695 1082 2782 ἀμφισβητοῦσιν,
1115 2695 1186 2760 ἔστι

171 2793 202 2866 τ’
236 2798 273 2866 ἐν
304 2808 349 2889 τῷ
381 2804 491 2890 χωρίφ
524 2800 648 2887 δένδρα
680 2800 927 2888 πεφυτευμένα,
958 2803 1098 2886 ἄμπελοι
1128 2798 1185 2868 καὶ

171 2916 278 2972 συκαί
327 2910 434 2974 καίτοι
472 2910 521 2985 τίς
553 2907 597 2973 δν
634 2906 671 2974 έν
707 2908 858 2997 χαράδρᾳ
892 2916 996 2974 ταῦτα
1027 2906 1184 2992 φυτεύειν

172 3009 359 3092 ἀξιώσειεν;
382 3010 493 3089 οὐδείς
514 3034 562 3097 γε.
606 3016 656 3090 τίς
683 3009 721 3080 δέ
746 3013 848 3079 πάλιν
875 3015 953 3090 τοῦς
979 3011 1083 3083 αὑτοῦ
1103 3033 1184 3098 προ-

134 3135 160 3174 14
171 3119 294 3200 γόνους
313 3117 473 3197 δολπηινς
495 3114 575 3184 οὐδά
597 3115 691 3186 τοῦτ’
713 3114 815 3204 οἶμαι.
860 3127 962 3185 ταῦτα
984 3122 1101 3185 τοίνυν
1123 3117 1184 3202 ἀμ-

171 3218 286 3308 φότερ’
318 3217 346 3290 δ)
375 3224 495 3310 ἄνδρες
529 3221 680 3290 δικασταὶ
714 3221 936 3310 συμβέβηκεν·
966 3221 1022 3290 καὶ
1050 3223 1114 3309 γὰρ
1143 3223 1184 3289 τὰ

172 3325 294 3413 δένδρα
326 3330 528 3416 πεφύτευται
560 3332 723 3417 πρότερον
755 3329 777 3415 ἣ
810 3332 871 3398 τὸν
903 3327 1026 3417 πατέρα
1059 3349 1183 3414 περιοι-

170 3434 354 3517 κοδομῆσαι
391 3435 453 3518 τὴν
491 3433 671 3519 αίμασιιίν,
708 3431 765 3502 καί
797 3434 838 3500 τὰ
873 3437 1026 3520 μνήματα
1059 3435 1183 3502 παλαιὰ

170 3535 225 3602 καὶ
269 3535 350 3624 πρὶν
389 3537 474 3622 ἡμᾶς
513 3541 699 3624 κτήσασθαι
738 3542 778 3608 τὸ
817 3543 941 3628 χωρίον
970 3529 1171 3626 ,γεγενημέν’
