2658 3914
237 197 301 264 138
514 200 638 252 xnvm
662 193 967 270 [ΔΗΜοεοεαονε]

195 375 221 418 *τ
235 357 357 446 πρᾶγμ’
385 358 465 426 ὑλον
488 360 602 436 ἀδικός
624 356 715 423 ἐστιν
737 358 924 442 ἄνθρωπος.
961 360 1109 421 πλεῖστοι
1132 351 1164 420 δ’
1191 352 1250 419 αὑ-

236 475 296 531 τοῦ
323 463 484 549 ἀκηκόασι
511 463 681 548 λέγοντος,
713 461 750 529 οἰ
774 458 834 548 μέν
862 462 913 528 ότι
939 464 977 527 τὸ
1004 460 1159 546 παράπαν
1187 460 1251 526 οὑκ

237 574 334 655 ἔλαβε
356 571 394 635 τὸ
413 569 575 657 ἀργύριον
592 570 681 656 παρὰ
699 570 914 650 τάνθρώπου·
938 566 1073 633 ἐπειδὰν
1097 563 1134 632 δὲ
1155 563 1246 632 τοῦτ’

112 707 121 726 ·
237 673 458 762 ἐξελέγχηται,
480 675 581 741 πόλιν
596 673 691 759 λέγει
719 673 770 740 ότι
797 674 885 760 παρὰ
907 682 969 739 τοὺ
991 673 1094 738 αὑτοῦ
1116 671 1253 756 ἀνθρώ·

237 802 302 848 που
335 784 401 868 ἐχει
432 783 470 849 τὸ
497 781 670 867 ἀργύριον,
697 778 752 846 καί
784 779 825 847 οὑ
856 780 1036 865 μεταδώσει
1068 775 1140 863 ἐμοὶ
1172 779 1252 844 οὔτε

237 897 298 954 τοῦ
327 886 489 974 ἀργυρίου
519 888 595 954 οὑτε
624 898 691 953 τῶν
716 887 826 952 ἀλλων
855 884 994 962 οὑδενδς
1023 877 1070 950 ὧν
1099 880 1252 949 κατέλιπε
1312 929 1313 936 1

197 1009 224 1051 ⁸⁸
239 995 371 1079 Κόμων.
415 992 550 1060 ἐπειδὰν
580 991 620 1059 δέ
644 1016 696 1070 τις
729 991 831 1057 αὑτὸν
864 1001 931 1057 τῶν
961 991 1154 1075 ἐπιτηδείων
1181 1000 1252 1054 τῶν

237 1098 444 1166 τούτουκαὶ
474 1111 542 1166 τῶν
573 1098 663 1184 ἐμῶν
695 1097 818 1185 ἐρωτᾷ,
850 1098 906 1163 διδ
936 1100 972 1164 τί
996 1096 1058 1163 οὐκ
1084 1095 1253 1162 ἀποδόσει

238 1205 418 1291 ὀμωμοκὼς
451 1207 678 1291 ἰσομοιρήσειν
713 1202 769 1270 καί
804 1215 871 1269 τῶν
903 1210 1083 1288 συνθηκῶν
1115 1204 1164 1267 ἐτι
1194 1198 1252 1266 καί

237 1309 317 1378 νυνὶ
340 1310 513 1396 κειμένων,
536 1315 622 1398 φησί
641 1333 681 1395 με
703 1307 967 1395 παραβεβηκέναι
988 1309 1047 1386 τδς
1068 1308 1252 1392 συνθήκας,
1312 1305 1313 1328 ³

237 1416 293 1483 καί
326 1416 420 1482 δεινὰ
450 1414 656 1483 πεπονθέναι
686 1413 743 1482 ὑπ’
779 1415 876 1500 ἐμοῦ,
907 1412 963 1481 καί
995 1411 1180 1481 διατελέσαι
1211 1411 1255 1497 με’

238 1538 341 1606 φησιν
370 1522 551 1588 ὑπεναντία
581 1519 637 1587 καί
669 1519 807 1606 λέγοντα
837 1519 893 1587 καί
921 1521 1105 1607 πράττοντα
1135 1517 1251 1608 ἑαυτῷ.
1312 1547 1313 1550 ’

198 1623 292 1692 τεκαὶ
316 1626 337 1692 ὑ
360 1622 421 1710 μὲν
449 1630 702 1714 προφασίζεται,
716 1623 717 1628 ’
731 1625 821 1693 ταῦτ’
853 1629 952 1693 ἐστιν.
989 1625 1010 1692 δ
1040 1621 1101 1711 μὲν
1131 1620 1194 1692 οὖν
1225 1621 1313 1708 ὦιιιή

238 1734 358 1820 ἀνδρες
388 1731 538 1798 δικασταὶ
567 1728 665 1810 οὗτος
694 1731 801 1817 λέγει,
831 1732 987 1799 ὑπόνοιαι
1016 1736 1160 1798 πλασταί
1187 1733 1252 1798 εἰσι
1312 1709 1313 1800 λ

238 1836 293 1903 καί
315 1838 496 1924 προφάσεις
518 1839 628 1904 ἀδικοι
648 1835 702 1904 καὶ
726 1842 898 1924 πονηρίαι,
928 1836 982 1904 ἐπὶ
1003 1847 1049 1926 τῷ
1072 1837 1253 1924 ἀποστερή-
1312 1823 1313 1905 λ

216 1960 296 2009 .σαι
318 1943 339 2010 δ
360 1947 519 2030 προσήκει
542 1945 644 2011 αὑτὸν
668 1944 854 2011 ἀποδοῦναι
877 1945 959 2030 ε’μοί.
996 1943 1017 2010 ὑ
1040 1941 1071 2010 δ’
1098 1944 1162 2028 ἐγὼ
1188 1943 1251 2030 ἐρῶ

238 2053 321 2137 πρὸς
342 2050 438 2135 ὑμᾶς,
461 2049 513 2115 ὅτι
534 2044 633 2128 οὗτος
649 2051 819 2135 ψεύδεται,
840 2060 943 2117 ταῦτα
966 2046 1003 2116 δὲ
1026 2050 1168 2116 ὑπόνοια
1191 2045 1253 2134 μέν

239 2157 378 2241 οὐδεμία
401 2159 506 2241 ἔσται,
530 2167 680 2243 φανερῶς
702 2154 733 2222 δ’
761 2155 912 2235 ἐπιδείξω
934 2157 995 2242 τήν
1016 2156 1136 2222 τούτου
1159 2155 1254 2221 ἀναι-

239 2267 410 2349 σχυντίαν,
432 2264 590 2348 τεκμήρια
612 2260 719 2347 λέγων
741 2261 888 2346 ἀληθινὰ
910 2260 966 2328 καί
988 2271 1068 2327 πᾶσι
1091 2261 1254 2347 γνώριμα,

200 2389 226 2429 ιο
239 2367 294 2436 καί
316 2371 485 2456 μάρτυρας
501 2370 725 2454 παρεχόμενος
742 2365 817 2453 περὶ
835 2366 1000 2434 ἁπάντων.
1035 2378 1168 2454 πρῶτον
1191 2364 1253 2452 μὲν

240 2471 302 2543 οὑν
333 2472 360 2542 ὦ
393 2476 512 2561 ἀνδρες
544 2473 695 2540 δικασταί
726 2473 827 2558 λέγω,
858 2474 909 2540 ὅτι
940 2469 1038 2552 οὑτος
1069 2475 1124 2540 διδ
1153 2484 1253 2540 τοῦτο

239 2592 308 2657 τοίς
330 2583 464 2658 οἰκείοις
485 2577 541 2646 καί
562 2592 632 2657 τοῖς
655 2579 851 2664 ἐπιτηδείοις
872 2592 942 2657 τοῖς
965 2577 1085 2646 ἑαυτοῦ
1106 2577 1162 2645 καὶ
1184 2591 1255 2656 τοῖς

242 2685 343 2771 ἐμοῖς,
365 2696 435 2763 τοίς
456 2687 585 2752 εἰδόσιν
602 2685 745 2772 ἀκριβῶς
763 2684 884 2751 ἕκαστα
901 2696 1003 2752 ταῦτα
1020 2686 1061 2750 τά
1079 2685 1254 2770 πράγματα

241 2792 286 2869 ὡς
309 2793 375 2877 ἐχει
397 2789 452 2857 καί
469 2794 803 2877 παρηκολουθηκόσιν
822 2790 854 2870 ἐξ
874 2790 986 2878 ἀρχῆς,
1008 2791 1069 2858 οὑκ
1086 2789 1254 2875 ήθέλησεν

241 2895 425 2984 ἐπιτρέψαι·
454 2896 599 2984 ἀκριβῶς
633 2897 696 2983 γὰρ
729 2895 803 2984 ήδει
836 2896 888 2963 ὅτι
922 2898 1027 2974 εὐθὺς
1055 2906 1254 2984 παραχρῆμα

240 3001 296 3070 ὑπ’
324 3003 434 3071 αὐτῶν
457 3003 742 3090 ἐξελεγχθήσεται,
770 3003 827 3070 ἐόν
856 3028 889 3070 τι
914 3005 1089 3088 ψεύδηται·
1116 3001 1193 3069 νυνὶ
1219 3001 1249 3068 δ’

201 3129 226 3170 ω
242 3115 321 3188 ἰσως
342 3111 469 3195 ήγεῐται
491 3111 697 3194 ψευδόμενος
720 3108 756 3175 ἐν
778 3110 859 3194 ὑμῖν
882 3112 1005 3194 λήσειν.
1043 3109 1144 3174 πόλιν
1167 3109 1253 3193 λέγω

242 3217 292 3282 ότι
315 3215 377 3283 οὑκ
400 3214 590 3281 ἀκόλουθόν
609 3214 711 3299 ἐστιν,
733 3214 913 3281 ὑπεναντία
935 3210 998 3300 μὲν
1021 3215 1176 3302 πράττειν
1199 3233 1252 3283 σοι

241 3318 267 3386 ὦ
292 3319 539 3406 Ὀλυμπιόδωρε
571 3318 643 3404 ἐμέ,
676 3329 771 3406 κοινή
800 3317 830 3386 δ’
862 3320 1053 3388 ἀναλίσκειν
1084 3321 1164 3406 μετὰ
1191 3333 1253 3388 σοῦ

242 3428 290 3502 εἰς
319 3425 337 3490 ὅ
367 3449 399 3490 τι
428 3423 480 3490 ἀεί
510 3423 598 3508 δέοι,
632 3423 704 3491 οὐδ’
740 3424 884 3491 ἐκλιπεῖν
917 3428 979 3510 τήν
1009 3425 1253 3512 ἀμφισβήτησιν

243 3531 345 3596 αὑτὸν
369 3527 497 3614 ἑκόντα,
520 3529 574 3594 ὅτε
593 3527 769 3614 ἀπεδήμεις
788 3531 842 3614 σὺ,
864 3529 977 3615 ἐπειδή
1000 3530 1055 3597 καί
1076 3533 1097 3616 ή
1121 3534 1163 3616 σή
1187 3535 1253 3599 διε·
