2654 3926
426 137 524 189 ΠΡΟΣ
542 137 792 190 ΜΔΚΑΡΤΑΤΟΝ,
1071 136 1115 200 45

98 306 165 362 τοῦ
197 295 302 364 αὑτοῦ
330 299 454 382 χωρίου
485 306 546 362 τοῦ
577 293 731 385 πατρῴου
760 293 865 381 μηδέν
890 297 1019 362 τούτων
1045 317 1118 362 ποι·

29 402 30 490 ή
99 415 165 470 εῖν.
212 403 299 471 πολύ
326 426 364 486 γε
387 403 499 479 αὐτοῖς
520 399 611 486 μέλει
640 402 661 487 ή
688 415 756 480 τοῖς
777 405 893 488 νόμοις
914 415 983 479 τοῖς
1005 400 1117 486 ὑμετέ-

29 511 30 520 ’
101 532 178 593 ροις
201 511 391 592 πείθεσθαι,
414 507 434 593 ή
458 509 547 585 ὅπως
568 510 613 592 μή
637 507 921 595 ἐξερημωθήσεται
944 509 962 575 ὁ
986 503 1117 586 οἶκοςδ

28 551 30 674 ἐ
61 645 86 685 ιο
96 613 248 698 Ἅγνίου.
286 612 350 698 ἐγὼ
365 611 396 680 δ’
415 611 440 680 ὦ
456 615 575 700 ἄνδρες
588 613 739 680 δικασταὶ
752 617 916 699 βούλομαι
929 611 1004 700 περὶ
1020 613 1118 698 ἐμαυ-

101 730 165 786 τοῦ
187 721 271 806 πρὸς
288 721 374 805 ὑμᾶς
396 723 501 787 εἰπεῖν
520 720 576 786 διδ
594 716 756 806 βραχέων,
778 719 833 786 καὶ
856 720 960 800 δεῖξαι
983 721 1034 786 ὅτι
1057 721 1117 805 οὐχ

26 859 27 870 ¹
102 827 228 910 ὁμοίως
253 828 384 904 τούτοις
411 824 598 910 ἐπιμέλειαν
627 824 831 910 ἐποιησάμην
858 837 918 892 τοῦ
941 832 1035 893 οίιιου
1058 837 1119 894 τοῦ

97 930 248 1016 Ἅγνίου,
272 932 360 1010 ὅπως
378 933 422 1016 μή
442 930 736 1017 ἐξερημωθήσεται.
772 928 827 996 καὶ
851 923 948 1009 αὐτὸς
965 933 1028 1017 γάρ
1051 935 1119 1017 είμι

101 1047 165 1103 τοῦ
189 1034 308 1120 γένους
337 1047 397 1102 τοῦ
422 1033 603 1102 Βουσέλου.
630 1033 802 1122 Ἅβρωνος
824 1037 887 1123 γάρ
909 1047 969 1104 τοῦ
993 1037 1118 1105 Βουσέ-

103 1148 167 1208 λου
197 1140 287 1220 υίέος
313 1145 409 1228 ἐλαβε
437 1144 499 1226 τήν
525 1143 734 1226 θυγατριδῆν
758 1144 1023 1227 Καλλίστρατος,
1052 1143 1117 1208 EA>-

103 1249 267 1332 βαυλίδου
301 1244 363 1332 μέν
394 1248 466 1325 υίὸς
499 1249 564 1332 ὢν,
595 1245 767 1314 Βουσέλου
795 1245 826 1312 δ’
853 1249 981 1325 ὑϊδοῦς·
1004 1247 1059 1314 καὶ
1082 1248 1119 1314 ἐκ

103 1362 162 1436 τῆς
184 1351 356 1440 Ἅβρωνος
387 1355 592 1439 θυγατριδῆς
622 1352 678 1419 καὶ
709 1353 746 1419 ἐκ
778 1354 1027 1439 Καλλιστράτου
1058 1364 1119 1421 τοῦ

66 1491 92 1532 u
105 1459 290 1544 ἀδελφιδοῦ
316 1469 376 1526 τοῦ
394 1457 565 1545 Ἅβρωνος
593 1456 721 1543 ἐγένετο
743 1458 764 1544 ἡ
788 1462 894 1544 μήτηρ
921 1457 942 1543 ἡ
970 1459 1118 1546 ἡμετέρα.

106 1564 171 1648 ἐγὼ
199 1563 230 1630 δ’
258 1564 371 1660 ἐπειδή
403 1565 646 1650 ἐπεδικασάμην
674 1575 732 1650 τῆς
758 1562 893 1631 τουτουὶ
920 1569 1042 1653 μητρὸς
1063 1565 1119 1632 καὶ

106 1670 260 1756 ἐγένοντό
284 1697 340 1756 μοι
355 1673 445 1750 ’νίεῑς
468 1669 529 1756 μέν
551 1671 713 1757 τέτταρες,
742 1672 894 1758 θυγάτηρ
918 1668 955 1738 δέ
977 1677 1051 1758 μία,
1077 1673 1119 1741 τὰ

106 1777 252 1862 δνύματα
281 1775 406 1862 ἐθέμην
432 1779 563 1854 τούτοις
589 1775 615 1844 ὦ
644 1779 764 1866 ἄνδρες
786 1779 940 1843 δικασταί
945 1828 954 1864 ,
983 1787 1028 1866 τῴ
1057 1774 1118 1862 μὲν

20 1885 21 1888 ’
105 1884 319 1973 πρεσβυτάτῳ
346 1886 384 1950 τὸ
414 1894 473 1949 τοῦ
500 1885 622 1970 πατρὸς
644 1893 704 1949 τοῦ
727 1882 871 1967 ἐμαυτοῦ
893 1886 999 1968 ὄνομα
1006 1932 1016 1967 ,
1043 1887 1118 1948 Σω-

106 1992 202 2073 σίαν,
232 1989 341 2076 ὥσπερ
368 1987 424 2055 καὶ
446 1990 575 2054 δίκαιόν
605 1988 692 2073 ἐστι,
720 1988 775 2055 καὶ
798 1988 951 2055 άπέδωιια
972 1999 1017 2078 τῴ
1041 2011 1118 2075 πρε·

106 2096 257 2184 σβυτάτῴ
279 2105 377 2162 τοῦτο
399 2098 437 2162 τὸ
461 2098 581 2179 ὄνομα·
603 2103 649 2182 τῴ
674 2092 711 2160 δέ
733 2092 801 2180 μετ’
829 2096 931 2161 αὐτὸν
950 2093 1117 2185 γενομένῴ
1129 2115 1196 2164 10⁷6

106 2198 227 2288 τουτῴὶ
250 2199 375 2286 ἐθέμην
397 2201 628 2285 Εὐβουλίδην,
652 2202 731 2288 ὅπερ
758 2198 802 2285 ήν
825 2203 930 2284 ὄνομα
951 2209 997 2287 τῴ
1020 2200 1119 2287 πατρὶ

106 2315 152 2393 τῴ
178 2315 236 2390 τῆς
263 2309 384 2392 μητρὸς
412 2316 470 2391 τῆς
496 2316 556 2372 τοῦ
585 2308 702 2383 παιδὸς
730 2310 882 2373 τουτουί·
909 2314 955 2394 τῴ
980 2302 1016 2372 δὲ
1038 2307 1119 2390 μετὰ

107 2421 226 2478 τοῦτον
255 2412 435 2480 Μενεσθέα
465 2410 604 2496 ἐθέμην·
636 2411 691 2478 καὶ
720 2412 783 2498 γάρ
807 2413 825 2480 δ
848 2413 1046 2488 Μενεσθεὺς
1072 2415 1117 2480 ol·

107 2529 194 2595 νεϊος
220 2512 263 2602 ήν
289 2528 347 2603 τής
373 2517 451 2603 ἐμῆς
477 2521 647 2603 γυναικός·
679 2527 724 2607 τῴ
750 2514 786 2584 δέ
813 2518 965 2607 νεωτάτῴ
994 2515 1118 2603 ἐθέμην

108 2626 214 2708 ὄνομα
243 2627 509 2710 Καλλίστρατον,
540 2623 559 2690 δ
586 2618 630 2709 ήν
656 2627 762 2709 ὄνομα
789 2633 836 2713 τῴ
866 2622 964 2710 πατρὶ
993 2633 1037 2713 τῴ
1061 2635 1119 2709 τῆς

110 2728 187 2814 ἐμῆς
214 2733 343 2813 μητρός.
389 2732 436 2796 ἐτι
463 2726 501 2795 δέ
527 2731 610 2815 πρὸς
637 2731 767 2807 τούτοις
793 2729 847 2796 καὶ
875 2732 936 2815 τήν
958 2727 1114 2816 θυγατέρ’

109 2837 216 2901 ἔδωκα
238 2837 403 2920 οὐδαμόσε
426 2834 503 2919 ἐξω,
527 2835 610 2901 άλλδι
633 2845 677 2924 τῴ
702 2835 869 2924 άδελφιδῴ
893 2845 939 2924 τῴ
963 2835 1118 2921 ἐμαυτοῦ,

111 2940 211 3025 ὅπως,
235 2939 293 3006 ἐὰν
315 2929 505 3027 δγιαίνωσι,
532 2940 587 3007 καί
610 2943 646 3008 οί
666 2941 702 3007 ἐκ
723 2944 851 3009 τούτων
873 2942 910 3008 ἐκ
931 2953 992 3008 τοῦ
1015 2943 1118 3009 αὐτοῦ

71 3082 98 3124 75
109 3045 226 3130 γένους
248 3042 330 3113 ὦσιν
348 3045 471 3135 Ἅγνίηι.
517 3044 664 3132 ἐγὼμὲν
687 3043 749 3114 οὖν
772 3060 891 3115 τοῦτον
912 3050 972 3114 τὸν
994 3052 1117 3135 τρόπον

111 3150 273 3241 διῴκησα,
300 3152 387 3230 ὅπως
413 3152 456 3218 δν
483 3151 707 3243 διασῴζωνται
734 3154 784 3220 δτι
813 3155 953 3238 μάλιστα
976 3155 1012 3220 οἱ
1032 3150 1117 3222 οἶκοι

111 3260 144 3324 οί
167 3257 232 3326 άπὸ
258 3268 320 3326 τοῦ
341 3256 525 3324 Βουσέλου*
557 3258 695 3335 τούτους
722 3257 753 3323 δ’
781 3257 979 3342 ἐξετάσωμεν
1007 3257 1116 3326 πάλιν.

110 3362 163 3430 καὶ
184 3364 369 3450 πρώτιστον
392 3357 453 3449 μὲν
474 3363 533 3430 τὸν
554 3364 661 3449 νόμον
683 3362 817 3430 τουτονί
839 3361 1020 3448 άνάγνωθι.
