<?xml version="1.0" encoding="UTF-8"?>
<!DOCTYPE html PUBLIC "-//W3C//DTD XHTML 1.0 Transitional//EN"
    "http://www.w3.org/TR/xhtml1/DTD/xhtml1-transitional.dtd">
<html xmlns="http://www.w3.org/1999/xhtml" xml:lang="en" lang="en">
 <head>
  <title>
</title>
<meta http-equiv="Content-Type" content="text/html;charset=utf-8" />
  <meta name='ocr-system' content='tesseract 3.04.00' />
  <meta name='ocr-capabilities' content='ocr_page ocr_carea ocr_par ocr_line ocrx_word'/>
</head>
<body>
  <div class='ocr_page' id='page_1' title='image "./orationes01demogoog_0219.png"; bbox 0 0 2658 3914; ppageno 0'>
   <div class='ocr_carea' id='block_1_1' title="bbox 187 197 919 269">
    <p class='ocr_par' dir='ltr' id='par_1_1' title="bbox 187 197 919 269">
     <span class='ocr_line' id='line_1_1' title="bbox 187 197 919 269; baseline -0.016 -8"><span class='ocrx_word' id='word_1_1' title='bbox 187 198 251 261; x_wconf 78' lang='lat'><strong><em>126</em></strong></span> <span class='ocrx_word' id='word_1_2' title='bbox 463 199 586 253; x_wconf 78' lang='lat' dir='ltr'><strong><em>vam.</em></strong></span> <span class='ocrx_word' id='word_1_3' title='bbox 613 197 919 269; x_wconf 73' lang='grc' dir='ltr'><strong><em>[ΔΗΜοεοοειοτε]</em></strong></span> 
     </span>
    </p>
   </div>
   <div class='ocr_carea' id='block_1_2' title="bbox 147 354 1318 2559">
    <p class='ocr_par' dir='ltr' id='par_1_2' title="bbox 184 354 1318 656">
     <span class='ocr_line' id='line_1_2' title="bbox 185 354 1198 444; baseline -0.003 -20"><span class='ocrx_word' id='word_1_4' title='bbox 185 365 251 426; x_wconf 99' lang='grc' dir='ltr'><strong><em>θον</em></strong></span> <span class='ocrx_word' id='word_1_5' title='bbox 280 358 334 425; x_wconf 85' lang='grc' dir='ltr'><strong><em>ἐπὶ</em></strong></span> <span class='ocrx_word' id='word_1_6' title='bbox 360 361 423 444; x_wconf 88' lang='grc' dir='ltr'><strong><em>τῆν</em></strong></span> <span class='ocrx_word' id='word_1_7' title='bbox 456 361 584 444; x_wconf 80' lang='grc' dir='ltr'><strong><em>βουλὴν</em></strong></span> <span class='ocrx_word' id='word_1_8' title='bbox 614 361 693 436; x_wconf 81' lang='grc' dir='ltr'><strong><em>τοὺς</em></strong></span> <span class='ocrx_word' id='word_1_9' title='bbox 722 361 874 444; x_wconf 77' lang='grc' dir='ltr'><strong><em>κυρίους,</em></strong></span> <span class='ocrx_word' id='word_1_10' title='bbox 910 354 966 424; x_wconf 81' lang='grc' dir='ltr'><strong><em>καὶ</em></strong></span> <span class='ocrx_word' id='word_1_11' title='bbox 994 359 1198 440; x_wconf 77' lang='grc' dir='ltr'><strong><em>εἰσαγγείλας</em></strong></span> 
     </span>
     <span class='ocr_line' id='line_1_3' title="bbox 184 457 1318 550; baseline -0.003 -20"><span class='ocrx_word' id='word_1_12' title='bbox 184 463 240 530; x_wconf 85' lang='grc' dir='ltr'><strong><em>καὶ</em></strong></span> <span class='ocrx_word' id='word_1_13' title='bbox 269 463 353 531; x_wconf 82' lang='grc' dir='ltr'><strong><em>ἑλὼν</em></strong></span> <span class='ocrx_word' id='word_1_14' title='bbox 385 465 422 532; x_wconf 92' lang='grc' dir='ltr'><strong><em>ἐν</em></strong></span> <span class='ocrx_word' id='word_1_15' title='bbox 454 474 494 550; x_wconf 88' lang='grc' dir='ltr'><strong><em>τῆ</em></strong></span> <span class='ocrx_word' id='word_1_16' title='bbox 527 468 655 550; x_wconf 86' lang='grc' dir='ltr'><strong><em>βουλῆ,</em></strong></span> <span class='ocrx_word' id='word_1_17' title='bbox 687 463 835 550; x_wconf 76' lang='grc' dir='ltr'><strong><em>ἀποχρῆν</em></strong></span> <span class='ocrx_word' id='word_1_18' title='bbox 866 463 1039 548; x_wconf 78' lang='grc' dir='ltr'><em>ἡγησάμην</em></span> <span class='ocrx_word' id='word_1_19' title='bbox 1069 462 1109 527; x_wconf 82' lang='grc' dir='ltr'><strong><em>τὰ</em></strong></span> <span class='ocrx_word' id='word_1_20' title='bbox 1136 457 1198 547; x_wconf 69' lang='grc' dir='ltr'><strong><em>μὲν</em></strong></span> <span class='ocrx_word' id='word_1_21' title='bbox 1317 459 1318 466; x_wconf 56' lang='lat'><em>&#39;</em></span> 
     </span>
     <span class='ocr_line' id='line_1_4' title="bbox 187 567 1197 656; baseline -0.001 -22"><span class='ocrx_word' id='word_1_22' title='bbox 187 571 287 655; x_wconf 85' lang='grc' dir='ltr'><strong><em>σκεόη</em></strong></span> <span class='ocrx_word' id='word_1_23' title='bbox 305 569 485 656; x_wconf 77' lang='grc' dir='ltr'><strong><em>ἀπολαβεῖν</em></strong></span> <span class='ocrx_word' id='word_1_24' title='bbox 500 570 599 655; x_wconf 82' lang='grc' dir='ltr'><strong><em>ἁπλᾶ,</em></strong></span> <span class='ocrx_word' id='word_1_25' title='bbox 621 569 697 655; x_wconf 85' lang='grc' dir='ltr'><strong><em>περὶ</em></strong></span> <span class='ocrx_word' id='word_1_26' title='bbox 720 567 757 636; x_wconf 80' lang='grc' dir='ltr'><strong><em>δέ</em></strong></span> <span class='ocrx_word' id='word_1_27' title='bbox 775 581 841 636; x_wconf 83' lang='grc' dir='ltr'><strong><em>τῶν</em></strong></span> <span class='ocrx_word' id='word_1_28' title='bbox 859 575 994 654; x_wconf 77' lang='grc' dir='ltr'><strong><em>πληγῶν</em></strong></span> <span class='ocrx_word' id='word_1_29' title='bbox 1017 567 1197 654; x_wconf 85' lang='grc' dir='ltr'><strong><em>ἐπιτρέψαι,</em></strong></span> 
     </span>
    </p>

    <p class='ocr_par' dir='ltr' id='par_1_3' title="bbox 147 653 1318 1715">
     <span class='ocr_line' id='line_1_5' title="bbox 147 653 1318 778; baseline 0.001 -38"><span class='ocrx_word' id='word_1_30' title='bbox 147 695 172 735; x_wconf 82' lang='grc' dir='ltr'><strong><em>ει</em></strong></span> <span class='ocrx_word' id='word_1_31' title='bbox 187 683 232 763; x_wconf 73' lang='grc' dir='ltr'><strong><em>τῷ</em></strong></span> <span class='ocrx_word' id='word_1_32' title='bbox 257 671 294 742; x_wconf 80' lang='grc' dir='ltr'><strong><em>δέ</em></strong></span> <span class='ocrx_word' id='word_1_33' title='bbox 316 680 472 762; x_wconf 77' lang='grc' dir='ltr'><strong><em>τιμήματι</em></strong></span> <span class='ocrx_word' id='word_1_34' title='bbox 491 686 710 763; x_wconf 84' lang='grc' dir='ltr'><strong><em>συγχωρῆσαι.</em></strong></span> <span class='ocrx_word' id='word_1_35' title='bbox 756 676 839 742; x_wconf 82' lang='grc' dir='ltr'><strong><em>ὥστε</em></strong></span> <span class='ocrx_word' id='word_1_36' title='bbox 863 675 927 759; x_wconf 75' lang='grc' dir='ltr'><strong><em>ἐγὼ</em></strong></span> <span class='ocrx_word' id='word_1_37' title='bbox 949 671 1011 761; x_wconf 79' lang='grc' dir='ltr'><strong><em>μδν</em></strong></span> <span class='ocrx_word' id='word_1_38' title='bbox 1034 675 1119 741; x_wconf 77' lang='grc' dir='ltr'><strong><em>οὕτω</em></strong></span> <span class='ocrx_word' id='word_1_39' title='bbox 1142 672 1278 758; x_wconf 76' lang='grc' dir='ltr'><strong><em>με’-1164</em></strong></span> <span class='ocrx_word' id='word_1_40' title='bbox 1316 653 1318 778; x_wconf 55' lang='grc'><strong>4</strong></span> 
     </span>
     <span class='ocr_line' id='line_1_6' title="bbox 187 778 1197 869; baseline -0.002 -23"><span class='ocrx_word' id='word_1_41' title='bbox 187 803 276 866; x_wconf 86' lang='grc' dir='ltr'><strong><em>τριος</em></strong></span> <span class='ocrx_word' id='word_1_42' title='bbox 303 779 378 869; x_wconf 83' lang='grc' dir='ltr'><strong><em>περὶ</em></strong></span> <span class='ocrx_word' id='word_1_43' title='bbox 404 784 543 861; x_wconf 77' lang='grc' dir='ltr'><strong><em>τούτους</em></strong></span> <span class='ocrx_word' id='word_1_44' title='bbox 568 779 628 868; x_wconf 84' lang='grc' dir='ltr'><strong><em>ῆν,</em></strong></span> <span class='ocrx_word' id='word_1_45' title='bbox 655 778 748 849; x_wconf 84' lang='grc' dir='ltr'><strong><em>οὗτοι</em></strong></span> <span class='ocrx_word' id='word_1_46' title='bbox 776 778 813 848; x_wconf 77' lang='grc' dir='ltr'><strong><em>δέ</em></strong></span> <span class='ocrx_word' id='word_1_47' title='bbox 842 782 947 860; x_wconf 78' lang='grc' dir='ltr'><strong><em>οὕτως</em></strong></span> <span class='ocrx_word' id='word_1_48' title='bbox 974 780 1121 864; x_wconf 73' lang='grc' dir='ltr'><strong><em>ἀσελγεῖς</em></strong></span> <span class='ocrx_word' id='word_1_49' title='bbox 1141 778 1197 846; x_wconf 86' lang='grc' dir='ltr'><strong><em>καί</em></strong></span> 
     </span>
     <span class='ocr_line' id='line_1_7' title="bbox 187 885 1197 975; baseline -0.001 -22"><span class='ocrx_word' id='word_1_50' title='bbox 187 888 363 975; x_wconf 87' lang='grc' dir='ltr'><strong><em>βδελυροί,</em></strong></span> <span class='ocrx_word' id='word_1_51' title='bbox 389 886 466 954; x_wconf 82' lang='grc' dir='ltr'><strong><em>ὥστ’</em></strong></span> <span class='ocrx_word' id='word_1_52' title='bbox 494 887 546 955; x_wconf 77' lang='grc' dir='ltr'><strong><em>ἐπὶ</em></strong></span> <span class='ocrx_word' id='word_1_53' title='bbox 573 890 635 974; x_wconf 83' lang='grc' dir='ltr'><strong><em>τῆν</em></strong></span> <span class='ocrx_word' id='word_1_54' title='bbox 657 899 798 972; x_wconf 90' lang='grc' dir='ltr'><strong><em>γυναῖκα</em></strong></span> <span class='ocrx_word' id='word_1_55' title='bbox 819 885 875 954; x_wconf 87' lang='grc' dir='ltr'><strong><em>καί</em></strong></span> <span class='ocrx_word' id='word_1_56' title='bbox 896 888 936 954; x_wconf 80' lang='grc' dir='ltr'><strong><em>τὰ</em></strong></span> <span class='ocrx_word' id='word_1_57' title='bbox 957 888 1073 952; x_wconf 89' lang='grc' dir='ltr'><strong><em>παιδία</em></strong></span> <span class='ocrx_word' id='word_1_58' title='bbox 1094 888 1197 952; x_wconf 90' lang='grc' dir='ltr'><strong><em>εἰσελ-</em></strong></span> 
     </span>
     <span class='ocr_line' id='line_1_8' title="bbox 187 991 1196 1080; baseline -0.001 -23"><span class='ocrx_word' id='word_1_59' title='bbox 187 999 277 1078; x_wconf 88' lang='grc' dir='ltr'><strong><em>θεῖν,</em></strong></span> <span class='ocrx_word' id='word_1_60' title='bbox 298 997 427 1080; x_wconf 83' lang='grc' dir='ltr'><strong><em>ἔχοντες</em></strong></span> <span class='ocrx_word' id='word_1_61' title='bbox 444 991 508 1080; x_wconf 70' lang='grc' dir='ltr'><strong><em>μὲν.</em></strong></span> <span class='ocrx_word' id='word_1_62' title='bbox 523 996 564 1060; x_wconf 82' lang='grc' dir='ltr'><strong><em>τὰ</em></strong></span> <span class='ocrx_word' id='word_1_63' title='bbox 581 997 730 1079; x_wconf 79' lang='grc' dir='ltr'><strong><em>πρόβατα</em></strong></span> <span class='ocrx_word' id='word_1_64' title='bbox 752 992 808 1060; x_wconf 85' lang='grc' dir='ltr'><strong><em>καί</em></strong></span> <span class='ocrx_word' id='word_1_65' title='bbox 830 997 908 1072; x_wconf 78' lang='grc' dir='ltr'><strong><em>τοὺς</em></strong></span> <span class='ocrx_word' id='word_1_66' title='bbox 930 991 1067 1075; x_wconf 85' lang='grc' dir='ltr'><strong><em>οἰκέτας,</em></strong></span> <span class='ocrx_word' id='word_1_67' title='bbox 1088 995 1196 1057; x_wconf 86' lang='grc' dir='ltr'><strong><em>πλείο-</em></strong></span> 
     </span>
     <span class='ocr_line' id='line_1_9' title="bbox 188 1094 1228 1186; baseline -0.003 -22"><span class='ocrx_word' id='word_1_68' title='bbox 188 1123 246 1176; x_wconf 91' lang='grc' dir='ltr'><strong><em>νος</em></strong></span> <span class='ocrx_word' id='word_1_69' title='bbox 268 1099 342 1178; x_wconf 80' lang='grc' dir='ltr'><strong><em>ἀξια</em></strong></span> <span class='ocrx_word' id='word_1_70' title='bbox 360 1099 381 1185; x_wconf 79' lang='grc' dir='ltr'><strong><em>ἢ</em></strong></span> <span class='ocrx_word' id='word_1_71' title='bbox 398 1101 667 1184; x_wconf 77' lang='grc' dir='ltr'><strong><em>κατεδικάσαντο,</em></strong></span> <span class='ocrx_word' id='word_1_72' title='bbox 689 1099 933 1186; x_wconf 79' lang='grc' dir='ltr'><strong><em>ἀναβαλόμενοι</em></strong></span> <span class='ocrx_word' id='word_1_73' title='bbox 956 1094 994 1164; x_wconf 80' lang='grc' dir='ltr'><strong><em>δέ</em></strong></span> <span class='ocrx_word' id='word_1_74' title='bbox 1014 1099 1077 1182; x_wconf 84' lang='grc' dir='ltr'><strong><em>τῆν</em></strong></span> <span class='ocrx_word' id='word_1_75' title='bbox 1098 1097 1197 1182; x_wconf 85' lang='grc' dir='ltr'><strong><em>ὑπερ·</em></strong></span> <span class='ocrx_word' id='word_1_76' title='bbox 1226 1147 1228 1151; x_wconf 84' lang='grc'>.</span> 
     </span>
     <span class='ocr_line' id='line_1_10' title="bbox 187 1202 1197 1291; baseline -0.004 -19"><span class='ocrx_word' id='word_1_77' title='bbox 187 1209 338 1291; x_wconf 90' lang='grc' dir='ltr'><strong><em>ημερίαν,</em></strong></span> <span class='ocrx_word' id='word_1_78' title='bbox 361 1206 614 1290; x_wconf 84' lang='grc' dir='ltr'><strong><em>ἐπαγγείλαντος</em></strong></span> <span class='ocrx_word' id='word_1_79' title='bbox 632 1202 662 1269; x_wconf 86' lang='grc' dir='ltr'><strong><em>δ’</em></strong></span> <span class='ocrx_word' id='word_1_80' title='bbox 685 1203 767 1290; x_wconf 83' lang='grc' dir='ltr'><strong><em>ἐμοῦ</em></strong></span> <span class='ocrx_word' id='word_1_81' title='bbox 789 1207 981 1289; x_wconf 72' lang='grc' dir='ltr'><strong><em>κομίζεσθαι</em></strong></span> <span class='ocrx_word' id='word_1_82' title='bbox 1003 1203 1115 1280; x_wconf 73' lang='grc' dir='ltr'><strong><em>αὐτοῖς</em></strong></span> <span class='ocrx_word' id='word_1_83' title='bbox 1136 1203 1197 1286; x_wconf 85' lang='grc' dir='ltr'><strong><em>τῆν</em></strong></span> 
     </span>
     <span class='ocr_line' id='line_1_11' title="bbox 188 1307 1197 1397; baseline -0.002 -21"><span class='ocrx_word' id='word_1_84' title='bbox 188 1311 296 1397; x_wconf 90' lang='grc' dir='ltr'><strong><em>δίκην,</em></strong></span> <span class='ocrx_word' id='word_1_85' title='bbox 319 1313 364 1389; x_wconf 80' lang='grc' dir='ltr'><strong><em>ὡς</em></strong></span> <span class='ocrx_word' id='word_1_86' title='bbox 385 1311 630 1397; x_wconf 80' lang='grc' dir='ltr'><strong><em>μεμαρτύρηται</em></strong></span> <span class='ocrx_word' id='word_1_87' title='bbox 647 1310 740 1395; x_wconf 86' lang='grc' dir='ltr'><strong><em>ὑμῖν,</em></strong></span> <span class='ocrx_word' id='word_1_88' title='bbox 761 1307 816 1375; x_wconf 85' lang='grc' dir='ltr'><strong><em>καί</em></strong></span> <span class='ocrx_word' id='word_1_89' title='bbox 838 1310 1045 1386; x_wconf 77' lang='grc' dir='ltr'><strong><em>εἰσελθόντες</em></strong></span> <span class='ocrx_word' id='word_1_90' title='bbox 1067 1311 1114 1386; x_wconf 88' lang='grc' dir='ltr'><strong><em>εἰς</em></strong></span> <span class='ocrx_word' id='word_1_91' title='bbox 1135 1310 1197 1392; x_wconf 80' lang='grc' dir='ltr'><strong><em>τῆν</em></strong></span> 
     </span>
     <span class='ocr_line' id='line_1_12' title="bbox 189 1414 1198 1500; baseline -0.001 -19"><span class='ocrx_word' id='word_1_92' title='bbox 189 1419 296 1482; x_wconf 89' lang='grc' dir='ltr'><strong><em>οἰκίαν</em></strong></span> <span class='ocrx_word' id='word_1_93' title='bbox 322 1417 362 1482; x_wconf 83' lang='grc' dir='ltr'><strong><em>τό</em></strong></span> <span class='ocrx_word' id='word_1_94' title='bbox 388 1438 422 1482; x_wconf 89' lang='grc' dir='ltr'><strong><em>τε</em></strong></span> <span class='ocrx_word' id='word_1_95' title='bbox 451 1416 551 1500; x_wconf 78' lang='grc' dir='ltr'><strong><em>σκεύη</em></strong></span> <span class='ocrx_word' id='word_1_96' title='bbox 580 1414 761 1500; x_wconf 76' lang='grc' dir='ltr'><strong><em>ἐκφορῆσαι</em></strong></span> <span class='ocrx_word' id='word_1_97' title='bbox 787 1417 849 1499; x_wconf 88' lang='grc' dir='ltr'><strong><em>τῆν</em></strong></span> <span class='ocrx_word' id='word_1_98' title='bbox 874 1437 909 1480; x_wconf 89' lang='grc' dir='ltr'><strong><em>τε</em></strong></span> <span class='ocrx_word' id='word_1_99' title='bbox 937 1415 1056 1498; x_wconf 86' lang='grc' dir='ltr'><strong><em>τιτθῆν</em></strong></span> <span class='ocrx_word' id='word_1_100' title='bbox 1079 1417 1198 1498; x_wconf 89' lang='grc' dir='ltr'><strong><em>συγκό-</em></strong></span> 
     </span>
     <span class='ocr_line' id='line_1_13' title="bbox 187 1517 1197 1608; baseline -0.001 -21"><span class='ocrx_word' id='word_1_101' title='bbox 187 1534 259 1606; x_wconf 81' lang='grc' dir='ltr'><strong><em>ψαι,</em></strong></span> <span class='ocrx_word' id='word_1_102' title='bbox 282 1531 389 1608; x_wconf 86' lang='grc' dir='ltr'><strong><em>γραῦν</em></strong></span> <span class='ocrx_word' id='word_1_103' title='bbox 412 1532 569 1606; x_wconf 84' lang='grc' dir='ltr'><strong><em>γυναῖκα,</em></strong></span> <span class='ocrx_word' id='word_1_104' title='bbox 592 1520 687 1586; x_wconf 79' lang='grc' dir='ltr'><strong><em>ἕνεκα</em></strong></span> <span class='ocrx_word' id='word_1_105' title='bbox 709 1523 869 1605; x_wconf 80' lang='grc' dir='ltr'><strong><em>κυμβίου,</em></strong></span> <span class='ocrx_word' id='word_1_106' title='bbox 891 1517 946 1585; x_wconf 88' lang='grc' dir='ltr'><strong><em>καί</em></strong></span> <span class='ocrx_word' id='word_1_107' title='bbox 968 1528 1069 1585; x_wconf 82' lang='grc' dir='ltr'><strong><em>ταῦτα</em></strong></span> <span class='ocrx_word' id='word_1_108' title='bbox 1091 1520 1197 1586; x_wconf 74' lang='grc' dir='ltr'><strong><em>πάντα</em></strong></span> 
     </span>
     <span class='ocr_line' id='line_1_14' title="bbox 189 1623 1197 1715; baseline -0.004 -21"><span class='ocrx_word' id='word_1_109' title='bbox 189 1631 237 1694; x_wconf 85' lang='grc' dir='ltr'><strong><em>ἔτι</em></strong></span> <span class='ocrx_word' id='word_1_110' title='bbox 255 1631 342 1715; x_wconf 81' lang='grc' dir='ltr'><strong><em>ἔχειν</em></strong></span> <span class='ocrx_word' id='word_1_111' title='bbox 363 1625 419 1692; x_wconf 85' lang='grc' dir='ltr'><strong><em>καί</em></strong></span> <span class='ocrx_word' id='word_1_112' title='bbox 437 1628 481 1712; x_wconf 86' lang='grc' dir='ltr'><strong><em>μῆ</em></strong></span> <span class='ocrx_word' id='word_1_113' title='bbox 499 1625 700 1692; x_wconf 77' lang='grc' dir='ltr'><strong><em>ἀποδιδόναι</em></strong></span> <span class='ocrx_word' id='word_1_114' title='bbox 723 1624 938 1703; x_wconf 86' lang='grc' dir='ltr'><strong><em>ἐκτετεικότος</em></strong></span> <span class='ocrx_word' id='word_1_115' title='bbox 961 1623 1042 1710; x_wconf 81' lang='grc' dir='ltr'><strong><em>ἐμοῦ</em></strong></span> <span class='ocrx_word' id='word_1_116' title='bbox 1063 1625 1126 1709; x_wconf 84' lang='grc' dir='ltr'><strong><em>την</em></strong></span> <span class='ocrx_word' id='word_1_117' title='bbox 1148 1627 1197 1691; x_wconf 92' lang='grc' dir='ltr'><strong><em>δί-</em></strong></span> 
     </span>
    </p>

    <p class='ocr_par' dir='ltr' id='par_1_4' title="bbox 149 1728 1200 1819">
     <span class='ocr_line' id='line_1_15' title="bbox 149 1728 1200 1819; baseline 0.001 -24"><span class='ocrx_word' id='word_1_118' title='bbox 149 1755 175 1796; x_wconf 83' lang='grc' dir='ltr'><strong><em>εε</em></strong></span> <span class='ocrx_word' id='word_1_119' title='bbox 188 1759 266 1819; x_wconf 87' lang='grc' dir='ltr'><strong><em>κην,</em></strong></span> <span class='ocrx_word' id='word_1_120' title='bbox 293 1737 399 1819; x_wconf 82' lang='grc' dir='ltr'><strong><em>χιλίας</em></strong></span> <span class='ocrx_word' id='word_1_121' title='bbox 424 1733 613 1817; x_wconf 87' lang='grc' dir='ltr'><strong><em>τριακοσίας</em></strong></span> <span class='ocrx_word' id='word_1_122' title='bbox 639 1728 718 1797; x_wconf 88' lang='grc' dir='ltr'><strong><em>δέκα</em></strong></span> <span class='ocrx_word' id='word_1_123' title='bbox 743 1743 831 1816; x_wconf 88' lang='grc' dir='ltr'><strong><em>τρεῖς</em></strong></span> <span class='ocrx_word' id='word_1_124' title='bbox 858 1728 913 1798; x_wconf 85' lang='grc' dir='ltr'><strong><em>δύ’</em></strong></span> <span class='ocrx_word' id='word_1_125' title='bbox 940 1731 1057 1817; x_wconf 81' lang='grc' dir='ltr'><strong><em>ὀβολώ.</em></strong></span> <span class='ocrx_word' id='word_1_126' title='bbox 1102 1734 1133 1797; x_wconf 96' lang='grc' dir='ltr'><strong><em>εἰ</em></strong></span> <span class='ocrx_word' id='word_1_127' title='bbox 1159 1729 1200 1797; x_wconf 81' lang='grc' dir='ltr'><strong><em>δέ</em></strong></span> 
     </span>
    </p>

    <p class='ocr_par' dir='ltr' id='par_1_5' title="bbox 149 1835 1198 2559">
     <span class='ocr_line' id='line_1_16' title="bbox 149 1835 1197 1924; baseline 0 -20"><span class='ocrx_word' id='word_1_128' title='bbox 149 1885 150 1888; x_wconf 24' lang='lat'>¹</span> <span class='ocrx_word' id='word_1_129' title='bbox 188 1863 237 1917; x_wconf 88' lang='grc' dir='ltr'><strong><em>τις</em></strong></span> <span class='ocrx_word' id='word_1_130' title='bbox 251 1838 415 1924; x_wconf 76' lang='grc' dir='ltr'><strong><em>ἀγνοήσας</em></strong></span> <span class='ocrx_word' id='word_1_131' title='bbox 428 1837 550 1916; x_wconf 81' lang='grc' dir='ltr'><strong><em>αὐτοὺς</em></strong></span> <span class='ocrx_word' id='word_1_132' title='bbox 561 1840 634 1903; x_wconf 90' lang='grc' dir='ltr'><strong><em>τότε</em></strong></span> <span class='ocrx_word' id='word_1_133' title='bbox 648 1836 792 1914; x_wconf 79' lang='grc' dir='ltr'><strong><em>ἀκάκους</em></strong></span> <span class='ocrx_word' id='word_1_134' title='bbox 803 1836 948 1922; x_wconf 82' lang='grc' dir='ltr'><strong><em>ῆγῆσατο</em></strong></span> <span class='ocrx_word' id='word_1_135' title='bbox 961 1835 1016 1902; x_wconf 85' lang='grc' dir='ltr'><strong><em>καί</em></strong></span> <span class='ocrx_word' id='word_1_136' title='bbox 1030 1836 1197 1924; x_wconf 76' lang='grc' dir='ltr'><strong><em>ἀπράγμο-</em></strong></span> 
     </span>
     <span class='ocr_line' id='line_1_17' title="bbox 187 1939 1198 2030; baseline -0.002 -19"><span class='ocrx_word' id='word_1_137' title='bbox 187 1969 248 2022; x_wconf 90' lang='grc' dir='ltr'><strong><em>νας</em></strong></span> <span class='ocrx_word' id='word_1_138' title='bbox 274 1941 376 2029; x_wconf 86' lang='grc' dir='ltr'><strong><em>εἰναι,</em></strong></span> <span class='ocrx_word' id='word_1_139' title='bbox 403 1945 567 2029; x_wconf 79' lang='grc' dir='ltr'><strong><em>βούλομαι</em></strong></span> <span class='ocrx_word' id='word_1_140' title='bbox 594 1943 675 2028; x_wconf 85' lang='grc' dir='ltr'><strong><em>ὑμῖν</em></strong></span> <span class='ocrx_word' id='word_1_141' title='bbox 701 1939 777 2028; x_wconf 86' lang='grc' dir='ltr'><strong><em>περί</em></strong></span> <span class='ocrx_word' id='word_1_142' title='bbox 805 1943 917 2009; x_wconf 78' lang='grc' dir='ltr'><strong><em>αὐτῶν</em></strong></span> <span class='ocrx_word' id='word_1_143' title='bbox 938 1944 996 2020; x_wconf 84' lang='grc' dir='ltr'><strong><em>τὰς</em></strong></span> <span class='ocrx_word' id='word_1_144' title='bbox 1017 1947 1198 2030; x_wconf 89' lang='grc' dir='ltr'><strong><em>μαρτυρίας</em></strong></span> 
     </span>
     <span class='ocr_line' id='line_1_18' title="bbox 189 2049 1197 2136; baseline -0.002 -20"><span class='ocrx_word' id='word_1_145' title='bbox 189 2049 390 2134; x_wconf 80' lang='grc' dir='ltr'><strong><em>ἀναγνῶναι,</em></strong></span> <span class='ocrx_word' id='word_1_146' title='bbox 412 2049 451 2128; x_wconf 86' lang='grc' dir='ltr'><strong><em>όίς</em></strong></span> <span class='ocrx_word' id='word_1_147' title='bbox 468 2051 738 2136; x_wconf 77' lang='grc' dir='ltr'><strong><em>μεμαρτυρήκασί</em></strong></span> <span class='ocrx_word' id='word_1_148' title='bbox 753 2071 810 2134; x_wconf 92' lang='grc' dir='ltr'><strong><em>μοι</em></strong></span> <span class='ocrx_word' id='word_1_149' title='bbox 832 2049 868 2115; x_wconf 88' lang='grc' dir='ltr'><strong><em>οἰ</em></strong></span> <span class='ocrx_word' id='word_1_150' title='bbox 887 2049 952 2115; x_wconf 84' lang='grc' dir='ltr'><strong><em>ὑπὸ</em></strong></span> <span class='ocrx_word' id='word_1_151' title='bbox 975 2050 1103 2115; x_wconf 82' lang='grc' dir='ltr'><strong><em>τούτων</em></strong></span> <span class='ocrx_word' id='word_1_152' title='bbox 1124 2049 1197 2134; x_wconf 88' lang='grc' dir='ltr'><strong><em>ῆδι-</em></strong></span> 
     </span>
     <span class='ocr_line' id='line_1_19' title="bbox 188 2151 1196 2246; baseline -0.001 -24"><span class='ocrx_word' id='word_1_153' title='bbox 188 2155 337 2242; x_wconf 86' lang='grc' dir='ltr'><strong><em>κημένοι·</em></strong></span> <span class='ocrx_word' id='word_1_154' title='bbox 367 2159 455 2246; x_wconf 76' lang='grc' dir='ltr'><strong><em>λόγῳ</em></strong></span> <span class='ocrx_word' id='word_1_155' title='bbox 485 2151 546 2240; x_wconf 76' lang='grc' dir='ltr'><strong><em>μὲν</em></strong></span> <span class='ocrx_word' id='word_1_156' title='bbox 575 2155 639 2240; x_wconf 79' lang='grc' dir='ltr'><strong><em>γὰρ</em></strong></span> <span class='ocrx_word' id='word_1_157' title='bbox 669 2156 892 2240; x_wconf 80' lang='grc' dir='ltr'><strong><em>διηγήσασθαι</em></strong></span> <span class='ocrx_word' id='word_1_158' title='bbox 923 2153 984 2220; x_wconf 81' lang='grc' dir='ltr'><strong><em>οὐκ</em></strong></span> <span class='ocrx_word' id='word_1_159' title='bbox 1011 2153 1054 2221; x_wconf 82' lang='grc' dir='ltr'><strong><em>ἀν</em></strong></span> <span class='ocrx_word' id='word_1_160' title='bbox 1081 2156 1196 2222; x_wconf 89' lang='grc' dir='ltr'><strong><em>ίκανόν</em></strong></span> 
     </span>
     <span class='ocr_line' id='line_1_20' title="bbox 189 2257 1196 2349; baseline -0.003 -21"><span class='ocrx_word' id='word_1_161' title='bbox 189 2288 245 2349; x_wconf 92' lang='grc' dir='ltr'><strong><em>μοι</em></strong></span> <span class='ocrx_word' id='word_1_162' title='bbox 267 2261 396 2347; x_wconf 89' lang='grc' dir='ltr'><strong><em>γένοιτο</em></strong></span> <span class='ocrx_word' id='word_1_163' title='bbox 419 2263 457 2328; x_wconf 87' lang='grc' dir='ltr'><strong><em>τὸ</em></strong></span> <span class='ocrx_word' id='word_1_164' title='bbox 479 2262 587 2348; x_wconf 80' lang='grc' dir='ltr'><strong><em>ὕδωρ·</em></strong></span> <span class='ocrx_word' id='word_1_165' title='bbox 615 2257 660 2327; x_wconf 77' lang='grc' dir='ltr'><strong><em>ἵν’</em></strong></span> <span class='ocrx_word' id='word_1_166' title='bbox 688 2259 723 2326; x_wconf 87' lang='grc' dir='ltr'><strong><em>ἐκ</em></strong></span> <span class='ocrx_word' id='word_1_167' title='bbox 750 2261 877 2326; x_wconf 82' lang='grc' dir='ltr'><strong><em>τούτων</em></strong></span> <span class='ocrx_word' id='word_1_168' title='bbox 900 2258 1054 2326; x_wconf 79' lang='grc' dir='ltr'><strong><em>ἀκόντων</em></strong></span> <span class='ocrx_word' id='word_1_169' title='bbox 1077 2261 1196 2340; x_wconf 80' lang='grc' dir='ltr'><strong><em>σκεψό-</em></strong></span> 
     </span>
     <span class='ocr_line' id='line_1_21' title="bbox 189 2363 1197 2454; baseline -0.005 -19"><span class='ocrx_word' id='word_1_170' title='bbox 189 2393 299 2454; x_wconf 90' lang='grc' dir='ltr'><strong><em>μενοι,</em></strong></span> <span class='ocrx_word' id='word_1_171' title='bbox 335 2378 402 2434; x_wconf 80' lang='grc' dir='ltr'><strong><em>τῶν</em></strong></span> <span class='ocrx_word' id='word_1_172' title='bbox 433 2390 468 2433; x_wconf 93' lang='grc' dir='ltr'><strong><em>τε</em></strong></span> <span class='ocrx_word' id='word_1_173' title='bbox 500 2365 688 2453; x_wconf 77' lang='grc' dir='ltr'><strong><em>λεχθέντων</em></strong></span> <span class='ocrx_word' id='word_1_174' title='bbox 718 2363 775 2431; x_wconf 85' lang='grc' dir='ltr'><strong><em>καί</em></strong></span> <span class='ocrx_word' id='word_1_175' title='bbox 805 2375 872 2431; x_wconf 79' lang='grc' dir='ltr'><strong><em>τῶν</em></strong></span> <span class='ocrx_word' id='word_1_176' title='bbox 905 2363 1197 2452; x_wconf 68' lang='grc' dir='ltr'><strong><em>μαρτυρουμένων,</em></strong></span> 
     </span>
     <span class='ocr_line' id='line_1_22' title="bbox 189 2469 1197 2559; baseline -0.004 -18"><span class='ocrx_word' id='word_1_177' title='bbox 189 2476 285 2542; x_wconf 84' lang='grc' dir='ltr'><strong><em>ὁσίαν</em></strong></span> <span class='ocrx_word' id='word_1_178' title='bbox 307 2472 362 2540; x_wconf 87' lang='grc' dir='ltr'><strong><em>καί</em></strong></span> <span class='ocrx_word' id='word_1_179' title='bbox 380 2475 513 2540; x_wconf 90' lang='grc' dir='ltr'><strong><em>δικαίαν</em></strong></span> <span class='ocrx_word' id='word_1_180' title='bbox 531 2469 614 2559; x_wconf 78' lang='grc' dir='ltr'><strong><em>ὑπὲρ</em></strong></span> <span class='ocrx_word' id='word_1_181' title='bbox 637 2473 732 2557; x_wconf 79' lang='grc' dir='ltr'><strong><em>ὑμῶν</em></strong></span> <span class='ocrx_word' id='word_1_182' title='bbox 755 2471 865 2537; x_wconf 83' lang='grc' dir='ltr'><strong><em>αὐτῶν</em></strong></span> <span class='ocrx_word' id='word_1_183' title='bbox 886 2478 1029 2559; x_wconf 79' lang='grc' dir='ltr'><strong><em>τιθῆσθε</em></strong></span> <span class='ocrx_word' id='word_1_184' title='bbox 1051 2473 1113 2558; x_wconf 81' lang='grc' dir='ltr'><strong><em>τῆν</em></strong></span> <span class='ocrx_word' id='word_1_185' title='bbox 1133 2479 1197 2557; x_wconf 74' lang='grc' dir='ltr'><strong><em>ψῆ-</em></strong></span> 
     </span>
    </p>
   </div>
   <div class='ocr_carea' id='block_1_3' title="bbox 189 2578 801 2736">
    <p class='ocr_par' dir='ltr' id='par_1_6' title="bbox 189 2578 801 2736">
     <span class='ocr_line' id='line_1_23' title="bbox 189 2578 801 2667; baseline -0.011 -20"><span class='ocrx_word' id='word_1_186' title='bbox 189 2604 265 2667; x_wconf 88' lang='grc' dir='ltr'><strong><em>φον.</em></strong></span> <span class='ocrx_word' id='word_1_187' title='bbox 310 2578 384 2663; x_wconf 90' lang='grc' dir='ltr'><strong><em>λέγε</em></strong></span> <span class='ocrx_word' id='word_1_188' title='bbox 407 2581 464 2658; x_wconf 83' lang='grc' dir='ltr'><strong><em>τὰς</em></strong></span> <span class='ocrx_word' id='word_1_189' title='bbox 486 2582 675 2666; x_wconf 83' lang='grc' dir='ltr'><strong><em>μαρτυρίας.</em></strong></span> <span class='ocrx_word' id='word_1_190' title='bbox 799 2637 801 2640; x_wconf 86' lang='grc'>.</span> 
     </span>
     <span class='ocr_line' id='line_1_24' title="bbox 589 2683 792 2736; baseline 0.01 -2"><span class='ocrx_word' id='word_1_191' title='bbox 589 2683 792 2736; x_wconf 80' lang='grc' dir='ltr'><strong>ΜΔΡΤΤΡΙΑῙ.</strong></span> 
     </span>
    </p>
   </div>
   <div class='ocr_carea' id='block_1_4' title="bbox 262 3015 1124 3220">
    <p class='ocr_par' dir='ltr' id='par_1_7' title="bbox 262 3015 1124 3220">
     <span class='ocr_line' id='line_1_25' title="bbox 618 3015 768 3086; baseline 0.007 -2"><span class='ocrx_word' id='word_1_192' title='bbox 618 3015 768 3086; x_wconf 85' lang='lat' dir='ltr'>XLVIII.</span> 
     </span>
     <span class='ocr_line' id='line_1_26' title="bbox 262 3139 1124 3220; baseline 0.002 -2"><span class='ocrx_word' id='word_1_193' title='bbox 262 3142 407 3219; x_wconf 83' lang='grc' dir='ltr'>ΚΑΤΑ</span> <span class='ocrx_word' id='word_1_194' title='bbox 434 3139 872 3220; x_wconf 76' lang='grc' dir='ltr'>ΟΛΤδΠΠΙΟΔΩΡΟΤ</span> <span class='ocrx_word' id='word_1_195' title='bbox 897 3141 1124 3220; x_wconf 89' lang='grc' dir='ltr'><strong>ΒΛΑΒΗΣ.</strong></span> 
     </span>
    </p>
   </div>
   <div class='ocr_carea' id='block_1_5' title="bbox 591 3320 790 3374">
    <p class='ocr_par' dir='ltr' id='par_1_8' title="bbox 591 3320 790 3374">
     <span class='ocr_line' id='line_1_27' title="bbox 591 3320 790 3374; baseline 0.015 -3"><span class='ocrx_word' id='word_1_196' title='bbox 591 3320 790 3374; x_wconf 82' lang='grc' dir='ltr'>ΤΠΟΘΕΣΙΣ.</span> 
     </span>
    </p>
   </div>
   <div class='ocr_carea' id='block_1_6' title="bbox 187 3429 1197 3614">
    <p class='ocr_par' dir='ltr' id='par_1_9' title="bbox 187 3429 1197 3614">
     <span class='ocr_line' id='line_1_28' title="bbox 255 3429 1197 3516; baseline -0.006 -22"><span class='ocrx_word' id='word_1_197' title='bbox 255 3433 401 3512; x_wconf 83' lang='grc' dir='ltr'><strong><em>Ποικίλην</em></strong></span> <span class='ocrx_word' id='word_1_198' title='bbox 428 3431 484 3513; x_wconf 75' lang='grc' dir='ltr'><strong><em>ἔχει</em></strong></span> <span class='ocrx_word' id='word_1_199' title='bbox 509 3429 692 3512; x_wconf 82' lang='grc' dir='ltr'><strong><em>περιπέτειαν</em></strong></span> <span class='ocrx_word' id='word_1_200' title='bbox 720 3432 898 3513; x_wconf 72' lang='grc' dir='ltr'><strong><em>πραγμάτων</em></strong></span> <span class='ocrx_word' id='word_1_201' title='bbox 919 3429 937 3494; x_wconf 89' lang='grc' dir='ltr'><strong><em>ό</em></strong></span> <span class='ocrx_word' id='word_1_202' title='bbox 959 3431 1053 3516; x_wconf 83' lang='grc' dir='ltr'><strong><em>λόγος.</em></strong></span> <span class='ocrx_word' id='word_1_203' title='bbox 1087 3431 1197 3495; x_wconf 66' lang='grc' dir='ltr'><strong><em>Κόνων</em></strong></span> 
     </span>
     <span class='ocr_line' id='line_1_29' title="bbox 187 3521 1196 3614; baseline -0.004 -22"><span class='ocrx_word' id='word_1_204' title='bbox 187 3530 242 3611; x_wconf 71' lang='grc' dir='ltr'><strong><em>γάρ</em></strong></span> <span class='ocrx_word' id='word_1_205' title='bbox 270 3551 314 3603; x_wconf 88' lang='grc' dir='ltr'><strong><em>τις</em></strong></span> <span class='ocrx_word' id='word_1_206' title='bbox 340 3527 417 3609; x_wconf 73' lang='grc' dir='ltr'><strong><em>ἀνὴρ</em></strong></span> <span class='ocrx_word' id='word_1_207' title='bbox 442 3521 603 3607; x_wconf 78' lang='grc' dir='ltr'><strong><em>Ἀθηναῖος</em></strong></span> <span class='ocrx_word' id='word_1_208' title='bbox 629 3524 719 3602; x_wconf 79' lang='grc' dir='ltr'><strong><em>ἀπαις</em></strong></span> <span class='ocrx_word' id='word_1_209' title='bbox 746 3531 879 3614; x_wconf 74' lang='grc' dir='ltr'><strong><em>τελευτᾷ,</em></strong></span> <span class='ocrx_word' id='word_1_210' title='bbox 908 3525 949 3602; x_wconf 77' lang='grc' dir='ltr'><strong><em>ὣς</em></strong></span> <span class='ocrx_word' id='word_1_211' title='bbox 975 3527 1108 3591; x_wconf 84' lang='grc' dir='ltr'><strong><em>ἐπίδικον</em></strong></span> <span class='ocrx_word' id='word_1_212' title='bbox 1133 3534 1196 3598; x_wconf 78' lang='grc' dir='ltr'><strong><em>τοῖς</em></strong></span> 
     </span>
    </p>
   </div>
   <div class='ocr_carea' id='block_1_7' title="bbox 0 0 1339 3914">
    <p class='ocr_par' dir='ltr' id='par_1_10' title="bbox 0 0 1339 3914">
     <span class='ocr_line' id='line_1_30' title="bbox 0 0 1339 3914; baseline 0 0"><span class='ocrx_word' id='word_1_213' title='bbox 0 0 1339 3914; x_wconf 95' lang='lat' dir='ltr'><strong><em> </em></strong></span> 
     </span>
    </p>
   </div>
  </div>
 </body>
</html>
