<?xml version="1.0" encoding="UTF-8"?>
<!DOCTYPE html PUBLIC "-//W3C//DTD XHTML 1.0 Transitional//EN"
    "http://www.w3.org/TR/xhtml1/DTD/xhtml1-transitional.dtd">
<html xmlns="http://www.w3.org/1999/xhtml" xml:lang="en" lang="en">
 <head>
  <title>
</title>
<meta http-equiv="Content-Type" content="text/html;charset=utf-8" />
  <meta name='ocr-system' content='tesseract 3.04.00' />
  <meta name='ocr-capabilities' content='ocr_page ocr_carea ocr_par ocr_line ocrx_word'/>
</head>
<body>
  <div class='ocr_page' id='page_1' title='image "./orationes01demogoog_0474.png"; bbox 0 0 2656 3926; ppageno 0'>
   <div class='ocr_carea' id='block_1_1' title="bbox 397 198 1131 264">
    <p class='ocr_par' dir='ltr' id='par_1_1' title="bbox 397 198 1131 264">
     <span class='ocr_line' id='line_1_1' title="bbox 397 198 1131 264; baseline 0.004 -14"><span class='ocrx_word' id='word_1_1' title='bbox 397 200 585 256; x_wconf 55' lang='lat' dir='ltr'><strong>HPOOIMIA„</strong></span> <span class='ocrx_word' id='word_1_2' title='bbox 612 201 864 256; x_wconf 87' lang='lat' dir='ltr'>XXXI-XXXIII.</span> <span class='ocrx_word' id='word_1_3' title='bbox 1066 198 1131 264; x_wconf 86' lang='lat'><strong><em>381</em></strong></span> 
     </span>
    </p>
   </div>
   <div class='ocr_carea' id='block_1_2' title="bbox 92 357 1210 2135">
    <p class='ocr_par' dir='ltr' id='par_1_2' title="bbox 92 357 1210 2135">
     <span class='ocr_line' id='line_1_2' title="bbox 122 357 1133 449; baseline -0.001 -23"><span class='ocrx_word' id='word_1_4' title='bbox 122 360 268 447; x_wconf 82' lang='grc' dir='ltr'><strong><em>ἐχθροὺς</em></strong></span> <span class='ocrx_word' id='word_1_5' title='bbox 289 360 335 445; x_wconf 76' lang='grc' dir='ltr'><strong><em>μη</em></strong></span> <span class='ocrx_word' id='word_1_6' title='bbox 358 361 563 444; x_wconf 73' lang='grc' dir='ltr'><strong><em>δυνήσεσθαι</em></strong></span> <span class='ocrx_word' id='word_1_7' title='bbox 584 365 737 446; x_wconf 93' lang='grc' dir='ltr'><strong><em>θαρρεῖν,</em></strong></span> <span class='ocrx_word' id='word_1_8' title='bbox 759 357 831 427; x_wconf 79' lang='grc' dir='ltr'><strong><em>ἀλλ’</em></strong></span> <span class='ocrx_word' id='word_1_9' title='bbox 854 358 908 426; x_wconf 79' lang='grc' dir='ltr'><strong><em>ἐπὶ</em></strong></span> <span class='ocrx_word' id='word_1_10' title='bbox 924 367 970 449; x_wconf 70' lang='grc' dir='ltr'><strong><em>τη]</em></strong></span> <span class='ocrx_word' id='word_1_11' title='bbox 989 358 1052 426; x_wconf 79' lang='grc' dir='ltr'><strong><em>κᾶν</em></strong></span> <span class='ocrx_word' id='word_1_12' title='bbox 1075 359 1133 426; x_wconf 79' lang='grc' dir='ltr'><strong><em>δά-</em></strong></span> 
     </span>
     <span class='ocr_line' id='line_1_3' title="bbox 121 463 1133 552; baseline 0 -20"><span class='ocrx_word' id='word_1_13' title='bbox 121 487 249 532; x_wconf 89' lang='grc' dir='ltr'><strong><em>νωνται</em></strong></span> <span class='ocrx_word' id='word_1_14' title='bbox 265 467 453 552; x_wconf 79' lang='grc' dir='ltr'><strong><em>κρατήσειν,</em></strong></span> <span class='ocrx_word' id='word_1_15' title='bbox 474 465 515 531; x_wconf 78' lang='grc' dir='ltr'><strong><em>τά</em></strong></span> <span class='ocrx_word' id='word_1_16' title='bbox 537 476 604 532; x_wconf 83' lang='grc' dir='ltr'><strong><em>τῶν</em></strong></span> <span class='ocrx_word' id='word_1_17' title='bbox 627 468 737 549; x_wconf 90' lang='grc' dir='ltr'><strong><em>λόγων</em></strong></span> <span class='ocrx_word' id='word_1_18' title='bbox 759 463 863 532; x_wconf 81' lang='grc' dir='ltr'><strong><em>ἀστεῖ’</em></strong></span> <span class='ocrx_word' id='word_1_19' title='bbox 891 465 936 544; x_wconf 81' lang='grc' dir='ltr'><strong><em>ὡς</em></strong></span> <span class='ocrx_word' id='word_1_20' title='bbox 965 468 1050 532; x_wconf 80' lang='grc' dir='ltr'><strong><em>ἔοικε</em></strong></span> <span class='ocrx_word' id='word_1_21' title='bbox 1072 473 1133 532; x_wconf 83' lang='grc' dir='ltr'><strong><em>τοῦ</em></strong></span> 
     </span>
     <span class='ocr_line' id='line_1_4' title="bbox 120 567 1134 657; baseline -0.001 -20"><span class='ocrx_word' id='word_1_22' title='bbox 120 573 163 638; x_wconf 86' lang='grc' dir='ltr'><strong><em>τδ</em></strong></span> <span class='ocrx_word' id='word_1_23' title='bbox 181 569 305 657; x_wconf 86' lang='grc' dir='ltr'><strong><em>μέγιστ’</em></strong></span> <span class='ocrx_word' id='word_1_24' title='bbox 332 571 555 637; x_wconf 87' lang='grc' dir='ltr'><strong><em>αίσθάνεσθαι</em></strong></span> <span class='ocrx_word' id='word_1_25' title='bbox 576 572 761 638; x_wconf 77' lang='grc' dir='ltr'><strong><em>κεκώλυκεν</em></strong></span> <span class='ocrx_word' id='word_1_26' title='bbox 779 571 908 649; x_wconf 86' lang='grc' dir='ltr'><strong><em>αὐτούς.</em></strong></span> <span class='ocrx_word' id='word_1_27' title='bbox 944 574 975 637; x_wconf 92' lang='grc' dir='ltr'><strong><em>εί</em></strong></span> <span class='ocrx_word' id='word_1_28' title='bbox 997 567 1034 637; x_wconf 74' lang='grc' dir='ltr'><strong><em>δὲ</em></strong></span> <span class='ocrx_word' id='word_1_29' title='bbox 1056 580 1134 636; x_wconf 86' lang='grc' dir='ltr'><strong><em>ταῦ-</em></strong></span> 
     </span>
     <span class='ocr_line' id='line_1_5' title="bbox 120 674 1132 765; baseline -0.001 -22"><span class='ocrx_word' id='word_1_30' title='bbox 120 701 163 744; x_wconf 92' lang='grc' dir='ltr'><strong><em>τα</em></strong></span> <span class='ocrx_word' id='word_1_31' title='bbox 190 675 252 761; x_wconf 73' lang='grc' dir='ltr'><strong><em>μὲν</em></strong></span> <span class='ocrx_word' id='word_1_32' title='bbox 278 674 354 762; x_wconf 90' lang='grc' dir='ltr'><strong><em>μηδ’</em></strong></span> <span class='ocrx_word' id='word_1_33' title='bbox 386 676 429 743; x_wconf 85' lang='grc' dir='ltr'><strong><em>άν</em></strong></span> <span class='ocrx_word' id='word_1_34' title='bbox 457 679 598 762; x_wconf 72' lang='grc' dir='ltr'><strong><em>φήσαιεν</em></strong></span> <span class='ocrx_word' id='word_1_35' title='bbox 625 675 775 762; x_wconf 81' lang='grc' dir='ltr'><strong><em>ἀγνοεῖν,</em></strong></span> <span class='ocrx_word' id='word_1_36' title='bbox 801 681 965 765; x_wconf 84' lang='grc' dir='ltr'><strong><em>πρόφασις</em></strong></span> <span class='ocrx_word' id='word_1_37' title='bbox 992 675 1022 742; x_wconf 90' lang='grc' dir='ltr'><strong><em>δ’</em></strong></span> <span class='ocrx_word' id='word_1_38' title='bbox 1049 678 1132 760; x_wconf 83' lang='grc' dir='ltr'><strong><em>άλλη</em></strong></span> 
     </span>
     <span class='ocr_line' id='line_1_6' title="bbox 121 779 1132 869; baseline 0 -21"><span class='ocrx_word' id='word_1_39' title='bbox 121 806 173 860; x_wconf 90' lang='grc' dir='ltr'><strong><em>τις</em></strong></span> <span class='ocrx_word' id='word_1_40' title='bbox 200 782 316 849; x_wconf 74' lang='grc' dir='ltr'><strong><em>ὕπεστι</em></strong></span> <span class='ocrx_word' id='word_1_41' title='bbox 347 779 391 848; x_wconf 89' lang='grc' dir='ltr'><strong><em>δι’</em></strong></span> <span class='ocrx_word' id='word_1_42' title='bbox 417 783 461 866; x_wconf 77' lang='grc' dir='ltr'><strong><em>ἣν</em></strong></span> <span class='ocrx_word' id='word_1_43' title='bbox 490 792 593 852; x_wconf 88' lang='grc' dir='ltr'><strong><em>ταῦτα</em></strong></span> <span class='ocrx_word' id='word_1_44' title='bbox 621 792 878 869; x_wconf 79' lang='grc' dir='ltr'><strong><em>προαιροῦνται,</em></strong></span> <span class='ocrx_word' id='word_1_45' title='bbox 906 795 976 860; x_wconf 78' lang='grc' dir='ltr'><strong><em>πῶς</em></strong></span> <span class='ocrx_word' id='word_1_46' title='bbox 1002 781 1044 848; x_wconf 77' lang='grc' dir='ltr'><strong><em>οὐ</em></strong></span> <span class='ocrx_word' id='word_1_47' title='bbox 1069 783 1132 867; x_wconf 79' lang='grc' dir='ltr'><strong><em>χρὴ</em></strong></span> 
     </span>
     <span class='ocr_line' id='line_1_7' title="bbox 92 885 1128 974; baseline 0.001 -22"><span class='ocrx_word' id='word_1_48' title='bbox 92 889 256 974; x_wconf 78' lang='grc' dir='ltr'><strong><em>εφαύλην</em></strong></span> <span class='ocrx_word' id='word_1_49' title='bbox 278 890 401 973; x_wconf 84' lang='grc' dir='ltr'><strong><em>ταύτην</em></strong></span> <span class='ocrx_word' id='word_1_50' title='bbox 419 887 678 973; x_wconf 65' lang='grc' dir='ltr'><strong><em>ὑπολαμβάνειν,</em></strong></span> <span class='ocrx_word' id='word_1_51' title='bbox 699 890 770 972; x_wconf 69' lang='grc' dir='ltr'><strong><em>ἥτις</em></strong></span> <span class='ocrx_word' id='word_1_52' title='bbox 786 887 859 957; x_wconf 92' lang='grc' dir='ltr'><strong><em>ποτ’</em></strong></span> <span class='ocrx_word' id='word_1_53' title='bbox 882 888 987 968; x_wconf 82' lang='grc' dir='ltr'><strong><em>έστίν;</em></strong></span> <span class='ocrx_word' id='word_1_54' title='bbox 1009 888 1074 973; x_wconf 81' lang='grc' dir='ltr'><strong><em>ἐγὼ</em></strong></span> <span class='ocrx_word' id='word_1_55' title='bbox 1097 885 1128 948; x_wconf 89' lang='grc' dir='ltr'><strong><em>δ’</em></strong></span> 
     </span>
     <span class='ocr_line' id='line_1_8' title="bbox 122 991 1132 1080; baseline -0.002 -20"><span class='ocrx_word' id='word_1_56' title='bbox 122 993 186 1060; x_wconf 78' lang='grc' dir='ltr'><strong><em>οὐκ</em></strong></span> <span class='ocrx_word' id='word_1_57' title='bbox 216 992 442 1079; x_wconf 79' lang='grc' dir='ltr'><strong><em>ἀποτρέψομαι</em></strong></span> <span class='ocrx_word' id='word_1_58' title='bbox 474 991 583 1077; x_wconf 89' lang='grc' dir='ltr'><strong><em>λέγειν</em></strong></span> <span class='ocrx_word' id='word_1_59' title='bbox 615 993 636 1059; x_wconf 80' lang='grc' dir='ltr'><strong><em>δ</em></strong></span> <span class='ocrx_word' id='word_1_60' title='bbox 668 996 762 1061; x_wconf 89' lang='grc' dir='ltr'><strong><em>δοκεῖ</em></strong></span> <span class='ocrx_word' id='word_1_61' title='bbox 791 1019 848 1080; x_wconf 91' lang='grc' dir='ltr'><strong><em>μοι</em></strong></span> <span class='ocrx_word' id='word_1_62' title='bbox 855 1043 866 1079; x_wconf 93' lang='grc'><strong><em>,</em></strong></span> <span class='ocrx_word' id='word_1_63' title='bbox 896 998 1012 1080; x_wconf 87' lang='grc' dir='ltr'><strong><em>καίπερ</em></strong></span> <span class='ocrx_word' id='word_1_64' title='bbox 1043 993 1132 1080; x_wconf 82' lang='grc' dir='ltr'><strong><em>ὀρῶν</em></strong></span> 
     </span>
     <span class='ocr_line' id='line_1_9' title="bbox 120 1096 1210 1189; baseline 0.002 -25"><span class='ocrx_word' id='word_1_65' title='bbox 120 1097 288 1185; x_wconf 74' lang='grc' dir='ltr'><strong><em>ἠγμένους</em></strong></span> <span class='ocrx_word' id='word_1_66' title='bbox 309 1098 407 1183; x_wconf 80' lang='grc' dir='ltr'><strong><em>ὑμᾶς·</em></strong></span> <span class='ocrx_word' id='word_1_67' title='bbox 430 1096 571 1183; x_wconf 78' lang='grc' dir='ltr'><strong><em>καὶγὰρ</em></strong></span> <span class='ocrx_word' id='word_1_68' title='bbox 594 1099 730 1184; x_wconf 75' lang='grc' dir='ltr'><strong><em>εὔηθες,</em></strong></span> <span class='ocrx_word' id='word_1_69' title='bbox 756 1103 845 1189; x_wconf 80' lang='grc' dir='ltr'><strong><em>λόγω</em></strong></span> <span class='ocrx_word' id='word_1_70' title='bbox 871 1097 1131 1186; x_wconf 74' lang='grc' dir='ltr'><strong><em>ψυχαγωγηθέν·</em></strong></span> <span class='ocrx_word' id='word_1_71' title='bbox 1142 1118 1210 1166; x_wconf 81' lang='lat'>1442</span> 
     </span>
     <span class='ocr_line' id='line_1_10' title="bbox 120 1201 1131 1290; baseline -0.002 -19"><span class='ocrx_word' id='word_1_72' title='bbox 120 1228 190 1271; x_wconf 88' lang='grc' dir='ltr'><strong><em>των</em></strong></span> <span class='ocrx_word' id='word_1_73' title='bbox 212 1205 307 1290; x_wconf 84' lang='grc' dir='ltr'><strong><em>ὑμῶν</em></strong></span> <span class='ocrx_word' id='word_1_74' title='bbox 330 1204 392 1270; x_wconf 83' lang='grc' dir='ltr'><strong><em>οὐκ</em></strong></span> <span class='ocrx_word' id='word_1_75' title='bbox 415 1203 537 1290; x_wconf 77' lang='grc' dir='ltr'><strong><em>ὀρθῶς,</em></strong></span> <span class='ocrx_word' id='word_1_76' title='bbox 559 1207 661 1287; x_wconf 89' lang='grc' dir='ltr'><strong><em>λόγον</em></strong></span> <span class='ocrx_word' id='word_1_77' title='bbox 683 1201 727 1273; x_wconf 82' lang='grc' dir='ltr'><strong><em>αὖ</em></strong></span> <span class='ocrx_word' id='word_1_78' title='bbox 749 1207 808 1272; x_wconf 88' lang='grc' dir='ltr'><strong><em>τὸν</em></strong></span> <span class='ocrx_word' id='word_1_79' title='bbox 830 1203 991 1290; x_wconf 89' lang='grc' dir='ltr'><strong><em>μέλλοντα</em></strong></span> <span class='ocrx_word' id='word_1_80' title='bbox 1013 1207 1131 1289; x_wconf 77' lang='grc' dir='ltr'><strong><em>βελτίω</em></strong></span> 
     </span>
     <span class='ocr_line' id='line_1_11' title="bbox 122 1306 1131 1396; baseline -0.002 -20"><span class='ocrx_word' id='word_1_81' title='bbox 122 1309 233 1396; x_wconf 81' lang='grc' dir='ltr'><strong><em>λέγειν</em></strong></span> <span class='ocrx_word' id='word_1_82' title='bbox 255 1307 311 1375; x_wconf 80' lang='grc' dir='ltr'><strong><em>καὶ</em></strong></span> <span class='ocrx_word' id='word_1_83' title='bbox 333 1314 461 1394; x_wconf 88' lang='grc' dir='ltr'><strong><em>μᾶλλον</em></strong></span> <span class='ocrx_word' id='word_1_84' title='bbox 485 1306 692 1396; x_wconf 73' lang='grc' dir='ltr'><strong><em>συμφέρονθ’</em></strong></span> <span class='ocrx_word' id='word_1_85' title='bbox 713 1310 794 1396; x_wconf 85' lang='grc' dir='ltr'><strong><em>ὑμῖν</em></strong></span> <span class='ocrx_word' id='word_1_86' title='bbox 817 1313 1014 1377; x_wconf 79' lang='grc' dir='ltr'><strong><em>καταδεῖσαι.</em></strong></span> <span class='ocrx_word' id='word_1_87' title='bbox 1051 1308 1131 1387; x_wconf 75' lang='grc' dir='ltr'><strong><em>ἀξιῶ</em></strong></span> 
     </span>
     <span class='ocr_line' id='line_1_12' title="bbox 122 1411 1131 1501; baseline 0 -19"><span class='ocrx_word' id='word_1_88' title='bbox 122 1414 161 1482; x_wconf 74' lang='grc' dir='ltr'><strong><em>δὲ</em></strong></span> <span class='ocrx_word' id='word_1_89' title='bbox 192 1413 247 1481; x_wconf 83' lang='grc' dir='ltr'><strong><em>καὶ</em></strong></span> <span class='ocrx_word' id='word_1_90' title='bbox 277 1415 363 1501; x_wconf 82' lang='grc' dir='ltr'><strong><em>ὑμᾶς</em></strong></span> <span class='ocrx_word' id='word_1_91' title='bbox 393 1415 589 1500; x_wconf 86' lang='grc' dir='ltr'><strong><em>ὑπομεῖναι,</em></strong></span> <span class='ocrx_word' id='word_1_92' title='bbox 620 1415 871 1501; x_wconf 81' lang='grc' dir='ltr'><strong><em>ἐνθυμηθέντας</em></strong></span> <span class='ocrx_word' id='word_1_93' title='bbox 902 1417 953 1482; x_wconf 84' lang='grc' dir='ltr'><strong><em>ὅτι</em></strong></span> <span class='ocrx_word' id='word_1_94' title='bbox 982 1411 1062 1482; x_wconf 75' lang='grc' dir='ltr'><strong><em>οὐδὲ</em></strong></span> <span class='ocrx_word' id='word_1_95' title='bbox 1090 1416 1131 1482; x_wconf 78' lang='grc' dir='ltr'><strong><em>τά</em></strong></span> 
     </span>
     <span class='ocr_line' id='line_1_13' title="bbox 121 1517 1131 1607; baseline -0.003 -18"><span class='ocrx_word' id='word_1_96' title='bbox 121 1531 188 1589; x_wconf 81' lang='grc' dir='ltr'><strong><em>νῦν</em></strong></span> <span class='ocrx_word' id='word_1_97' title='bbox 207 1519 359 1589; x_wconf 83' lang='grc' dir='ltr'><strong><em>δοκοῦντ’</em></strong></span> <span class='ocrx_word' id='word_1_98' title='bbox 382 1519 496 1600; x_wconf 80' lang='grc' dir='ltr'><strong><em>ἔδοξεν</em></strong></span> <span class='ocrx_word' id='word_1_99' title='bbox 513 1519 556 1586; x_wconf 80' lang='grc' dir='ltr'><strong><em>δν</em></strong></span> <span class='ocrx_word' id='word_1_100' title='bbox 574 1517 667 1606; x_wconf 79' lang='grc' dir='ltr'><strong><em>ὑμῖν,</em></strong></span> <span class='ocrx_word' id='word_1_101' title='bbox 688 1524 720 1587; x_wconf 86' lang='grc' dir='ltr'><strong><em>εί</em></strong></span> <span class='ocrx_word' id='word_1_102' title='bbox 737 1523 781 1607; x_wconf 73' lang='grc' dir='ltr'><strong><em>μη</em></strong></span> <span class='ocrx_word' id='word_1_103' title='bbox 800 1525 877 1600; x_wconf 84' lang='grc' dir='ltr'><strong><em>τοὺς</em></strong></span> <span class='ocrx_word' id='word_1_104' title='bbox 895 1526 1014 1607; x_wconf 91' lang='grc' dir='ltr'><strong><em>λόγους</em></strong></span> <span class='ocrx_word' id='word_1_105' title='bbox 1031 1521 1131 1606; x_wconf 77' lang='grc' dir='ltr'><strong><em>ηκοό-</em></strong></span> 
     </span>
     <span class='ocr_line' id='line_1_14' title="bbox 93 1621 1125 1713; baseline 0.006 -25"><span class='ocrx_word' id='word_1_106' title='bbox 93 1626 194 1696; x_wconf 76' lang='grc' dir='ltr'><strong><em>εσατ’</em></strong></span> <span class='ocrx_word' id='word_1_107' title='bbox 221 1627 255 1707; x_wconf 77' lang='grc' dir='ltr'><strong><em>ἐξ</em></strong></span> <span class='ocrx_word' id='word_1_108' title='bbox 279 1621 326 1694; x_wconf 76' lang='grc' dir='ltr'><strong><em>ὧν</em></strong></span> <span class='ocrx_word' id='word_1_109' title='bbox 349 1626 532 1712; x_wconf 82' lang='grc' dir='ltr'><strong><em>ἐπείσθητε.</em></strong></span> <span class='ocrx_word' id='word_1_110' title='bbox 573 1626 683 1713; x_wconf 76' lang='grc' dir='ltr'><strong><em>ὥσπερ</em></strong></span> <span class='ocrx_word' id='word_1_111' title='bbox 710 1625 753 1692; x_wconf 84' lang='grc' dir='ltr'><strong><em>δν</em></strong></span> <span class='ocrx_word' id='word_1_112' title='bbox 779 1631 911 1712; x_wconf 88' lang='grc' dir='ltr'><strong><em>τοίνυν,</em></strong></span> <span class='ocrx_word' id='word_1_113' title='bbox 938 1631 970 1694; x_wconf 85' lang='grc' dir='ltr'><strong><em>εί</em></strong></span> <span class='ocrx_word' id='word_1_114' title='bbox 989 1631 1125 1712; x_wconf 80' lang='grc' dir='ltr'><strong><em>νόμισμ’</em></strong></span> 
     </span>
     <span class='ocr_line' id='line_1_15' title="bbox 123 1727 1129 1822; baseline -0.003 -20"><span class='ocrx_word' id='word_1_115' title='bbox 123 1731 268 1821; x_wconf 82' lang='grc' dir='ltr'><strong><em>ἐκρίνεθ’</em></strong></span> <span class='ocrx_word' id='word_1_116' title='bbox 295 1734 412 1801; x_wconf 81' lang='grc' dir='ltr'><strong><em>ὁποῖόν</em></strong></span> <span class='ocrx_word' id='word_1_117' title='bbox 433 1727 559 1799; x_wconf 78' lang='grc' dir='ltr'><strong><em>τέτατ’</em></strong></span> <span class='ocrx_word' id='word_1_118' title='bbox 586 1731 671 1817; x_wconf 81' lang='grc' dir='ltr'><strong><em>ἐστί,</em></strong></span> <span class='ocrx_word' id='word_1_119' title='bbox 698 1733 873 1817; x_wconf 76' lang='grc' dir='ltr'><strong><em>δοκιμάσαι</em></strong></span> <span class='ocrx_word' id='word_1_120' title='bbox 901 1736 973 1800; x_wconf 86' lang='grc' dir='ltr'><strong><em>δεῖν</em></strong></span> <span class='ocrx_word' id='word_1_121' title='bbox 999 1733 1042 1799; x_wconf 83' lang='grc' dir='ltr'><strong><em>δν</em></strong></span> <span class='ocrx_word' id='word_1_122' title='bbox 1064 1730 1129 1822; x_wconf 79' lang='grc' dir='ltr'><strong><em>βη-</em></strong></span> 
     </span>
     <span class='ocr_line' id='line_1_16' title="bbox 122 1832 1129 1926; baseline -0.004 -19"><span class='ocrx_word' id='word_1_123' title='bbox 122 1847 215 1926; x_wconf 87' lang='grc' dir='ltr'><strong><em>θητε,</em></strong></span> <span class='ocrx_word' id='word_1_124' title='bbox 238 1839 325 1906; x_wconf 78' lang='grc' dir='ltr'><strong><em>οὕτω</em></strong></span> <span class='ocrx_word' id='word_1_125' title='bbox 347 1836 484 1905; x_wconf 79' lang='grc' dir='ltr'><strong><em>καὶτὸν</em></strong></span> <span class='ocrx_word' id='word_1_126' title='bbox 506 1841 608 1922; x_wconf 89' lang='grc' dir='ltr'><strong><em>λόγον</em></strong></span> <span class='ocrx_word' id='word_1_127' title='bbox 634 1836 714 1916; x_wconf 80' lang='grc' dir='ltr'><strong><em>ἀξιῶ</em></strong></span> <span class='ocrx_word' id='word_1_128' title='bbox 741 1840 800 1904; x_wconf 90' lang='grc' dir='ltr'><strong><em>τὸν</em></strong></span> <span class='ocrx_word' id='word_1_129' title='bbox 827 1839 1001 1924; x_wconf 80' lang='grc' dir='ltr'><strong><em>εἰρημένον</em></strong></span> <span class='ocrx_word' id='word_1_130' title='bbox 1024 1837 1057 1917; x_wconf 81' lang='grc' dir='ltr'><strong><em>ἐξ</em></strong></span> <span class='ocrx_word' id='word_1_131' title='bbox 1081 1832 1129 1904; x_wconf 83' lang='grc' dir='ltr'><strong><em>ὧν</em></strong></span> 
     </span>
     <span class='ocr_line' id='line_1_17' title="bbox 123 1942 1128 2030; baseline 0 -19"><span class='ocrx_word' id='word_1_132' title='bbox 123 1946 287 2013; x_wconf 73' lang='grc' dir='ltr'><strong><em>ἀπειπεῖν</em></strong></span> <span class='ocrx_word' id='word_1_133' title='bbox 309 1945 402 2028; x_wconf 81' lang='grc' dir='ltr'><strong><em>ἡμεῖς</em></strong></span> <span class='ocrx_word' id='word_1_134' title='bbox 424 1946 541 2029; x_wconf 79' lang='grc' dir='ltr'><strong><em>ἔχομεν</em></strong></span> <span class='ocrx_word' id='word_1_135' title='bbox 569 1943 809 2028; x_wconf 78' lang='grc' dir='ltr'><strong><em>σκεψαμένους,</em></strong></span> <span class='ocrx_word' id='word_1_136' title='bbox 836 1944 895 2011; x_wconf 85' lang='grc' dir='ltr'><strong><em>έδιν</em></strong></span> <span class='ocrx_word' id='word_1_137' title='bbox 921 1942 983 2029; x_wconf 72' lang='grc' dir='ltr'><strong><em>μὲν</em></strong></span> <span class='ocrx_word' id='word_1_138' title='bbox 1005 1944 1128 2030; x_wconf 85' lang='grc' dir='ltr'><strong><em>συμφέ-</em></strong></span> 
     </span>
     <span class='ocr_line' id='line_1_18' title="bbox 124 2045 1129 2135; baseline -0.003 -17"><span class='ocrx_word' id='word_1_139' title='bbox 124 2048 220 2134; x_wconf 89' lang='grc' dir='ltr'><strong><em>ρονθ’</em></strong></span> <span class='ocrx_word' id='word_1_140' title='bbox 248 2046 373 2133; x_wconf 80' lang='grc' dir='ltr'><strong><em>εὕρητ’,</em></strong></span> <span class='ocrx_word' id='word_1_141' title='bbox 396 2047 507 2132; x_wconf 75' lang='grc' dir='ltr'><strong><em>ἀγαθῇ</em></strong></span> <span class='ocrx_word' id='word_1_142' title='bbox 529 2047 611 2133; x_wconf 77' lang='grc' dir='ltr'><strong><em>τύχη</em></strong></span> <span class='ocrx_word' id='word_1_143' title='bbox 634 2051 828 2132; x_wconf 88' lang='grc' dir='ltr'><strong><em>πείθεσθαι,</em></strong></span> <span class='ocrx_word' id='word_1_144' title='bbox 855 2047 898 2114; x_wconf 80' lang='grc' dir='ltr'><strong><em>δν</em></strong></span> <span class='ocrx_word' id='word_1_145' title='bbox 920 2045 951 2114; x_wconf 93' lang='grc' dir='ltr'><strong><em>δ’</em></strong></span> <span class='ocrx_word' id='word_1_146' title='bbox 978 2047 1029 2135; x_wconf 78' lang='grc' dir='ltr'><strong><em>ἄρ’</em></strong></span> <span class='ocrx_word' id='word_1_147' title='bbox 1056 2048 1129 2115; x_wconf 80' lang='grc' dir='ltr'><strong><em>ἕκα-</em></strong></span> 
     </span>
    </p>
   </div>
   <div class='ocr_carea' id='block_1_3' title="bbox 122 2151 1129 2347">
    <p class='ocr_par' dir='ltr' id='par_1_3' title="bbox 122 2151 1129 2347">
     <span class='ocr_line' id='line_1_19' title="bbox 123 2151 1129 2247; baseline -0.013 -24"><span class='ocrx_word' id='word_1_148' title='bbox 123 2174 183 2223; x_wconf 90' lang='grc' dir='ltr'><strong><em>στα</em></strong></span> <span class='ocrx_word' id='word_1_149' title='bbox 197 2151 418 2240; x_wconf 78' lang='grc' dir='ltr'><strong><em>λογιζομένοις</em></strong></span> <span class='ocrx_word' id='word_1_150' title='bbox 431 2153 639 2247; x_wconf 87' lang='grc' dir='ltr'><strong><em>άλλοιότερος</em></strong></span> <span class='ocrx_word' id='word_1_151' title='bbox 652 2161 753 2240; x_wconf 71' lang='grc' dir='ltr'><strong><em>φανῇ,</em></strong></span> <span class='ocrx_word' id='word_1_152' title='bbox 769 2151 849 2239; x_wconf 83' lang='grc' dir='ltr'><strong><em>πρὶν</em></strong></span> <span class='ocrx_word' id='word_1_153' title='bbox 863 2152 1020 2239; x_wconf 83' lang='grc' dir='ltr'><strong><em>ἁμαρτεῖν</em></strong></span> <span class='ocrx_word' id='word_1_154' title='bbox 1033 2177 1129 2239; x_wconf 72' lang='grc' dir='ltr'><strong><em>μετα.</em></strong></span> 
     </span>
     <span class='ocr_line' id='line_1_20' title="bbox 122 2256 995 2347; baseline -0.003 -19"><span class='ocrx_word' id='word_1_155' title='bbox 122 2257 419 2347; x_wconf 82' lang='grc' dir='ltr'><strong><em>βουλευσαμένους,</em></strong></span> <span class='ocrx_word' id='word_1_156' title='bbox 440 2269 509 2335; x_wconf 85' lang='grc' dir='ltr'><strong><em>τοῖς</em></strong></span> <span class='ocrx_word' id='word_1_157' title='bbox 530 2256 641 2345; x_wconf 84' lang='grc' dir='ltr'><strong><em>ὀρθῶς</em></strong></span> <span class='ocrx_word' id='word_1_158' title='bbox 663 2260 776 2344; x_wconf 81' lang='grc' dir='ltr'><strong><em>ἔχουσι</em></strong></span> <span class='ocrx_word' id='word_1_159' title='bbox 798 2261 995 2346; x_wconf 82' lang='grc' dir='ltr'><strong><em>χρησασθαι.</em></strong></span> 
     </span>
    </p>
   </div>
   <div class='ocr_carea' id='block_1_4' title="bbox 590 2454 661 2518">
    <p class='ocr_par' dir='ltr' id='par_1_4' title="bbox 590 2454 661 2518">
     <span class='ocr_line' id='line_1_21' title="bbox 590 2454 661 2518; baseline 0 0"><span class='ocrx_word' id='word_1_160' title='bbox 590 2454 661 2518; x_wconf 89' lang='grc' dir='ltr'><strong><em>ΛΓ.</em></strong></span> 
     </span>
    </p>
   </div>
   <div class='ocr_carea' id='block_1_5' title="bbox 6 2569 1144 3612">
    <p class='ocr_par' dir='ltr' id='par_1_5' title="bbox 122 2569 1144 3402">
     <span class='ocr_line' id='line_1_22' title="bbox 188 2569 1144 2663; baseline -0.001 -18"><span class='ocrx_word' id='word_1_161' title='bbox 188 2577 345 2645; x_wconf 84' lang='grc' dir='ltr'><strong><em>Μάλιστα</em></strong></span> <span class='ocrx_word' id='word_1_162' title='bbox 376 2572 437 2662; x_wconf 63' lang='grc' dir='ltr'><strong><em>μὲν</em></strong></span> <span class='ocrx_word' id='word_1_163' title='bbox 467 2569 496 2642; x_wconf 76' lang='grc' dir='ltr'><strong>ὦ</strong></span> <span class='ocrx_word' id='word_1_164' title='bbox 523 2577 642 2663; x_wconf 85' lang='grc' dir='ltr'><strong><em>άνδρες</em></strong></span> <span class='ocrx_word' id='word_1_165' title='bbox 669 2572 841 2661; x_wconf 90' lang='grc' dir='ltr'><strong><em>Ἀθηναῖοι</em></strong></span> <span class='ocrx_word' id='word_1_166' title='bbox 871 2581 1054 2663; x_wconf 79' lang='grc' dir='ltr'><strong><em>βουλοίμην</em></strong></span> <span class='ocrx_word' id='word_1_167' title='bbox 1084 2577 1144 2662; x_wconf 59' lang='grc' dir='ltr'><strong><em>δνΓ</em></strong></span> 
     </span>
     <span class='ocr_line' id='line_1_23' title="bbox 122 2679 1126 2772; baseline -0.002 -20"><span class='ocrx_word' id='word_1_168' title='bbox 122 2683 207 2770; x_wconf 83' lang='grc' dir='ltr'><strong><em>ὑμᾶς</em></strong></span> <span class='ocrx_word' id='word_1_169' title='bbox 229 2684 250 2751; x_wconf 82' lang='grc' dir='ltr'><strong><em>δ</em></strong></span> <span class='ocrx_word' id='word_1_170' title='bbox 271 2681 379 2770; x_wconf 85' lang='grc' dir='ltr'><strong><em>μέλλω</em></strong></span> <span class='ocrx_word' id='word_1_171' title='bbox 402 2679 511 2766; x_wconf 85' lang='grc' dir='ltr'><strong><em>λέγειν</em></strong></span> <span class='ocrx_word' id='word_1_172' title='bbox 532 2688 723 2767; x_wconf 77' lang='grc' dir='ltr'><strong><em>πεισθῆναι·</em></strong></span> <span class='ocrx_word' id='word_1_173' title='bbox 747 2684 779 2748; x_wconf 88' lang='grc' dir='ltr'><strong><em>εί</em></strong></span> <span class='ocrx_word' id='word_1_174' title='bbox 800 2679 829 2748; x_wconf 90' lang='grc' dir='ltr'><strong><em>δ’</em></strong></span> <span class='ocrx_word' id='word_1_175' title='bbox 852 2683 916 2768; x_wconf 87' lang='grc' dir='ltr'><strong><em>άρα</em></strong></span> <span class='ocrx_word' id='word_1_176' title='bbox 933 2681 1021 2752; x_wconf 83' lang='grc' dir='ltr'><strong><em>τοῦτ’</em></strong></span> <span class='ocrx_word' id='word_1_177' title='bbox 1042 2685 1126 2772; x_wconf 83' lang='grc' dir='ltr'><strong><em>άλλη</em></strong></span> 
     </span>
     <span class='ocr_line' id='line_1_24' title="bbox 123 2784 1126 2882; baseline -0.001 -24"><span class='ocrx_word' id='word_1_178' title='bbox 123 2815 168 2878; x_wconf 85' lang='grc' dir='ltr'><strong><em>πη</em></strong></span> <span class='ocrx_word' id='word_1_179' title='bbox 187 2792 376 2875; x_wconf 90' lang='grc' dir='ltr'><strong><em>συμβαίνοι,</em></strong></span> <span class='ocrx_word' id='word_1_180' title='bbox 395 2788 524 2876; x_wconf 75' lang='grc' dir='ltr'><strong><em>έμαυτςό</em></strong></span> <span class='ocrx_word' id='word_1_181' title='bbox 543 2784 573 2872; x_wconf 90' lang='grc' dir='ltr'><strong><em>γ’</em></strong></span> <span class='ocrx_word' id='word_1_182' title='bbox 592 2785 636 2854; x_wconf 80' lang='grc' dir='ltr'><strong><em>δν</em></strong></span> <span class='ocrx_word' id='word_1_183' title='bbox 653 2789 807 2880; x_wconf 73' lang='grc' dir='ltr'><strong><em>εἰρῆσθαι</em></strong></span> <span class='ocrx_word' id='word_1_184' title='bbox 824 2789 888 2872; x_wconf 83' lang='grc' dir='ltr'><strong><em>πρὸ</em></strong></span> <span class='ocrx_word' id='word_1_185' title='bbox 905 2791 1027 2882; x_wconf 86' lang='grc' dir='ltr'><strong><em>παντὸς</em></strong></span> <span class='ocrx_word' id='word_1_186' title='bbox 1044 2791 1126 2856; x_wconf 78' lang='grc' dir='ltr'><strong><em>αὐτὰ</em></strong></span> 
     </span>
     <span class='ocr_line' id='line_1_25' title="bbox 126 2892 1126 2981; baseline 0 -20"><span class='ocrx_word' id='word_1_187' title='bbox 126 2897 288 2979; x_wconf 79' lang='grc' dir='ltr'><strong><em>δεξαίμην.</em></strong></span> <span class='ocrx_word' id='word_1_188' title='bbox 324 2897 393 2963; x_wconf 85' lang='grc' dir='ltr'><strong><em>ἔστι</em></strong></span> <span class='ocrx_word' id='word_1_189' title='bbox 417 2892 447 2960; x_wconf 83' lang='grc' dir='ltr'><strong><em>δ’</em></strong></span> <span class='ocrx_word' id='word_1_190' title='bbox 474 2894 515 2961; x_wconf 85' lang='grc' dir='ltr'><strong><em>οὐ</em></strong></span> <span class='ocrx_word' id='word_1_191' title='bbox 538 2896 659 2978; x_wconf 88' lang='grc' dir='ltr'><strong><em>μόνον,</em></strong></span> <span class='ocrx_word' id='word_1_192' title='bbox 685 2894 729 2970; x_wconf 81' lang='grc' dir='ltr'><strong><em>ὡς</em></strong></span> <span class='ocrx_word' id='word_1_193' title='bbox 751 2895 857 2979; x_wconf 87' lang='grc' dir='ltr'><strong><em>δοκεῖ,</em></strong></span> <span class='ocrx_word' id='word_1_194' title='bbox 878 2897 916 2961; x_wconf 88' lang='grc' dir='ltr'><strong><em>τὸ</em></strong></span> <span class='ocrx_word' id='word_1_195' title='bbox 938 2898 1020 2981; x_wconf 88' lang='grc' dir='ltr'><strong><em>πρὸς</em></strong></span> <span class='ocrx_word' id='word_1_196' title='bbox 1040 2893 1126 2980; x_wconf 83' lang='grc' dir='ltr'><strong><em>ὑμᾶς</em></strong></span> 
     </span>
     <span class='ocr_line' id='line_1_26' title="bbox 125 2996 1126 3084; baseline 0.003 -20"><span class='ocrx_word' id='word_1_197' title='bbox 125 3001 229 3064; x_wconf 85' lang='grc' dir='ltr'><strong><em>είτεῖν</em></strong></span> <span class='ocrx_word' id='word_1_198' title='bbox 251 3003 394 3084; x_wconf 82' lang='grc' dir='ltr'><strong><em>χαλεπὸν</em></strong></span> <span class='ocrx_word' id='word_1_199' title='bbox 415 3001 456 3065; x_wconf 87' lang='grc' dir='ltr'><strong><em>τδ</em></strong></span> <span class='ocrx_word' id='word_1_200' title='bbox 478 2996 613 3083; x_wconf 90' lang='grc' dir='ltr'><strong><em>δέοντα,</em></strong></span> <span class='ocrx_word' id='word_1_201' title='bbox 640 2998 723 3064; x_wconf 84' lang='grc' dir='ltr'><strong><em>άλλδ</em></strong></span> <span class='ocrx_word' id='word_1_202' title='bbox 745 2997 801 3066; x_wconf 77' lang='grc' dir='ltr'><strong><em>καί</em></strong></span> <span class='ocrx_word' id='word_1_203' title='bbox 822 2998 899 3066; x_wconf 90' lang='grc' dir='ltr'><strong><em>καθ’</em></strong></span> <span class='ocrx_word' id='word_1_204' title='bbox 926 2999 1028 3067; x_wconf 84' lang='grc' dir='ltr'><strong><em>αὑτὸν</em></strong></span> <span class='ocrx_word' id='word_1_205' title='bbox 1051 3018 1126 3067; x_wconf 91' lang='grc' dir='ltr'><strong><em>σκο-</em></strong></span> 
     </span>
     <span class='ocr_line' id='line_1_27' title="bbox 124 3103 1125 3192; baseline 0.006 -24"><span class='ocrx_word' id='word_1_206' title='bbox 124 3104 291 3192; x_wconf 80' lang='grc' dir='ltr'><strong><em>πούμενον</em></strong></span> <span class='ocrx_word' id='word_1_207' title='bbox 317 3103 437 3191; x_wconf 79' lang='grc' dir='ltr'><strong><em>εὑρεῖν.</em></strong></span> <span class='ocrx_word' id='word_1_208' title='bbox 476 3108 571 3190; x_wconf 90' lang='grc' dir='ltr'><strong><em>γνοίη</em></strong></span> <span class='ocrx_word' id='word_1_209' title='bbox 600 3103 630 3171; x_wconf 86' lang='grc' dir='ltr'><strong><em>δ’</em></strong></span> <span class='ocrx_word' id='word_1_210' title='bbox 661 3107 703 3170; x_wconf 87' lang='grc' dir='ltr'><strong><em>άν</em></strong></span> <span class='ocrx_word' id='word_1_211' title='bbox 728 3127 794 3189; x_wconf 87' lang='grc' dir='ltr'><strong><em>τις,</em></strong></span> <span class='ocrx_word' id='word_1_212' title='bbox 820 3108 852 3172; x_wconf 87' lang='grc' dir='ltr'><strong><em>εί</em></strong></span> <span class='ocrx_word' id='word_1_213' title='bbox 877 3107 921 3191; x_wconf 73' lang='grc' dir='ltr'><strong><em>μη</em></strong></span> <span class='ocrx_word' id='word_1_214' title='bbox 943 3108 1002 3172; x_wconf 88' lang='grc' dir='ltr'><strong><em>τὸν</em></strong></span> <span class='ocrx_word' id='word_1_215' title='bbox 1024 3110 1125 3190; x_wconf 92' lang='grc' dir='ltr'><strong><em>λόγον</em></strong></span> 
     </span>
     <span class='ocr_line' id='line_1_28' title="bbox 124 3204 1126 3298; baseline 0.001 -20"><span class='ocrx_word' id='word_1_216' title='bbox 124 3209 220 3296; x_wconf 83' lang='grc' dir='ltr'><strong><em>ὑμᾶς,</em></strong></span> <span class='ocrx_word' id='word_1_217' title='bbox 242 3209 325 3274; x_wconf 87' lang='grc' dir='ltr'><strong><em>άλλδ</em></strong></span> <span class='ocrx_word' id='word_1_218' title='bbox 346 3211 386 3276; x_wconf 84' lang='grc' dir='ltr'><strong><em>τδι</em></strong></span> <span class='ocrx_word' id='word_1_219' title='bbox 408 3208 568 3298; x_wconf 88' lang='grc' dir='ltr'><strong><em>πράγματ’</em></strong></span> <span class='ocrx_word' id='word_1_220' title='bbox 592 3207 644 3296; x_wconf 80' lang='grc' dir='ltr'><strong><em>ἐφ’</em></strong></span> <span class='ocrx_word' id='word_1_221' title='bbox 668 3204 715 3274; x_wconf 85' lang='grc' dir='ltr'><strong><em>ὧν</em></strong></span> <span class='ocrx_word' id='word_1_222' title='bbox 738 3210 808 3278; x_wconf 82' lang='grc' dir='ltr'><strong><em>ἐστε</em></strong></span> <span class='ocrx_word' id='word_1_223' title='bbox 832 3210 1012 3290; x_wconf 85' lang='grc' dir='ltr'><strong><em>σκέψεσθαι</em></strong></span> <span class='ocrx_word' id='word_1_224' title='bbox 1033 3217 1126 3297; x_wconf 91' lang='grc' dir='ltr'><strong><em>νομί-</em></strong></span> 
     </span>
     <span class='ocr_line' id='line_1_29' title="bbox 126 3312 1126 3402; baseline -0.001 -19"><span class='ocrx_word' id='word_1_225' title='bbox 126 3335 196 3402; x_wconf 83' lang='grc' dir='ltr'><strong><em>σαι,</em></strong></span> <span class='ocrx_word' id='word_1_226' title='bbox 217 3312 272 3382; x_wconf 88' lang='grc' dir='ltr'><strong><em>καὶ</em></strong></span> <span class='ocrx_word' id='word_1_227' title='bbox 294 3317 395 3380; x_wconf 86' lang='grc' dir='ltr'><strong><em>πλείω</em></strong></span> <span class='ocrx_word' id='word_1_228' title='bbox 418 3317 568 3400; x_wconf 80' lang='grc' dir='ltr'><strong><em>σπουδὴν</em></strong></span> <span class='ocrx_word' id='word_1_229' title='bbox 593 3325 654 3382; x_wconf 86' lang='grc' dir='ltr'><strong><em>τοῦ</em></strong></span> <span class='ocrx_word' id='word_1_230' title='bbox 682 3316 792 3380; x_wconf 88' lang='grc' dir='ltr'><strong><em>δοκεῖν</em></strong></span> <span class='ocrx_word' id='word_1_231' title='bbox 819 3315 960 3400; x_wconf 79' lang='grc' dir='ltr'><strong><em>ἐπιεικὴς</em></strong></span> <span class='ocrx_word' id='word_1_232' title='bbox 982 3313 1126 3401; x_wconf 78' lang='grc' dir='ltr'><strong><em>εἷναι,ἢ</em></strong></span> 
     </span>
    </p>

    <p class='ocr_par' dir='ltr' id='par_1_6' title="bbox 6 3420 1127 3612">
     <span class='ocr_line' id='line_1_30' title="bbox 101 3420 1125 3507; baseline -0.002 -19"><span class='ocrx_word' id='word_1_233' title='bbox 101 3432 184 3488; x_wconf 67' lang='grc' dir='ltr'><strong><em>ετοῦ</em></strong></span> <span class='ocrx_word' id='word_1_234' title='bbox 212 3422 321 3498; x_wconf 87' lang='grc' dir='ltr'><strong><em>δεινὸς</em></strong></span> <span class='ocrx_word' id='word_1_235' title='bbox 348 3422 452 3486; x_wconf 78' lang='grc' dir='ltr'><strong><em>εἰπεῖν</em></strong></span> <span class='ocrx_word' id='word_1_236' title='bbox 478 3430 624 3506; x_wconf 82' lang='grc' dir='ltr'><strong><em>φανῆναι</em></strong></span> <span class='ocrx_word' id='word_1_237' title='bbox 650 3432 786 3486; x_wconf 89' lang='grc' dir='ltr'><strong><em>ποιοῖτο.</em></strong></span> <span class='ocrx_word' id='word_1_238' title='bbox 827 3420 891 3502; x_wconf 82' lang='grc' dir='ltr'><strong><em>έγδν</em></strong></span> <span class='ocrx_word' id='word_1_239' title='bbox 918 3431 1001 3504; x_wconf 85' lang='grc' dir='ltr'><strong><em>γοῦν</em></strong></span> <span class='ocrx_word' id='word_1_240' title='bbox 1024 3421 1125 3507; x_wconf 77' lang='grc' dir='ltr'><strong><em>(οὕτω</em></strong></span> 
     </span>
     <span class='ocr_line' id='line_1_31' title="bbox 6 3522 1127 3612; baseline -0.006 -17"><span class='ocrx_word' id='word_1_241' title='bbox 6 3530 7 3544; x_wconf 72' lang='grc'><strong><em>’</em></strong></span> <span class='ocrx_word' id='word_1_242' title='bbox 126 3531 159 3594; x_wconf 92' lang='grc' dir='ltr'><strong><em>τί</em></strong></span> <span class='ocrx_word' id='word_1_243' title='bbox 173 3551 229 3612; x_wconf 92' lang='grc' dir='ltr'><strong><em>μοι</em></strong></span> <span class='ocrx_word' id='word_1_244' title='bbox 246 3522 366 3612; x_wconf 80' lang='grc' dir='ltr'><strong><em>γένοιτ’</em></strong></span> <span class='ocrx_word' id='word_1_245' title='bbox 384 3525 529 3612; x_wconf 78' lang='grc' dir='ltr'><strong><em>ἀγαθόν)</em></strong></span> <span class='ocrx_word' id='word_1_246' title='bbox 546 3525 657 3610; x_wconf 77' lang='grc' dir='ltr'><strong><em>ἐπειδὴ</em></strong></span> <span class='ocrx_word' id='word_1_247' title='bbox 674 3523 829 3611; x_wconf 77' lang='grc' dir='ltr'><strong><em>περὶτῶν</em></strong></span> <span class='ocrx_word' id='word_1_248' title='bbox 847 3527 1019 3609; x_wconf 84' lang='grc' dir='ltr'><strong><em>παρόντων</em></strong></span> <span class='ocrx_word' id='word_1_249' title='bbox 1034 3523 1127 3610; x_wconf 82' lang='grc' dir='ltr'><strong><em>ἐπῄει</em></strong></span> 
     </span>
    </p>
   </div>
   <div class='ocr_carea' id='block_1_6' title="bbox 0 0 1332 3926">
    <p class='ocr_par' dir='ltr' id='par_1_7' title="bbox 0 0 1332 3926">
     <span class='ocr_line' id='line_1_32' title="bbox 0 0 1332 3926; baseline 0 0"><span class='ocrx_word' id='word_1_250' title='bbox 0 0 1332 3926; x_wconf 95' lang='lat' dir='ltr'><strong><em> </em></strong></span> 
     </span>
    </p>
   </div>
  </div>
 </body>
</html>
