2656 3926
430 168 618 222 IIPOOIMIA.
645 169 868 220 XLIII—XLVI.
1085 163 1149 231 391

145 341 213 396 τῶν
241 326 475 417 πραττομένων
504 334 579 394 ίσον
608 325 696 414 αὐτῷ
726 327 785 392 τὸν
814 329 952 394 ἔπαινον
981 325 1153 410 γενέσθαι·

140 438 223 502 ὀὔτε
245 437 309 522 γαρ
331 435 436 523 τούτω
458 437 620 509 κακόνους
637 430 706 516 εἰμὶ
727 433 773 517 μδ
793 435 872 510 τοὺς
893 433 995 510 θεοὺς
1016 427 1096 517 ὑμῖν
1118 429 1150 496 τ’

147 542 278 625 ἀγαθὸν
300 541 463 625 βούλομαι
487 537 543 620 [ἀν
562 535 743 622 γενέσθαι].
779 535 851 604 ἀλλ’
874 535 964 624 ὁρᾶτ’
988 533 1013 602 ὦ
1036 539 1155 625 ἄνδρες

142 645 335 732 Ἀθηναῖοι,
369 647 413 730 μή
443 642 686 732 κεχωρισμένον
708 637 730 730 ᾗ
754 647 856 728 λόγον
884 647 989 711 είπεῖν
1016 638 1073 729 εὖ,
1100 641 1155 709 καλ

146 743 346 838 προελέσθαι
363 751 538 838 πράγματα
556 746 778 836 συμφέροντα,
800 748 855 814 καὶ
876 751 914 816 τὸ
937 745 998 834 μὲν
1016 749 1156 837 ῥήτορος

17 930 21 933 ,
84 913 86 917 .
119 861 246 942 εέργον
264 851 298 944 ή,
319 859 358 924 τὸ
382 853 419 922 δὲ
441 865 526 922 νοῦν
545 858 677 942 ἔχοντος
696 854 887 941 ἀνθρώπου.
924 855 1018 939 ὑμεῖς
1039 859 1155 922 τοίνυν

147 966 183 1030 οί
199 957 329 1048 πολλοὶ,Ι
351 959 406 1028 καὶ
423 958 557 1046 μάλισθ’
578 961 614 1028 οί
630 962 864 1048 πρεσβύτατοι,
884 959 993 1043 λέγειν
1013 957 1074 1046 μὲν
1094 960 1156 1027 οὐκ

146 1067 296 1156 ἀφείλεθ’
324 1069 446 1153 ὁμοίως
473 1068 640 1133 δύνασθαι
666 1078 735 1144 τοῖς
761 1067 976 1143 δεινοτάτοις·
1003 1077 1070 1132 τῶν
1092 1066 1155 1151 γὰρ

146 1175 348 1261 εἰθισμένων
373 1176 411 1240 τὸ
436 1183 569 1259 πρᾶγμα
594 1182 706 1239 τοῦτο·
732 1182 817 1239 νοῦν
842 1169 871 1238 δ’
897 1175 984 1258 ἔχειν
1004 1168 1151 1256 ἀφείλεθ’

146 1284 269 1367 ὁμοίως
296 1277 351 1345 καί
378 1283 504 1364 μᾶλλον
531 1279 671 1344 τούτων·
695 1279 732 1343 αί
755 1279 819 1365 γὰρ
847 1277 1011 1364 ἐμπειρίαι
1037 1275 1092 1343 καί
1118 1278 1155 1343 τὸ

146 1385 242 1455 πόλλ’
270 1384 440 1472 ἑορακέναι
468 1382 557 1451 τοῦτ’
584 1385 787 1469 ἐμποιοῦσιν.
833 1384 877 1469 μή
903 1388 1019 1451 τοίνυν
1046 1379 1072 1449 ὦ
1099 1383 1157 1448 ἀν-

148 1495 225 1580 δρες
243 1490 416 1576 Ἀθηναῖοι
433 1488 549 1576 φανήτ’
573 1489 773 1574 ἀγνοοῦντες
793 1489 831 1556 έν
852 1498 897 1578 τῷ
920 1492 1059 1576 παρόντι
1081 1498 1158 1572 νῦν,

147 1583 199 1665 Ιὅτι
218 1599 255 1664 αί
271 1597 326 1663 διδ
344 1607 411 1663 τῶν
430 1599 540 1680 λόγων
558 1595 709 1682 ἀνδρεῖαι
726 1593 782 1662 καλ
799 1597 1015 1681 θρασύτητες,
1035 1594 1093 1660 ἐὰν
1112 1595 1156 1678 μή

149 1702 227 1790 μεθ’
249 1703 460 1790 ὑπαρχούσης
483 1698 545 1768 ὦσι
567 1711 774 1788 παρασκευῆς
796 1699 851 1766 καὶ
874 1702 996 1788 ῥώμης,
1018 1699 1158 1766 ἀκοῦσαι

123 1810 211 1896 ιμέν
228 1813 314 1877 είσιν
331 1811 453 1894 ήδεῖαι,
473 1810 628 1896 πράττειν
651 1805 682 1872 δ’
704 1807 919 1874 ἐπικίνδυνοι.
956 1807 1071 1873 αὐτίκα
1093 1806 1157 1889 γὰρ

150 1919 187 1982 τὸ
211 1917 254 2000 μή
278 1912 460 1998 ’πιτρέπειν
484 1926 553 1990 τοῖς
580 1912 772 1997 ἀδικοῦσιν,
799 1911 898 1999 ὁρᾶθ’
926 1914 970 1990 ὡς
996 1914 1098 1978 καλὸν
1120 1911 1157 1976 τὸ

152 2023 248 2108 ῥῆμα.
292 2019 496 2105 ἀποβλέψατε
527 2020 569 2102 δή
598 2029 728 2103 πρῶτον
762 2020 844 2102 πρὸς
871 2019 909 2084 τὸ
939 2020 1038 2103 ἔργον
1067 2015 1158 2082 αὐτό.

107 2165 110 2174 ‹
152 2129 207 2192 δεῖ
230 2135 388 2209 κρατήσαι
415 2122 620 2210 μαχομένους
650 2133 718 2186 τῶν
749 2121 880 2208 ἐχθρῶν
907 2125 986 2198 τοὺς
1010 2122 1072 2207 τήν
1099 2131 1158 2186 τοῦ

152 2233 296 2318 ῥήματος
323 2231 443 2296 τούτου
473 2225 641 2312 σεμνότητ’
668 2229 761 2315 ’ἔργῳ
795 2225 1011 2311 ληψομένους.
1053 2229 1158 2292 εἰπεῖν

153 2333 214 2422 μὲν
243 2337 306 2422 γὰρ
336 2330 362 2398 ὦ
392 2335 511 2419 ἄνδρες
535 2331 707 2415 Ἀθηναῖοι
736 2331 843 2398 πάντα
875 2330 999 2417 πέφυκε
1029 2331 1160 2420 ῥᾴδιον,

153 2442 273 2530 πρᾶξαι
301 2439 330 2507 δ’
358 2441 418 2525 οὐχ
442 2441 577 2504 ἅπαντα.
617 2438 743 2524 οὐγὰρ
767 2445 838 2514 ίσος
859 2441 960 2516 πόνος
982 2437 1037 2504 καὶ
1060 2439 1159 2525 ίδρὼς

4 2535 7 2544 ’
126 2552 218 2636 ιπρό
236 2571 270 2615 τε
287 2558 348 2613 τοῦ
366 2542 547 2628 λέγεινκαὶ
568 2545 633 2629 πρὸ
657 2553 717 2609 τοῦ
734 2543 889 2630 πράττειν
907 2543 1006 2611 ἐστίν.
1041 2545 1104 2629 ἐγὼ
1123 2544 1154 2610 δ’
1169 2556 1236 2606 145³

154 2657 195 2723 οὐ
217 2659 348 2741 χείρους
370 2652 456 2736 ὑμᾶς
477 2651 620 2734 ήγοῦμαι
642 2651 741 2734 φύσει
761 2635 916 2733 Θηβαίων
941 2646 1009 2737 (καί
1031 2652 1094 2739 γὰρ
1116 2651 1158 2718 ἀν

154 2755 361 2846 μαινοίμην),
383 2754 454 2822 ἀλλ’
477 2753 809 2841 ἀπαρασκευοτέρους.
845 2752 930 2840 φημὶ
948 2756 989 2839 δή
1009 2757 1081 2822 δεῖν
1098 2769 1158 2824 τοῦ

153 2866 460 2952 παρασκευάζεσθαι
477 2872 541 2928 νῦν
554 2866 723 2926 ποιεῖσθαι
742 2861 803 2944 τήν
818 2859 932 2947 ἀρχήν,
951 2861 1062 2948 ἐπειδὴ
1080 2860 1159 2940 τέως

155 2971 316 3054 ἠμελεῖτε,
344 2969 384 3035 οὐ
407 2977 466 3034 τοῦ
491 2969 753 3050 διαγωνίζεσθαι.
794 2966 834 3031 οὐ
855 2967 917 3051 γάρ
940 2965 1098 3050 ἀντιλέγω
1121 2969 1158 3034 τὸ

156 3077 247 3159 ὅλον,
262 3072 333 3141 ἀλλ’
345 3070 428 3160 ὑπὲρ
443 3083 503 3140 τοῦ
516 3075 639 3159 τρόπον
648 3081 705 3154 τῆς
715 3067 926 3157 ἐγχειρήσεως
940 3070 1170 3156 έναντιοῦμαι.

621 3267 690 3332 Μς.

143 3415 145 3425 ·
213 3389 317 3476 Ὅσην
339 3385 401 3473 μὲν
419 3385 445 3453 δι
464 3389 582 3475 ἀνδρες
601 3385 773 3472 Ἀθηναῖοι
795 3389 988 3469 πεποίηνται
1011 3388 1160 3471 σπουδήν

156 3499 193 3564 οί
218 3494 370 3584 πρέσβεις
398 3501 618 3580 κατηγορῆσαι
647 3501 704 3576 τῆς
731 3494 856 3567 πόλεως
883 3490 995 3575 ἡμῶν,
1022 3493 1161 3567 ἅπαντες
