2656 3926
426 183 429 190 ’
459 269 463 278 ,
496 213 689 264 mmmm
707 213 756 265 111.
1068 207 1136 272 413

95 369 356 458 ιγεγενημένων
378 372 512 458 φαύλην
536 370 637 451 δόξαν
659 371 680 456 η
703 375 799 448 πόλις
821 370 991 457 λαμβάνει.
1029 367 1139 446 οὐδεὶς
1177 402 1180 407 ·

125 481 189 566 γὰρ
211 490 279 546 τῶν
297 477 466 564 Ἑλλήνων
488 478 618 564 ἀγνοεῖ,
645 477 696 543 ὅτι
724 481 828 556 ζῶντα
849 480 1050 561 Λυκοῦργον
1075 475 1137 540 ἐτι-

93 603 94 608 ’
126 582 209 672 μάθ’
235 586 330 670 ὑμεῖς
352 589 399 662 είς
420 585 625 673 ύπερβολην,
652 582 708 650 καλ
733 589 867 651 πολλῶν
891 586 1005 650 αίτιῶν
1028 580 1138 647 ἐπενε-

124 699 273 778 χθεισῶν
290 692 355 760 ὑπὸ
374 702 441 758 τῶν
459 692 682 778 φθονούντων
701 690 807 779 αὐτῷ,
826 689 985 774 οὐδεμίαν
1003 670 1134 754 πώποθ’

125 795 232 886 εὕρετ’
254 797 376 882 ἀληθῆ,
400 797 485 864 ούτω
511 793 541 862 δ’
564 793 741 863 ἐπιστεύετ’
769 796 857 884 αύτῷ
882 793 936 861 καλ
959 795 1138 879 δημοτικὸν

124 905 215 991 παρὰ
237 904 361 980 πάντας
383 904 531 987 ἡγεῖσθε,
555 903 637 968 ὥστε
657 903 765 968 πολλὰ
782 913 850 968 τῶν
868 903 1008 967 δικαίων
1031 899 1068 966 ἐν
1091 907 1136 988 τῷ

126 1019 229 1096 φῆσαι
252 1012 452 1095 Λυκοῦργον
475 1007 619 1095 ἐκρίνετο
641 1005 697 1074 καλ
714 1005 810 1073 τοῦθ’
833 1007 915 1092 ύμίν
934 1005 1073 1092 ἐξήρκει·
1097 1005 1217 1072 ούιεεσ

97 1114 188 1202 τγάρ
219 1111 262 1200 ἦν
291 1135 364 1177 *ει
393 1123 546 1181 τοιοῦτον
575 1115 619 1199 μὴ
650 1115 773 1180 δοκοῦν
802 1112 892 1198 ὑμίν.
933 1122 997 1178 νῦν
1020 1115 1138 1178 τοίνυν

126 1212 265 1298 ἀπαντες
287 1215 464 1296 ἀκούοντες
480 1221 558 1297 τοὺς
575 1219 659 1296 υδείς
677 1219 779 1285 αὐτοῦ
798 1217 973 1302 δεδέσθαι,
995 1220 1054 1284 τὸν
1077 1213 1139 1302 μέν

125 1323 281 1394 τεθνεῶτ’
308 1325 457 1410 ἐλεοῦσι,
486 1337 555 1402 τοῖς
583 1324 678 1391 παισὶ
707 1323 737 1392 δ’
765 1325 810 1402 ώς
836 1323 954 1403 ἀνάξια
976 1324 1139 1409 πάσχουσι

126 1432 370 1518 συνάχθονται,
400 1431 481 1517 ύμῖν
511 1429 542 1497 δ’
569 1431 741 1516 ἐπιτιμῶσι
769 1442 911 1517 πικρῶς,
941 1430 985 1506 ώς
1013 1429 1074 1496 οὐκ
1097 1428 1139 1495 ἀν

125 1540 325 1623 τολμήσαιμι
348 1539 489 1625 γράφειν
513 1537 590 1622 ἐγώ·
614 1537 635 1604 ἀ
658 1538 721 1624 γάρ
745 1538 891 1623 ἄχθομαι
913 1548 982 1613 τοῖς
1004 1533 1140 1620 λέγουσι

126 1643 181 1711 καλ
204 1639 364 1726 ἀντιλέγω
386 1641 465 1710 καθ’
492 1645 573 1710 ὅσον
597 1645 742 1727 δύναμαι
764 1647 904 1728 βοηθῶν
925 1642 1018 1727 ὑμῖν,
1040 1638 1133 1707 ταῦτ’

127 1753 202 1838 ἀχρι
214 1746 286 1835 ’μὲν
308 1761 370 1817 τοῦ
393 1753 496 1836 δῆλον
514 1750 595 1835 ὑμίν
612 1758 759 1833 ποιησαι,
782 1749 833 1814 ὅτι
850 1746 970 1815 πολλοί
993 1746 1139 1834 μέμφον-

125 1879 190 1941 ται,
213 1856 394 1942 συμφέρειν
417 1857 497 1942 ὑμίν
519 1859 663 1940 νομίζων
686 1853 827 1940 εἰδέναι,
854 1853 1020 1942 γέγραφα,
1048 1855 1138 1942 ἀκρι-

100 1968 194 2049 θβῶς
213 1959 249 2028 δέ
269 1961 424 2040 διεξιέναι
443 1957 599 2049 δυσχερὲς
616 1964 728 2046 κρίνω.
762 1961 824 2026 ὅσα
843 1958 956 2046 μέντοι
970 1963 1139 2044 λοιδορίας
1182 2019 1183 2022 ,

126 2070 227 2157 χωρίς
246 2066 334 2132 ἐστιν
354 2063 400 2133 ὧν
419 2062 557 2152 λέγουσί
571 2089 670 2149 τινες,
687 2063 743 2131 καὶ
761 2065 936 2150 ἀκηκοέναι
956 2066 1139 2153 συμφέρειν
1266 2055 1267 2063 ¹

69 2215 71 2220 π
126 2175 282 2258 ἡγοῦμαι,
300 2183 404 2239 ταῦτα
423 2173 570 2257 δηλώσω.
607 2169 718 2248 οὐδεὶς
736 2171 799 2256 γάρ
818 2171 1000 2256 ὑπείληφεν
1020 2173 1064 2248 ώς
1082 2168 1134 2258 ἀρ’

127 2279 308 2364 ηγνοηκατε
335 2274 390 2343 καὶ
407 2275 638 2361 ’διεψεύσθητε
665 2286 721 2361 τῆς
747 2276 906 2361 ἀληθείας
931 2274 1007 2360 περὶ
1035 2277 1138 2343 αὐτοῦ

127 2384 338 2467 Λυκούργου.
383 2387 420 2450 τό
443 2406 478 2448 τε
501 2383 564 2468 γάρ
582 2392 642 2449 τοῦ
661 2386 784 2468 χρόνον
807 2387 947 2466 πλῆθος,
969 2381 1009 2448 ὃν
1033 2380 1138 2460 ἐξετα-

128 2494 272 2575 ζόμενος,
296 2482 397 2556 οὐδὲν
415 2485 546 2556 πώποθ’
569 2487 692 2574 εὑρέθη
710 2485 786 2575 περὶ
804 2486 889 2574 ὑμᾶς
908 2488 982 2554 ούτε
1001 2499 1138 2574 φρονῶν

126 2600 202 2666 οὔτε
224 2606 331 2662 ποιῶν
353 2597 487 2679 ἀδικον,
514 2592 629 2660 καὶτὸ
651 2591 767 2679 μηδέν’
795 2594 985 2680 ἀνθρώπων
1008 2595 1055 2670 είς
1078 2617 1138 2678 μη-

127 2702 185 2770 δὲν
213 2713 286 2768 ’τῶν
320 2703 431 2768 ἀλλων
466 2700 688 2785 ἀναισθησίαν
718 2700 760 2767 ἀν
790 2698 885 2785 ὑμῶν
919 2711 1139 2784 καταγνῶναι,

102 2812 260 2886 θείκύτως
282 2808 415 2895 ἀναιρεῖ
433 2809 495 2892 την
516 2803 601 2893 ὑπὲρ
623 2817 681 2892 τῆς
703 2807 839 2891 ἀγνοίας
860 2807 991 2892 σκῆψιν.
1032 2811 1138 2873 λείπε·

127 2938 181 2980 ται
198 2919 314 2980 τοίνυν
333 2913 351 2981 ὃ
369 2913 491 2990 πάντες
508 2912 550 2979 ἀν
568 2910 653 2980 εἶναι
671 2915 811 2999 φαύλων
830 2913 1019 2999 ἀνθρώπων
1038 2916 1137 2999 ἔργον

127 3022 280 3107 φήσαιεν,
305 3021 367 3102 [τὸ]
393 3021 473 3086 ὅσον
496 3018 539 3084 ἀν
561 3025 687 3107 χρῆσθε
716 3024 855 3107 χρόνον,
882 3030 1042 3087 τοσοῦτον
1065 3017 1138 3083 ἑκά-

127 3143 208 3192 στου
231 3129 418 3211 φροντίζειν
448 3129 578 3211 δοκεῖν,
608 3127 688 3211 μετδ
714 3138 815 3194 ταῦτα
843 3123 881 3192 δέ
909 3122 1024 3211 μηδέν’
1050 3127 1137 3210 ἔχειν

127 3235 238 3316 λόγον.
280 3232 327 3308 είς
348 3237 384 3297 τί
403 3233 466 3318 γάρ
484 3243 551 3299 τῶν
570 3231 681 3326 ἀλλων
699 3234 760 3319 χρη
779 3234 970 3319 προσδοκῶν
988 3238 1033 3319 τῷ
1052 3253 1137 3296 τετε-

127 3341 297 3424 λευτηκότι
315 3337 377 3421 την
393 3335 469 3424 παρ’
492 3337 586 3421 ὑμῶν
609 3341 744 3403 ἔσεσθαι
762 3339 871 3424 χάριν,
897 3337 976 3402 ὅταν
994 3338 1042 3413 είς
1059 3339 1137 3412 τοὺς

126 3447 245 3522 παῖδας
266 3440 321 3510 καλ
343 3445 404 3528 την
426 3442 582 3521 εὐδοξίαν
609 3439 756 3510 τάναντί’
784 3444 847 3531 δρᾷ
873 3465 922 3519 τις
944 3445 1136 3527 γιγνόμενα,

126 3545 174 3616 ὧν
192 3554 305 3636 μόνων
322 3549 378 3617 καὶ
396 3552 571 3616 τελευτῶσι
588 3557 689 3614 πᾶσιν
708 3549 795 3626 ὅπως
813 3549 876 3627 ἕξει
899 3553 1006 3624 καλῶς
1028 3545 1133 3632 μέλεα
