2654 3926
225 164 266 230 76
531 171 613 224 xm.
636 168 916 224 ΔΗωοΣοεωουν

183 343 236 409 ιι,
280 325 354 393 Ἵνα
382 331 499 396 τοίνυν
526 324 635 412 είδήθ’
666 323 750 414 ὑπὲρ
780 327 906 410 ἡλίκων
936 327 991 394 καὶ
1021 327 1110 394 ὅσων
1132 323 1176 413 ήν
1198 331 1239 396 τὸ

223 432 473 518 κατασκεύασμα
499 436 537 500 τδ
566 443 623 518 τής
653 434 832 518 διαθήκης,
859 432 951 520 μίκρ’
977 433 1142 502 ἀκούσατέ
1161 459 1238 520 μου.

222 533 265 622 ήν
287 539 350 624 γὰρ
380 535 406 605 ὦ
436 541 556 627 ἄνδρες
579 538 752 623 Ἀθηναῖοι
781 549 880 606 τοῦτο
909 551 1041 626 πρῶτον
1067 536 1129 625 μὲν
1152 537 1238 624 ὑπὲρ

223 653 284 709 τοῦ
310 646 354 728 μή
383 647 502 711 δοῦναι
526 647 622 730 δίκην
646 639 693 710 ὧν
718 645 926 732 διεφθάρκει,
948 645 991 730 ήν
1014 644 1087 731 ἐμοὶ
1109 642 1171 729 μὲν
1193 646 1238 711 ού

223 751 326 816 καλὸν
348 748 469 836 λέγειν,
490 751 585 836 ὑμεῖς
608 749 640 816 δ’
667 757 747 835 ίστε,
769 750 832 816 κᾶν
850 749 915 835 ἐγὼ
938 753 982 836 μή
1006 749 1103 836 λέγω,
1126 749 1235 817 ἔπειθ’

222 851 305 941 ὑπὲρ
323 865 384 922 τοῦ
402 867 575 943 κατασχεῖν
595 853 645 924 ὅσ’
667 850 710 941 ήν
728 864 774 945 τῷ
797 855 950 946 ήμετέρφ
965 856 1064 943 πατρί
1087 859 1238 943 χρήματα

223 962 311 1047 παρὰ
329 970 368 1047 τή
387 967 497 1049 μητρί,
519 965 602 1049 πρὸς
620 958 657 1028 δὲ
675 963 805 1048 τούτοις
826 958 910 1049 ὑπὲρ
933 973 993 1030 τοῦ
1015 960 1071 1029 καί
1093 972 1160 1029 τῶν
1178 965 1237 1028 άλ-

223 1071 293 1132 λων
319 1079 386 1134 τῶν
413 1066 580 1155 ήμετέρων
611 1067 765 1134 ἁπάντων
787 1073 892 1158 κυρίῳ
915 1066 1082 1153 γενέσθαι.
1127 1069 1178 1135 ὅτι
1200 1066 1233 1135 δ’

224 1171 310 1240 οὕτω
334 1172 423 1240 ταῦτ’
446 1177 525 1260 ἔχει,
546 1183 604 1259 τής
621 1175 785 1258 διαθήκης
807 1173 907 1258 αύτής
929 1173 1129 1253 ἀκούσαντες
1150 1166 1250 1258 γ’νων

224 1286 338 1345 σεσθε·
362 1283 544 1364 φανήσεται
566 1281 629 1366 γὰρ
654 1281 695 1346 οὐ
716 1282 839 1368 πατρὸς
862 1281 906 1357 ὡς
927 1277 1010 1368 ὑπὲρ
1032 1279 1133 1346 υίέων
1156 1281 1237 1367 γρά-

224 1408 345 1470 φοντος
368 1383 494 1451 ἐοικυῖα
514 1385 699 1470 [διαθήκη],
721 1382 806 1449 ἀλλὰ
834 1384 958 1451 δούλου
986 1382 1236 1470 λελυμασμένου

223 1490 263 1556 τὰ
285 1500 352 1555 τῶν
379 1490 563 1573 δεσποτῶν,
593 1490 680 1567 ὅπως
706 1491 751 1573 μὴ
782 1490 882 1555 δύσει
905 1492 1002 1574 δίκην
1025 1487 1245 1568 σκοποῦντοςῖ

186 1613 212 1654 ιε
224 1591 299 1678 λέγε
323 1590 353 1659 δ’
372 1595 484 1671 αὐτοῖς
501 1595 561 1678 τήν
581 1595 748 1678 διαθήκην
766 1593 883 1679 αὐτήν,
904 1594 947 1679 ἣν
966 1589 1059 1661 οὗτοι
1077 1597 1157 1679 μετὰ
1179 1603 1237 1680 τής
1248 1611 1325 1664 111(

225 1701 435 1784 προκλήσεως
465 1700 767 1786 μεμαρτυρήκασιν·
800 1698 894 1784 ὑμεῖς
925 1695 956 1765 δ’
990 1698 1187 1784 ἐνθυμεῖσθ’
1214 1701 1236 1766 ἃ

226 1802 265 1870 λέ
285 1829 321 1870 ω.

263 1829 284 1888 γ
641 1908 815 1962 ΔΙΑΘΗΚΗ.

340 2037 417 2099 Τάδε
445 2035 559 2100 διέθετο
588 2039 712 2098 Πασίων
736 2034 907 2118 Ἀχαρνεύς·
934 2037 1041 2116 δίδωμι
1067 2035 1123 2117 τήν
1146 2037 1235 2118 ἐμαν-

271 2143 324 2196 τοθ
345 2140 473 2216 γυναῖκα
491 2130 654 2214 Ἀρχίππην
679 2138 849 2215 Φορμίωνι,
876 2133 926 2195 καὶ
947 2139 1057 2217 προῖκα
1079 2134 1237 2216 ἐπιδίδωμι

268 2227 410 2316 Ἀρχίππη
437 2231 580 2294 τάλαντον
607 2229 661 2310 μὲν
688 2231 720 2294 τὸ
749 2231 783 2294 ἐκ
805 2230 1009 2314 Πεπαρήθου,
1038 2232 1181 2296 τάλαντον
1204 2232 1237 2295 δὲ

270 2328 301 2390 τὸ
320 2327 460 2408 αὐτόθεν,
483 2330 638 2391 συνοικίαν
655 2327 760 2391 ἑκατὸν
779 2338 874 2408 μνῶν,
896 2329 1083 2410 θεραπαίνας
1100 2330 1151 2392 καί
1168 2353 1237 2410 χρυ-

271 2426 330 2505 σία,
352 2423 402 2487 καλ
425 2420 504 2487 πάλλ’
526 2424 580 2486 ὅσα
603 2423 681 2487 ἐστὶν
705 2424 778 2510 αὐτή
802 2424 903 2504 ἔνδον,
924 2425 1042 2488 ἅπαντα
1063 2436 1154 2490 ταῦτα
1173 2423 1237 2508 Ἀρ-

270 2524 363 2608 χίππη
387 2523 501 2601 δίδωμι.

287 2638 461 2708 Ἠκούσατ’
502 2636 528 2706 ὦ
565 2643 684 2728 ἄνδρες
720 2639 894 2726 Ἀθηναῖοι
934 2645 971 2709 τὸ
1014 2648 1143 2726 πλῆθος
1178 2652 1236 2726 τής

224 2751 376 2834 προικός,
402 2749 564 2814 τάλαντον
587 2747 624 2814 ἐκ
646 2750 873 2834 Πεπαρήθου,
894 2749 1057 2815 τάλαντον
1079 2748 1235 2832 αὐτόθεν,

224 2857 398 2920 συνοικίαν
425 2851 543 2921 ἑκατὸν
570 2865 682 2938 μνῶν,
707 2857 913 2940 θεραπαίνας
941 2853 997 2920 καί
1018 2859 1155 2941 χρυσία,
1180 2853 1236 2922 καί

225 2962 339 3043 τάλλα,
361 2958 475 3043 φησίν,
499 2956 548 3025 30²
575 2957 640 3024 ἔστ’
664 2959 758 3045 αὐτή,
782 2960 914 3044 δίδωμι,
936 2961 1042 3050 τούτω
1065 2968 1110 3047 τῷ
1134 2960 1237 3044 γράμ-

225 3089 302 3150 ματι
332 3063 387 3130 καὶ
418 3075 479 3133 τοῦ
511 3068 647 3150 ζητήσαί
675 3088 707 3132 τι
738 3076 805 3132 τῶν
836 3063 1128 3151 καταλειφθέντων
1157 3065 1237 3134 ἀπο-

225 3175 345 3239 κλείων
367 3171 460 3254 ἡμᾶς.

186 3307 212 3346 ιε
294 3275 379 3362 Φέρε
404 3277 446 3360 δή
465 3276 562 3355 δείξω
580 3279 641 3361 τήν
660 3281 827 3362 μίσθωσιν
850 3276 943 3361 ὑμῖν,
965 3277 1042 3343 καθ’
1065 3278 1108 3362 ήν
1130 3277 1237 3363 έμεμί-

226 3387 338 3447 σθωτο
356 3383 417 3465 τήν
435 3382 596 3467 τράπεζαν
618 3384 707 3468 παρά
729 3393 789 3449 τοῦ
811 3384 933 3469 πατρὸς
956 3379 1062 3460 οὗτος.
1098 3383 1153 3449 καὶ
1175 3387 1236 3469 γὰρ

226 3485 262 3551 έκ
284 3485 420 3571 ταύτης,
442 3490 558 3575 καίπερ
582 3484 864 3574 ἐσκευωρημένης,
893 3486 1016 3566 ὄψεσθ’
1041 3489 1092 3555 ὅτι
1113 3488 1232 3575 πλάσμ’
