2658 3922
193 176 258 242 248
503 179 590 232 LVII.
616 178 896 232 ΔΗΜΟΣΘΕΝΟΤΣ

526 405 527 410 ‘
648 407 750 476 ινιτ.

326 549 522 626 mm
549 548 690 670 ΠΡΟΣ
721 485 1085 626 ΕνΒονΛΙΔιιΝζ

597 738 798 794 ΤΠΟΘΕΣΙΣ.

261 867 409 949 Γράφεται
430 868 522 948 νόμος
543 860 614 950 παρ’
632 859 804 946 Ἀθηναίοις
825 864 965 949 γενέσθαι
987 865 1107 946 ζήτησιν
1130 865 1216 926 πάν-

181 986 253 1026 των
274 973 338 1038 τῶν,
356 963 595 1048 ἐγγεγραμμένων
611 971 674 1039 τοῖς
690 965 886 1046 ληξιαρχικοῖς
907 964 1124 1047 γραμματείοις,
1151 963 1214 1024 εἴτε

193 1062 311 1144 γνήσιοι
339 1065 457 1130 πολῖταί
484 1063 559 1126 εἰσιν
588 1063 643 1124 εἴτε
673 1062 731 1142 μή,
760 1062 830 1136 τοὺς
859 1059 891 1123 δέ
920 1061 961 1142 μή
989 1060 1147 1143 γεγονότας
1178 1060 1213 1135 ἐξ

194 1158 285 1222 ἀστοῦ
310 1160 361 1223 καί
387 1159 417 1236 ἐξ
447 1159 537 1240 ἀστῆς
563 1158 784 1246 ἐξαλείφεσθαι,
816 1149 1053 1238 διαψηφίζεσθαι
1079 1156 1112 1220 δέ
1140 1159 1213 1240 περί

194 1257 314 1320 πάντων
340 1258 410 1341 τοδς
437 1257 580 1338 δημότας,
607 1256 657 1319 καί
683 1256 752 1331 τοὺς
780 1253 833 1336 μὲν
859 1253 1131 1340 ἀποψηφισθέντος
1157 1254 1213 1317 καί

194 1352 386 1434 ἐμμείναντας
407 1365 444 1440 τῆ
466 1354 563 1440 ψήφῳ
590 1363 650 1414 τῶν
676 1354 814 1433 δημοτῶν
839 1347 1036 1433 ἐξαληλίφθαι
1057 1351 1108 1414 καί
1128 1346 1212 1414 εἶναι

196 1453 364 1532 μετοίκους,
393 1457 455 1525 τοῖς
483 1449 516 1512 δὲ
546 1449 738 1532 βουλομένοις
765 1449 867 1529 ἐφεσιν
896 1451 939 1524 είς
967 1450 1037 1524 τοὺς
1066 1449 1210 1524 δικαστὰς

196 1549 352 1629 δεδόσθαι,
378 1546 436 1610 κάν
459 1544 513 1627 μὲν
535 1546 626 1610 άλῶσι
647 1547 698 1610 καί
719 1547 798 1631 παρὰ
820 1553 861 1634 τῷ
884 1549 1071 1634 δικαστηρίφ,
1093 1559 1209 1629 πεπρᾶ-

79 1692 83 1704 .
170 1651 280 1726 νσθαι,
301 1644 360 1706 ἐδιν
377 1637 408 1707 δ’
432 1643 642 1726 ἀποφόγωσιν,
665 1639 742 1707 εἶναι
763 1646 891 1720 πολίτας.
930 1644 1005 1706 κατὰ
1026 1655 1132 1708 τοῦτον
1154 1646 1208 1708 τόν

194 1742 289 1822 νόμον
306 1751 359 1804 τοῦ
374 1735 569 1823 Ἁλιμουσίων
586 1743 683 1824 δήμου
699 1741 968 1824 διαψηφιζομένου,
985 1740 1208 1822 ἀποψηφίζεται

195 1838 345 1913 Εὐξίδεός
370 1862 429 1920 τις,
457 1839 582 1917 φάσκων
610 1833 639 1901 δ’
667 1839 772 1903 ἐαυιδν
798 1833 854 1902 ὑπ’
878 1840 1068 1921 Εὐβουλίδου
1095 1839 1206 1924 ἐχθροῦ

195 1934 281 2011 όντος
302 1937 561 2016 κατεστασιάσθαι,
588 1934 699 2018 ἐφῆκεν
720 1938 764 2011 είς
785 1936 818 1999 τδ
840 1937 1044 2019 δικαστήριον,
1058 1937 1121 2000 καί
1142 1937 1204 2002 ἐπι-

196 2035 347 2107 δείκνυσιν
368 2033 474 2096 ἑαυτὸν
496 2033 525 2108 ἐξ
549 2032 639 2096 ἀστοῦ
665 2034 717 2097 καλ
738 2034 767 2110 ἐξ
792 2034 890 2116 ἀστῆς.
935 2035 963 2097 εί
983 2033 1016 2097 δέ
1038 2033 1205 2098 ἐτίτθευσεν

195 2131 216 2212 ή
243 2132 338 2215 μήτηρ
368 2155 443 2212 μου,
472 2125 516 2194 δι’
545 2129 672 2213 ἀπορίαν
700 2126 779 2194 τοῦτ’
808 2130 958 2211 ἐποίησεν.
1002 2130 1019 2194 δ
1048 2131 1080 2194 δὲ
1107 2133 1204 2215 πατήρ

196 2229 300 2305 ἐξένιζε
325 2239 358 2316 τῆ
380 2229 502 2314 γλώττη,
525 2228 704 2310 αίγμάλωιος
730 2229 887 2317 γενόμενος
908 2229 960 2292 καλ
980 2232 1116 2312 κραθείς.
1161 2233 1210 2294 δεῖ

196 2327 228 2390 δὲ
251 2327 291 2408 μή
315 2326 349 2389 τά
372 2325 540 2408 ἀτυχήματα
560 2323 731 2408 προφέρειν,
753 2324 824 2387 ἀλλά
846 2325 882 2388 τδι
903 2325 975 2408 γένη
998 2330 1102 2407 ζητεῖν.

262 2561 380 2627 Πολλδι
396 2558 451 2627 καλ
469 2562 578 2646 ψευδῆ
593 2564 857 2648 κατηγορηκότος
873 2561 968 2646 ἡμῶν
981 2563 1204 2651 Εὐβουλίδου,
1214 2581 1272 2630 1299

195 2665 251 2733 καὶ
264 2670 473 2751 βλασφημίας
490 2668 566 2733 οίίτε
583 2668 813 2752 προσηκούσας
831 2668 908 2733 οὔτε
926 2669 1055 2746 δικαίας
1071 2691 1204 2756 πεποιη-

196 2771 311 2859 μένου,
332 2771 529 2858 πειράσομαι
551 2772 679 2858 τάληθῆ
698 2772 813 2850 καλτδ
836 2776 948 2840 δίκαιοι
969 2773 1076 2860 λέγων
1098 2773 1124 2843 ὦ
1147 2779 1204 2843 άν-

128 2915 129 2924 ι
197 2881 273 2966 δρες
296 2880 463 2962 δικασταί,
491 2877 596 2957 δεῖξαι
622 2878 678 2945 καὶ
699 2881 800 2964 μετόν
823 2889 881 2965 τῆς
902 2865 1028 2959 πόλεως
1049 2882 1129 2968 ήμῑν
1150 2883 1204 2950 καὶ

195 2980 377 3051 πεπονθότ’
401 2983 544 3068 ἐμαυτὸν
563 2984 639 3070 οὐχὶ
656 2982 862 3070 προσήκονθ’
884 2987 1097 3055 ὑπὸτούτου.
1134 2989 1203 3056 δεό-
1293 2969 1294 3060 ί

196 3114 255 3176 μαι
278 3085 308 3155 δ’
335 3087 491 3156 ἀπάντων
513 3090 608 3175 ὑμῶν
630 3087 656 3156 ὦ
680 3093 801 3178 ἄνδρες
821 3092 973 3159 δικασταὶ
994 3093 1049 3160 καί
1073 3097 1201 3163 ἱκετεύω

196 3193 252 3262 ml
281 3194 462 3280 ἀντιβολῶ,
491 3193 729 3280 λογισαμένους
757 3199 795 3262 τό
824 3220 860 3263 τε
889 3196 1030 3282 μέγεθος
1057 3211 1117 3267 τοῦ
1145 3223 1202 3268 πα-

198 3305 315 3387 ρόντος
337 3301 476 3386 ἀγῶνος,
498 3299 552 3366 καί
570 3303 630 3386 τήν
649 3303 810 3389 αἰσχύνην
829 3301 904 3389 μεθ’
926 3299 965 3389 ής
981 3305 1120 3392 ὑπάρχει
1137 3320 1202 3387 τοῖς

197 3407 425 3493 ἁλισκομένοις
455 3405 677 3491 ἀπολωλέναι,
714 3407 853 3474 ἀκοῦσαι
889 3408 944 3476 κοιλ
976 3410 1057 3494 ἐμοῦ
1089 3424 1200 3500 σιωπῇ,

200 3515 341 3597 μάλιστα
372 3509 449 3599 μὲν,
480 3515 512 3579 εί
543 3505 702 3596 δυνατὸν,
734 3515 820 3598 μετά·
844 3518 997 3592 πλείονος
1024 3517 1199 3605 εὐνοίαςή
1293 3581 1294 3606 ρ
