2658 3914
498 187 596 240 111202
614 186 813 252 ειειοοεοα.
1096 184 1156 248 151

144 339 259 434 ᾧούιι
277 344 448 414 ἀκόλουθα
465 356 555 414 ποιεί
574 347 615 413 τά
633 348 714 432 ἔργα
731 349 825 412 νυνί·
848 348 910 432 ἔφη
933 346 1009 431 γάρ,
1031 344 1094 411 κάν
1116 346 1160 429 μη

146 453 233 538 τύχη
253 445 300 517 ὧν
319 450 424 520 έδελτο
446 462 507 520 τοῦ
523 455 656 538 πατρός,
680 451 742 518 οὐκ
764 451 1029 538 ὀργισθήσεσθαι
1051 451 1161 535 ὥσπερ

146 557 193 622 ἀν
212 557 311 634 ἀλλος
329 580 379 634 τις
396 556 582 643 ἀποτυχών,
600 554 672 622 ἀλλ’
695 551 742 623 ὧν
761 557 849 646 αὑτοῦ
870 555 1024 642 δεηθέντι
1040 554 1161 641 ὑπηρέ-

145 685 239 746 τηκε,
257 663 397 748 τούτων,
415 665 457 730 ἀν
470 685 549 730 ποτε
563 664 714 748 δύνηται,
728 663 826 750 χάριν
840 661 1035 729 ἀποδώσειν.
1063 661 1161 727 ἀκού·

119 796 122 808 ·
147 785 212 845 σας
234 765 265 834 δ’
292 769 310 835 6
333 769 439 854 πατὴρ
468 769 487 836 6
510 768 588 853 ἐμὸς
613 778 734 852 ταῦτα,
764 769 854 853 ἥσθη
881 792 915 834 τε
943 779 1012 846 τοις
1039 771 1162 852 λόγοις,

147 871 206 940 καὶ
234 871 348 960 ἐπῄνει
374 884 495 942 τοῦτον
525 874 575 940 ότι
604 872 764 960 μέμνηται
790 869 829 940 εὖ
856 876 994 959 παθών,
1022 872 1078 940 καὶ
1101 875 1162 940 ὅσα

105 1001 134 1042 εε
149 979 256 1046 αὐτοῦ
285 979 391 1046 έδείτο
418 978 577 1067 ὑπέσχετο
605 982 766 1064 ποιήσειν.
802 977 858 1045 καλ
880 975 977 1057 οὗτος
999 976 1060 1066 μὲν
1082 981 1161 1065 μετά

149 1093 252 1154 ταῦτα
270 1087 331 1170 την
350 1085 528 1170 ἀναγωγὴν
546 1084 688 1152 ἐποιεῖτο
708 1086 753 1162 ἀς
770 1088 849 1164 τοὺς
867 1089 1069 1170 στρατηγοὺς
1084 1088 1162 1162 τοὺς

149 1189 329 1276 βασιλέως,
359 1191 377 1258 6
402 1187 440 1258 δδ
464 1192 658 1274 Φιλώνδας,
690 1185 716 1279 96
746 1188 927 1275 συνέστησε
954 1193 1013 1257 τὸν
1039 1189 1161 1274 πατέρα

149 1301 209 1366 τὸν
232 1296 325 1382 ἐμόν,
349 1296 484 1365 έπειδάν
507 1296 663 1382 ἀφίκηται
685 1297 777 1379 θίγον
799 1297 839 1362 τά
861 1294 954 1381 ξύλα,
975 1298 1013 1362 τὸ
1036 1301 1161 1362 ναῦλον

147 1415 354 1490 παρασχεῖν,
373 1405 421 1481 είς
442 1404 504 1488 την
526 1403 744 1471 Μακεδονίαν
766 1403 828 1486 νην
850 1406 988 1488 πορείαν
1010 1401 1160 1467 έποιείτο.

149 1507 205 1578 καὶ
228 1505 321 1576 οὗτοι
348 1509 384 1575 οί
407 1512 523 1596 χρόνοι
549 1503 635 1592 ἦσαν
661 1505 737 1595 περὶ
758 1512 975 1595 θαργηλιῶνα
997 1516 1086 1593 μῆνα
1108 1505 1156 1574 ἀπ’

108 1613 296 1682 εεἈστείου
314 1617 483 1702 ἀρχοντος.
518 1623 564 1704 τῷ
584 1611 614 1682 δ’
637 1612 765 1704 ὑστέρη)
789 1615 853 1683 έτει
875 1613 1079 1700 ἀφικομένου
1101 1624 1161 1680 τοῦ

153 1722 330 1788 Φιλώνδου
353 1722 390 1788 έκ
411 1721 703 1806 τῆς“Μακεδονίας
725 1722 865 1805 ἀγοντος
892 1722 932 1787 τά
954 1719 1052 1804 ξύλα,
1081 1719 1161 1786 ἀπο,

150 1828 336 1913 δημοῦντος
356 1827 477 1895 τούτου
499 1827 587 1913 παρὰ
609 1830 750 1912 βασιλεῦ,
771 1824 826 1892 καὶ
848 1829 1093 1913 προσελθόντος
1114 1834 1160 1914 τῷ

149 1932 248 2020 πατρὶ
274 1943 319 2021 τηδ
349 1933 415 2022 ἐμῷ
443 1930 499 1999 καὶ
525 1932 719 2009 κελεύοντος
744 1934 781 1998 τὸ
809 1938 936 2000 ναῦλον
962 1944 1029 1999 τῶν
1052 1932 1161 2012 ξύλων

149 2050 344 2126 παρασχεῖν,
362 2039 418 2105 ἵνα
437 2039 578 2126 διαλύσῃ
594 2040 655 2104 τὸν
673 2038 874 2124 ναύκληρον,
897 2039 1047 2125 καθάπερ
1066 2033 1162 2116 οὗτος

151 2145 274 2227 έδεηθη
307 2142 361 2210 ὅτε
398 2140 523 2221 ἐξέπλει
554 2153 615 2209 τοῦ
651 2145 775 2229 πατρὸς
806 2140 861 2210 καὶ
893 2143 1072 2227 συνέστησε
1103 2145 1162 2209 τὸν

154 2249 348 2332 Φιλώνδαν,
374 2249 595 2333 προσαγαγὼν
622 2250 704 2334 πρὸς
730 2249 791 2333 την
819 2249 981 2334 τράπεζαν
1002 2249 1022 2315 6
1044 2251 1162 2336 πατήρ,

152 2351 303 2420 ἐκέλευσε
322 2355 441 2419 δοῦναι
462 2354 521 2419 τὸν
541 2357 721 2438 Φορμίωνα
743 2355 781 2418 τὸ
804 2359 930 2419 ναῦλον
953 2365 1020 2419 τῶν
1043 2353 1161 2438 ξύλων,

111 2485 138 2528 οο
150 2462 258 2547 χιλίας
276 2458 471 2535 ἑπτακοσίας
488 2451 699 2542 πεντήκοντα.
735 2457 791 2524 καὶ
813 2459 979 2545 ἠρίθμησε
1001 2461 1038 2525 τὸ
1061 2461 1161 2547 ἀργύ-

151 2591 226 2654 ριον
249 2567 267 2634 6
292 2568 465 2651 Φορμίων·Ι
492 2563 548 2630 καὶ
575 2564 740 2651 ἐγράψατο
768 2561 829 2650 μὲν
856 2564 1034 2650 ὀφείλοντα
1063 2569 1161 2651 Τιμό-
1172 2581 1239 2632 119³

151 2679 247 2742 δεον·
271 2667 384 2758 (οὗτος
405 2671 469 2755 γάρ
490 2666 534 2756 ἦν
557 2671 575 2738 6
599 2669 732 2755 δεηθεὶς
753 2681 814 2737 τοῦ
835 2673 959 2758 πατρὸς
979 2685 1161 2760 παρασχεῖν

151 2781 187 2845 τὸ
210 2783 337 2845 ναῦλον
363 2784 430 2844 νῦν
453 2777 579 2862 ξύλων,
605 2775 661 2844 καὶ
688 2777 808 2843 τούτου
830 2772 900 2862 ἦν’)
924 2778 1102 2864 ὑπόμνημα
1126 2777 1155 2844 δ’

152 2883 361 2968 ἀπεγράψατο
380 2886 441 2969 τήν
459 2907 494 2950 τε
514 2888 629 2970 χρείαν
651 2885 698 2962 είς
720 2883 763 2968 ἣν
786 2883 917 2970 ἐλήφθη
939 2887 976 2951 τὸ
999 2884 1160 2972 ἀργύριον

152 2988 206 3059 καὶ
232 2992 270 3056 τὸ
298 2990 404 3074 ὄνομα
431 2999 492 3056 τοῦ
518 2993 687 3075 λαβόντος.
724 2987 779 3056 καλ
807 2985 904 3068 οὗτος
931 2991 949 3057 6
977 2994 1096 3077 χρόνος
1117 2985 1160 3075 ην

149 3092 383 3172 Ἀλκισθένους
415 3096 591 3181 ἀρχοντος,
623 3095 642 3162 6
669 3095 806 3181 ὕστερος
837 3095 988 3172 ἐνιαυτὸς
1013 3095 1034 3180 δ)
1065 3091 1161 3176 οὗτος

115 3223 140 3266 ιι
153 3199 291 3288 ἀνηγετο
320 3202 365 3278 ὡς
390 3199 535 3285 βασιλέα.
580 3201 646 3267 ὑπὸ
670 3197 707 3267 δδ
729 3203 788 3267 τὸν
816 3201 918 3268 αὐτὸν
940 3203 1064 3287 χρόνον
1085 3213 1160 3269 τοῦ·

150 3330 209 3373 τον
232 3305 288 3374 καὶ
315 3304 522 3398 Τιμοσθένης
544 3306 562 3372 6
586 3309 757 3391 Αίγιλιεὺς
784 3305 985 3391 ἀφικνεῖται,
1007 3304 1078 3372 κατ’
1107 3309 1160 3392 έμ

147 3416 272 3500 τορίαν
300 3413 390 3478 ίδίαν
417 3411 605 3498 ἀποδημῶν.
643 3412 825 3496 ἐπιτήδειος
853 3408 890 3478 δέ
918 3411 965 3476 διν
990 3415 1161 3496 Φορμίωνι

11 3597 14 3604 ¹
150 3517 205 3588 καὶ
228 3519 425 3600 κοινωνὸςδ
449 3516 666 3605 Τιμοσθένης,
690 3515 737 3584 ὅτ’
761 3515 898 3602 ἐξέπλει,
920 3517 1058 3582 δίδωσιν
1081 3515 1160 3580 ἀπο-
