2658 3914
223 197 266 261 92
407 209 410 218 ¹
525 199 620 250 xm.
639 196 947 268 [ΔΗωοΣοωαοτε]

222 359 270 436 είς
291 358 377 443 ἡμᾶς
400 356 483 443 ἀρχὴ
502 362 673 440 Πασικλῆς
695 349 725 444 ἡ.
762 358 841 424 ὅταν
863 359 927 443 γάρ
949 367 995 447 τῷ
1020 360 1130 448 δούλω
1154 374 1232 424 συν·
1324 385 1325 392 “

223 464 298 547 δικὴ
316 466 375 530 τὸν
394 462 541 548 ἀδελφὸν
560 462 696 548 ἀτιμῶν,
718 465 774 529 καὶ
795 464 1059 550 παραπεπτωκὼς
1080 465 1233 552 θαυμάζῃ

221 569 361 645 τούτους
381 565 439 653 ὑφ’
466 562 515 634 ὧν
534 568 622 657 αὐτῷ
646 570 877 653 θαυμάζεσθαι
899 580 1054 657 προσῆκε,
1076 566 1139 635 τίν’
1167 572 1233 655 ἐχει

223 674 354 739 δικαίαν
373 671 471 740 ταῦθ’
493 673 655 754 ὑποψίαν;
679 673 769 741 ἄνελ’
792 671 854 741 οὖν
874 675 909 741 ἐκ
932 675 1034 761 μέσου
1051 698 1109 760 μοι
1127 679 1234 741 Πασι-

222 777 312 863 κλέα,
334 776 390 844 καί
413 782 470 857 σὸς
493 775 554 865 μὲν
577 780 650 857 υίὸς
672 779 747 846 ἀντὶ
770 783 933 848 δεσπότου
955 785 1134 865 καλείσθω,
1157 779 1235 864 ἐμὸς

222 881 253 950 δ’
276 884 442 963 ἀντίδικος
464 884 634 973 (βούλεται
656 886 733 973 γάρ)
757 883 829 952 ἀντ’
856 886 1014 972 ἀδελφοῦ.

182 1007 209 1050 ω
286 987 367 1074 Ἐγὼ
391 986 429 1056 δὲ
450 992 556 1079 τούτῳ
579 987 641 1075 μὲν
667 995 796 1077 χαίρειν
819 989 920 1077 λέγω,
948 991 1006 1069 οὓς
1028 988 1060 1056 δ’
1085 991 1104 1058 δ
1127 994 1233 1075 πατήρ

221 1119 279 1179 μοι
307 1094 477 1183 παρέδωκε
505 1099 655 1182 βοηθοὺς
680 1095 736 1161 καὶ
758 1100 895 1182 φίλους,
924 1099 972 1174 είς
993 1100 1131 1175 τούτους
1152 1097 1236 1181 ἡκω,

220 1203 268 1278 είς
290 1201 375 1286 ὑμᾶς
392 1197 419 1267 ὦ
438 1203 557 1287 ἀνδρες
580 1203 739 1267 δικασταί.
776 1200 970 1286 καὶ-δέομαι
990 1201 1047 1268 καὶ
1059 1195 1233 1287 ἀντιβολῶ

220 1305 276 1373 καὶ
299 1308 450 1392 ίκετεόω,
478 1310 522 1394 μὴ
549 1305 728 1393 ὑπερίδητέ
752 1331 792 1393 με
821 1306 877 1373 καὶ
897 1309 955 1386 τὰς
976 1305 1162 1393 δοχατέρας
1184 1301 1228 1373 δι’

221 1415 353 1480 ἔνδειαν
375 1425 445 1491 τοῖς
467 1412 611 1498 ἐμαυτοῦ
632 1414 767 1490 δούλοις
788 1411 843 1479 καὶ
866 1424 935 1490 τοῖς
955 1415 1076 1480 τούτου
1097 1411 1234 1491 κόλαξιν

222 1517 397 1605 ἐπίχαρτον
424 1521 616 1603 γενόμενον.
656 1517 760 1602 οὑμὸς
788 1517 868 1603 ὑμῖν
895 1519 1002 1605 πατὴρ
1024 1522 1130 1604 χιλίας
1153 1521 1234 1584 ἐδω-

220 1646 279 1690 κεν
302 1623 460 1708 ἀσπίδας,
481 1621 538 1690 καὶ
559 1625 666 1690 πολλὰ
687 1627 851 1710 χρὴσιμον
874 1623 977 1690 αὑτὸν
998 1622 1156 1711 παρέσχε,
1178 1624 1234 1691 καὶ

220 1727 317 1796 πέντε
333 1731 502 1816 [τριήρεις]
518 1729 696 1813 ἐθελοντὴς
709 1729 844 1807 ἐπιδοὺς
856 1727 912 1795 καὶ
924 1726 1001 1814 παρ’
1018 1727 1139 1797 ἑαυτοῦ
1152 1736 1235 1816 πλη-

93 1843 98 1854 ”
221 1836 330 1921 ρώσας
348 1834 582 1922 ἐτριηράρχησε
601 1839 820 1922 τριηραρχίας.
851 1832 907 1900 καὶ
928 1831 1036 1918 ταῦτ’,
1058 1835 1119 1900 οὐκ
1142 1835 1232 1921 ὀφεί-

221 1946 292 2008 λειν
323 1940 409 2025 ὑμᾶς
435 1944 578 2025 νομίζων
607 1942 705 2027 χάριν
736 1941 832 2025 ἡμῖν,
858 1936 1112 2027 ὑπομιμνῄσκω·
1138 1941 1235 2026 ἡμεῖς

220 2048 283 2133 γάρ
303 2047 480 2133 ὀφείλομεν
498 2047 592 2131 ὑμῖν·
616 2044 689 2112 ἀλλ’
710 2047 766 2112 ἵνα
784 2047 829 2130 μὴ
848 2045 942 2110 λάθω
964 2068 997 2110 τι
1017 2047 1139 2111 παθὼν
1156 2048 1233 2113 τού-

220 2175 287 2220 των
310 2152 460 2230 άνάξιον·
483 2149 563 2219 οὐδὲ
585 2153 649 2238 γάρ
671 2153 753 2237 ὑμῖν
775 2151 817 2218 ἀν
839 2150 970 2235 γένοιτο
992 2155 1104 2219 καλόν.

181 2277 208 2319 οε
289 2260 405 2326 Πολλά
429 2256 460 2324 δ’
487 2261 571 2344 ἔχων
595 2261 699 2324 είπεῖν
718 2257 793 2344 περὶ
817 2251 865 2324 ὧν
886 2257 1059 2343 ὕβρισμαι,
1081 2258 1141 2345 οὐχ
1165 2261 1234 2326 ίκα-

220 2367 283 2432 νὸν
308 2368 375 2448 [δν]
399 2367 437 2432 τὸ
454 2365 547 2451 ὕδωρ
568 2365 634 2451 δρῶ
657 2389 723 2448 μοι.
759 2364 805 2440 ὡς
826 2359 889 2430 οὖν
911 2362 1041 2449 μάλιστ’
1067 2364 1109 2430 ἀν
1131 2365 1234 2430 ἀπαυ-

220 2495 278 2549 τας
295 2471 380 2556 ὑμᾶς
397 2470 542 2556 ἡγοῦμαι
559 2481 686 2554 γνῶναι
703 2471 766 2554 τὴν
784 2469 974 2556 ὑπερβολὴν
993 2463 1041 2534 ὧν
1058 2469 1231 2555 ἠδικήμεθ’

220 2577 329 2662 ἡμεῖς,
355 2577 487 2663 φράσω·
514 2578 547 2643 εί
568 2574 725 2655 σκέψαιτο
752 2578 836 2661 πρὸς
857 2575 960 2641 αὑτὸν
982 2574 1118 2652 ἕκαστος
1138 2576 1234 2660 ὑμῶν

219 2680 283 2748 τίν’
309 2689 395 2748 οίκοι
417 2680 589 2748 κατέλιπεν
613 2680 761 2765 οίκέτην,
788 2676 944 2747 εὗδ”ὑπὸ
971 2681 1091 2747 τούτου
1113 2701 1233 2746 πεπον-

220 2786 303 2855 θόθ’
328 2786 447 2854 ἑαυτὸν
473 2793 550 2872 θείη
580 2785 680 2854 ταῦθ’
705 2788 788 2874 άπερ
810 2786 904 2872 ἡμεῖς
925 2787 991 2854 ὑπὸ
1013 2789 1142 2854 τούτου.
1187 2789 1232 2871 μὴ

220 2897 284 2979 γάρ
313 2897 345 2960 εί
366 2895 478 2980 Σιόρος
500 2894 521 2980 ἡ
543 2894 665 2978 Μάνης
686 2892 707 2978 ἡ
729 2894 779 2970 τίς
801 2891 935 2970 ἕκαστος
958 2892 1110 2976 ἐκείνων,
1137 2887 1234 2970 οὗτος

221 2997 259 3067 δὲ
281 3005 452 3087 Φορμίων·
476 2999 560 3065 ἀλλά
578 3001 616 3066 τὸ
633 3008 768 3085 πρᾶγμα
790 2999 904 3065 ταύτό·
928 3000 1046 3065 δοῦλοι
1067 2994 1129 3082 μὲν
1152 2997 1233 3063 ἐκεῖ·

220 3131 286 3190 νοι,
309 3108 431 3184 δοῦλος
453 3103 484 3171 δ’
511 3103 608 3182 οὗτος
628 3100 685 3190 ἡν,
708 3106 864 3170 δεσπόται
887 3101 921 3170 δ’
946 3103 1050 3189 ὑμεῖς,
1074 3105 1234 3187 δεσπότης

181 3229 207 3270 ⁸⁷
222 3211 253 3277 δ’
279 3207 322 3296 ἡν
346 3212 419 3296 ἐγώ.
459 3211 502 3294 ἡν
528 3214 645 3277 τοίνυν
673 3211 768 3294 ὑμῶν
795 3209 838 3276 ἀν
861 3208 996 3287 ἕκαστος
1018 3211 1115 3294 δίκην
1137 3209 1233 3288 ἀξιώ-

222 3334 289 3382 σειε
319 3322 453 3402 λαβεῖν,
484 3317 606 3400 ταύτην
636 3319 781 3401 νομίζετε
815 3313 915 3399 κάμοὶ
947 3316 1127 3401 προσὴκειν
1155 3325 1232 3381 νῦν·

221 3419 276 3486 καὶ
304 3424 363 3488 τὸν
393 3419 608 3508 ἀφῃρημένον
637 3430 683 3510 τῷ
714 3428 919 3508 μαρτυρὴσαι
948 3421 988 3486 τά
1017 3424 1146 3507 ψευδὴ,
1178 3420 1233 3488 καὶ
1247 3435 1312 3485 1128

220 3522 303 3611 ὑπὲρ
326 3537 392 3592 τῶν
415 3528 529 3610 νόμων
550 3523 606 3591 καὶ
629 3523 713 3612 ὑπὲρ
736 3537 802 3592 τῶν
826 3525 952 3612 ὅρκων,
982 3527 1041 3606 οὓς
1063 3529 1234 3614 όμωμοκό·
