2658 3914
446 203 543 258 RATA
561 203 866 260 ΟΔΤΜΙΠΟΔΩΡΟΤ.
1094 201 1159 269 133

148 361 232 427 κατὰ
254 365 333 440 τοὺς
361 361 483 450 ὅρκους
510 364 568 442 οὓς
595 363 770 450 ὠμόσαμεν
795 363 888 450 ήμεϊς
916 362 972 433 καί
998 364 1080 431 κατὰ
1107 363 1164 437 τάς

150 469 323 552 συνθήκας
343 469 401 546 τὰς
422 468 574 554 κειμένας
594 471 683 557 παρά
704 480 751 559 τῷ
771 467 1018 558 Ἀνδροκλείδῃ,
1040 473 1078 538 τὸ
1102 466 1163 555 μὲν

149 573 252 659 ήμισν
276 573 340 658 ἐγώ
364 577 497 660 ἔλαβον,
518 578 556 643 τὸ
580 573 610 642 δ’
632 576 734 661 ήμισυ
754 575 867 643 οὑτοσὶ
888 574 1163 664 Ὀλυμπιόδωρος.

109 699 137 740 ιε
151 681 231 765 μετὰ
262 676 299 746 δέ
328 677 419 748 ταῦτ’
451 681 492 748 οὐ
525 687 638 771 πολλῷ
669 687 779 773 χρόνῳ
808 683 949 766 ὕστερον
980 682 1016 748 ἐκ
1044 683 1164 766 ταύτης
1199 765 1203 774 1

150 795 208 870 της
229 785 375 892 ὑποψίας
396 795 455 872 τῆς
475 790 558 875 πρὸς
580 791 640 856 τὸν
668 786 798 873 οἰκέτην
820 786 897 875 περὶ
919 798 980 856 τοῦ
1002 785 1163 874 ἀργυρίου

152 886 209 972 [οὗ
236 890 438 976 ἀπέδωκεν],
465 895 562 978 ἔδησε
589 895 649 960 τὸν
676 896 858 981 ἀνδρωπον
885 891 940 960 καί
967 892 1163 979 ἐβασάνισεν

150 991 249 1074 οὗτος
271 992 324 1082 ἐφ’
351 995 484 1084 ἑαυτοῦ,
505 997 591 1086 ήμᾶς
613 995 650 1065 δὲ
669 999 710 1066 οὐ
728 1000 962 1085 παρεκάλεσεν,
984 997 1164 1085 ὀμωμοκὼς

150 1111 246 1190 κοινή
276 1105 426 1189 ζητήσειν
453 1103 508 1170 καί
534 1103 672 1192 πράξειν
699 1101 768 1190 μετ’
802 1105 885 1190 ἐμοῦ
911 1104 1027 1169 πάντα.
1066 1100 1163 1169 καὶὸ

151 1209 330 1296 ἅνθρωπος
352 1203 378 1275 ὦ
401 1209 521 1296 ἀνδρες
548 1207 700 1275 δικασταί
728 1212 999 1294 κατατεινόμενος
1020 1207 1085 1273 ὑπὸ
1106 1216 1165 1290 τής

150 1315 317 1400 βασάνου,
347 1317 629 1402 προσωμολόγησε
660 1312 716 1382 κοιλ
742 1315 800 1393 τὰς
827 1313 1055 1401 ἑβδομήκοντα
1080 1321 1165 1398 μνᾶς

150 1417 323 1506 εἰληφέναι
344 1420 550 1507 ὑφελόμενος
573 1423 747 1506 Κόμωνος,
768 1419 825 1488 καί
847 1420 1055 1486 ἀποδίδωσιν
1076 1419 1164 1484 ἀπαν

111 1546 137 1588 ιε
150 1527 188 1592 τὸ
216 1517 378 1614 ἀργύριον
405 1537 503 1594 τοῦτο
530 1523 789 1617 Ὀλυμπιοδώρῳ
816 1525 946 1616 τουτῳί.
988 1523 1052 1607 ἐγὼ
1079 1521 1110 1588 δ’
1137 1519 1163 1591 ὦ

151 1631 271 1716 ἀνδρες
294 1632 463 1717 δικασταί,
491 1630 604 1716 ἐπειδή
633 1631 808 1718 ἐπυθόμην
834 1630 910 1718 περὶ
936 1639 993 1717 της
1014 1630 1164 1715 βασάνου

152 1734 354 1822 τάνθρώπου
376 1734 432 1802 καί
456 1736 508 1803 ὅτι
530 1735 749 1816 ἀποδεδωκὼς
767 1745 817 1823 εἰη
835 1739 873 1804 τὸ
896 1735 1069 1824 ἀργύριον,
1090 1734 1164 1802 ἐνό·

152 1845 245 1927 μιζόν
267 1865 324 1928 μοι
347 1841 534 1910 ἀποδώσειν
559 1854 680 1912 τοῦτον
707 1847 746 1910 τὸ
772 1844 874 1929 ήμισυ
902 1853 962 1910 τοῦ
989 1842 1163 1929 ἀργυρίου,

152 1948 262 2034 ώσπερ
297 1946 354 2015 καί
384 1951 422 2016 τὸ
452 1952 615 2036 πρότερον
650 1949 715 2016 ἀπὸ
752 1961 820 2015 τῶν
855 1952 972 2035 χιλίων
1008 1950 1164 2035 δραχμῶν

151 2052 330 2121 ἀπέδωκεν.
364 2052 421 2120 καί
444 2055 548 2132 εὐθὺς
576 2051 636 2140 μὲν
664 2055 705 2122 οὐ
728 2055 816 2120 πάνυ
839 2077 871 2119 τι
892 2054 1066 2139 ήνώχλουν
1088 2056 1164 2120 τού-

151 2183 210 2249 τῳ,
231 2159 417 2244 ἡγούμενος
438 2159 540 2226 αὐτὸν
562 2170 660 2226 τοῦτο
688 2159 878 2244 γνώσεσθαι
904 2157 959 2224 καί
981 2161 1164 2244 διοικήσειν

152 2262 208 2331 καί
230 2262 304 2349 ἐμοί
326 2263 381 2330 καὶ
404 2263 526 2353 ἐαυτῷ,
554 2265 643 2343 ὅπως
672 2264 824 2352 ἑκάτερος
850 2264 944 2348 ήμῶν
967 2263 1031 2342 ἕξει
1052 2267 1092 2330 τὰ
1115 2267 1164 2331 δί-

152 2394 230 2437 καια
259 2370 342 2438 κατὰ
370 2372 448 2447 τοὺς
477 2371 597 2458 ὅρκους
631 2368 687 2436 καί
716 2371 773 2448 τὰς
802 2372 971 2454 συνθήκας
999 2371 1057 2448 τὰς
1083 2372 1166 2457 πρὸς

151 2478 239 2562 ήμᾶς
261 2475 394 2562 αὐτούς,
415 2474 491 2563 περὶ
513 2487 575 2543 τοῦ
598 2479 783 2563 ἰσομοιρεῖν
802 2475 958 2542 ἁπάντων
976 2470 1024 2542 ὧν
1041 2479 1165 2562 Κόμων

111 2605 140 2648 εο
153 2579 196 2669 ήν
210 2582 466 2659 καταλελοιπώς·
487 2582 600 2667 ἐπειδή
620 2581 651 2649 δ’
665 2579 847 2670 ἐνδιέτριβε
864 2579 920 2650 καί
937 2578 1037 2649 οὐδὲν
1051 2582 1165 2668 ἐποίει,

153 2691 350 2775 διελεγόμην
372 2686 492 2778 τοντῳί
511 2685 784 2779 Ὀλυμπιοδώρῳ,
805 2685 861 2754 καί
882 2685 998 2772 ήξίουν
1020 2687 1164 2776 ἀπολαμ-

152 2796 269 2881 βάνειν
299 2797 337 2861 τὸ
370 2794 514 2880 ἐμαυτοῦ
546 2792 644 2881 μέρος
676 2805 736 2861 τοῦ
768 2793 939 2880 ἀργυρίου.
985 2794 1098 2862 οὑτοσὶ
1130 2794 1160 2861 δ’
1175 2813 1243 2865 ιικε

149 2899 416 2987 Ὀλυμπιόδωρος
434 2900 489 2966 ἀεί
502 2924 535 2966 τι
552 2900 794 2987 προύφασίζετο
817 2899 873 2966 καί
891 2899 1055 2987 ἀναβολὰς
1076 2901 1165 2970 ἐποι-

154 3017 231 3074 είτο.
266 3003 322 3072 καί
346 3006 382 3072 ἐν
404 3007 512 3097 τούτῳ
534 3015 580 3095 τῳ
599 3015 704 3094 καιρῷ
728 3005 836 3093 ἕτεροί
855 3030 943 3084 τινες
965 3009 1083 3094 ἔλαχον
1104 3019 1165 3076 τοῦ

153 3114 278 3198 κλήρου
307 3119 369 3178 τοῦ
398 3113 578 3196 Κόμωνος,
607 3109 663 3178 καί
693 3111 711 3178 ὁ
741 3112 934 3190 Κάλλιππος
962 3111 1165 3200 ἐπεδήμησεν

155 3216 191 3282 ἐκ
212 3225 270 3301 τής
292 3214 493 3302 ἀποδημίας,
520 3217 539 3284 ὁ
563 3216 640 3302 ἐμὸς
666 3217 809 3303 ἀδελφὸς
830 3218 848 3285 ὁ
873 3219 1083 3304 ὁμοπάτριος·
1110 3219 1165 3285 καί

53 3371 61 3382 ,
113 3341 140 3384 ει
155 3318 252 3402 οὗτος
271 3325 386 3407 ἔλαχεν
405 3322 509 3401 εὐθὺς
525 3331 586 3389 τοῦ
603 3323 810 3409 ἡμικληρίου.
842 3322 897 3389 καί
915 3323 1034 3413 τουτῳὶ
1049 3323 1165 3409 Ὀλυμ

154 3429 309 3517 πιοδώρῳ
331 3431 497 3515 πρόφασις
518 3426 575 3495 καί
597 3429 680 3514 αὕτη
704 3429 833 3514 ἐγένετο
855 3431 937 3515 πρὸς
959 3431 996 3494 τὸ
1019 3433 1063 3514 μή
1085 3430 1165 3494 ἀπο-

155 3536 288 3601 διδόναι
311 3556 368 3617 μοι
389 3536 427 3602 τὸ
450 3533 627 3621 ἀργύριον,
655 3533 767 3620 ἐπειδή
795 3532 912 3600 πολλοὶ
938 3529 1024 3618 ήσαν
1051 3533 1086 3597 οἰ
1106 3531 1164 3613 ἀμ-
