2654 3926
466 152 562 202 RATA
580 152 778 206 Στεοιαον
795 153 827 206 A.
1110 148 1151 212 81

141 311 184 376 τά
214 305 245 376 θ’
278 306 350 376 ἀλλ’
384 309 514 376 ἐκεῖνον
541 315 796 397 προκαλεῖσθαι,
825 312 857 376 εί
883 307 912 376 δ’
944 306 1035 376 ἐστίν
1060 307 1081 394 ή
1108 309 1152 392 μή

94 435 127 474 44
142 426 261 500 ταῦτα,
289 412 390 484 οὐδὲν
416 417 598 501 προσήκειν
624 416 711 505 αύτῷ
740 426 885 483 σκοπεῖν.
925 417 1007 500 πρὸς
1030 415 1071 500 δή
1095 413 1153 479 τὸν

141 525 246 606 λόγον
273 531 392 589 τοῦτον
419 519 473 587 καὶ
500 523 561 607 τήν
594 520 766 588 ἀναίδειαν
797 521 929 606 βέλτιόν
957 521 1028 592 ε’στιΙ
1054 519 1154 606 μικρά

141 638 314 713 προειπεῖν
335 627 428 712 ὑμῖν,
447 629 502 694 ἵνα
520 623 701 712 μήλάθηύ
724 625 988 712 ἐξαπατηθέντες.
1022 636 1232 712 πρῶτονιιισ

141 728 223 816 μέν,
256 733 335 798 ὅταν
365 733 495 820 ἐγχειρῇ
526 733 634 816 λέγειν
663 731 775 817 τοῦθ’,
805 734 849 810 ὡς
878 730 930 819 ἀρ’
957 733 998 799 οὐ
1020 731 1154 797 πάντων

141 837 336 914 ὑπεύθυνός
363 837 470 922 ἐστιν,
498 836 694 923 ἐνθυμεῖσθ’
721 839 772 904 ὅτι
800 839 855 903 διά
882 836 979 908 ταῦθ’
1007 838 1025 906 ὁ
1053 840 1154 921 νόμος

142 955 322 1030 μαρτυρεῖν
353 944 390 1010 έν
419 948 627 1035 γραμματείῳ
658 946 802 1029 κελεύει,
832 946 888 1010 ἵνα
916 942 989 1030 μήτ’
1018 943 1154 1029 ἀφελεῖν

143 1047 198 1133 έξή
229 1053 308 1132 μήτε
337 1056 536 1136 προσθεῖναι
565 1062 635 1126 τοῖς
663 1048 901 1137 γεγραμμένοις
929 1047 1043 1135 μηδέν.
1084 1045 1149 1116 τότ’

143 1149 206 1220 οὖν
229 1155 332 1221 αὐτὸν
354 1157 423 1221 ἔδει
444 1153 535 1222 ταῦτ’
562 1155 757 1241 ἀπαλείφειν
784 1157 946 1239 κελεύειν,
974 1155 995 1220 ἀ
1023 1163 1087 1220 νῦν
1115 1153 1155 1220 ού

142 1263 242 1346 φήσει
265 1259 563 1349 μεμαρτυρηκέναι,
590 1261 631 1327 ού
658 1271 723 1327 νῦν
747 1261 892 1328 ἐνόντων
914 1261 1155 1348 ἀναισχυντεῖν.

100 1381 129 1422 ιδ
144 1367 254 1432 ἔπειτα
276 1365 331 1432 καὶ
354 1368 429 1434 τόδε
453 1378 614 1450 σκοπεῖτε,
636 1369 668 1432 εί
684 1363 806 1434 ἐάσαιτ’
829 1367 871 1436 ἀν
890 1366 1044 1432 ε’ναντίον
1061 1365 1155 1449 ὑμῶν

142 1468 201 1555 έμὲ
218 1473 430 1558 προσγράψαι
447 1497 478 1539 τι
496 1476 641 1558 λαβόντα
658 1475 695 1540 τὸ
714 1483 945 1560 γραμματεῖον.
978 1473 1018 1539 οὐ
1038 1473 1154 1556 δήπου.

144 1578 268 1645 ούκουν
297 1575 378 1645 οὐδὲ
404 1588 523 1646 τοῦτον
551 1578 708 1666 ἀφαιρεῖν
737 1591 805 1646 τῶν
834 1576 1068 1667 γεγραμμένων
1097 1577 1156 1644 έᾶν

143 1685 310 1768 προσήκει.
346 1687 396 1761 τίς
418 1685 480 1770 γάρ
504 1683 667 1751 ἁλώσεταί
690 1707 769 1751 ποτε
790 1686 1104 1771 ψευδομαρτυριῶν,
1125 1685 1158 1750 εί

144 1793 345 1877 μαρτυρήσει
375 1787 410 1856 θ’
443 1790 464 1857 ἀ
495 1792 665 1876 βούλεται,
701 1790 756 1858 καί
788 1795 891 1876 λόγον
923 1785 970 1856 ὧν
1001 1791 1156 1876 βούλεται

107 1960 110 1968 ,
144 1897 259 1973 δάσεα
283 1893 356 1962 ἀλλ’
379 1897 439 1982 οὐχ
458 1897 545 1963 οὕτω
563 1894 653 1964 ταῦτ’
676 1895 753 1963 οὔθ’
776 1897 795 1964 ὁ
813 1900 916 1981 νόμος
934 1898 1056 1963 διεῖλεν
1075 1889 1152 1962 οὔθ’

143 1999 224 2085 ὑμῖν
243 2001 377 2067 ἀκούειν
394 2005 566 2086 προσήκει·
585 2000 657 2068 ἀλλ’
676 1999 773 2069 ἐκεῖν’
797 2001 924 2068 ἀπλοῦν
942 2000 997 2068 καὶ
1015 2002 1155 2068 δίκαιον.

144 2108 181 2171 τί
192 2104 385 2189 γέγραπται;
398 2111 433 2172 τί
443 2109 705 2193 μεμαρτύρηκας;
722 2104 819 2174 ταῦθ’
834 2108 878 2184 ὡς
892 2107 1002 2190 ἀληθή
1016 2109 1155 2174 δείκνυε.

144 2206 201 2275 καὶ
219 2211 282 2296 γάρ
301 2209 537 2296 ἀντιγέγραψαι
554 2209 646 2277 ταῦτ’
670 2211 796 2296 ’ἀληθή
814 2214 1056 2299 μεμαρτύρηκα,
1075 2237 1155 2296 μαρ-

145 2317 290 2401 τυρήσας
316 2315 377 2381 τάν
405 2325 449 2405 τῳ
478 2320 686 2406 γραμματείῳ
714 2315 946 2404 γεγραμμένα,’
974 2318 1015 2384 οὐ
1041 2320 1078 2384 τὸ
1101 2316 1156 2384 καὶ

104 2421 184 2487 &cb
210 2431 278 2486 τῶν
306 2419 344 2486 έν
370 2429 416 2510 τῳ
444 2426 661 2512 γραμματείῳ.
703 2422 753 2487 ὅτι
783 2420 813 2488 δ’
846 2422 933 2489 οὕτω
961 2420 1051 2490 ταῦτ’
1078 2425 1154 2509 ἔχει,

145 2523 225 2611 λαβὲ
247 2528 308 2612 τήν
331 2525 538 2613 ἀντιγραφήν
561 2527 665 2611 αύτήν
687 2551 752 2612 μοι.
788 2526 872 2612 λέγε.

543 2686 759 2740 ΑΝΤῙΓΡΑΦΗ.

208 2777 428 2860 Ἀπολλόδωρος
447 2779 605 2852 Πασίωνος
625 2774 782 2858 Ἀχαρνεύς
800 2779 947 2864 Στεφάνῳ
966 2777 1155 2854 Μενεκλέους

141 2868 278 2956 Ἀχαρνεῖ
295 2878 571 2957 ψευδομαρτυριῶν,
594 2874 704 2954 τίμημα
726 2876 875 2939 τάλαντον.
1193 2889 1194 2892 ’

191 2972 235 3034 Τὰ
252 2976 353 3054 ψευδή
369 2997 428 3054 μου
441 2973 622 3054 -κατεμαρτύ-
665 3004 668 3012 ’
725 2973 849 3055 Τάληθή
873 2974 1057 3055 ἐμαρτύρησα
1082 2973 1154 3054 μαρ-

146 3087 215 3148 ρησε
246 3068 401 3151 Στέφανος
437 3066 624 3153 μαρτυρήσας
649 3089 650 3092 ’
677 3071 805 3151 τορήσας
818 3070 853 3132 τά
867 3070 908 3134 έν
919 3076 958 3159 τῷ
972 3073 1154 3156 γραμματείῳ

145 3164 181 3226 τὰ
194 3163 227 3227 έν
240 3171 279 3252 τῷ
297 3169 481 3253 γραμματείῳ
499 3189 624 3250 γεγραμ-
676 3165 870 3250 γεγραμμένα.

145 3260 228 3340 μένα.
458 3277 483 3308 ·'
522 3321 527 3332 ,,
589 3269 709 3282 ’

217 3362 321 3430 Ταῦθ’
356 3362 452 3442 οὗτος
480 3365 578 3443 αὐτὸς
611 3363 851 3453 ἀντεγράψαθ,
887 3366 908 3432 ἀ
937 3357 1000 3452 χρὴ
1013 3437 1017 3450 ,
1030 3386 1233 3450 μνημο-ιιισ

146 3472 257 3560 νεύειν
275 3469 371 3556 ὑμᾶς,
391 3470 446 3536 καὶ
465 3472 509 3555 μή
528 3473 606 3548 τοὺς
624 3469 673 3538 ἐπ’
697 3470 837 3559 έξαπάτη
855 3482 919 3537 νῦν
938 3474 1057 3553 λόγους
1075 3469 1153 3549 [ὑπὸ

204 3585 328 3626 Βιιιοετει.
355 3584 406 3624 Vol.
420 3583 463 3624 111.
977 3579 993 3626 6
