2650 3918
192 171 260 239 354
498 174 568 227 m.
598 171 921 243 [mmmm

194 336 255 399 λον
284 343 352 399 τῶν
381 333 505 398 ἄλλων·
542 331 609 420 δσφ
639 333 702 418 γὰρ
732 330 1002 420 φρονιμωτέρους
1032 334 1098 418 ἔχει
1126 335 1207 406 τοὺς

194 437 388 524 ἐφεστῶτας,
409 439 557 528 τοσούτφ
580 437 718 505 κάλλιον
736 437 841 522 αύτήν
863 444 1060 522 συγκεῖσθαι
1080 440 1207 525 προσή-

155 561 179 601 41
193 567 253 610 κει.
284 547 391 610 καίτοι
407 546 443 608 τί
457 539 529 608 ποτ’
552 541 595 609 ἂν
612 543 869 628 βουληθείημεν,
892 550 950 626 της
971 539 1032 627 μὲν
1055 543 1207 620 διανοίας

194 646 248 714 ἐπὶ
264 659 325 716 τοῦ
343 646 451 733 λέγειν
468 645 525 714 καί
542 650 764 734 βουλεύεσθαι
781 647 988 734 τεταγμένης,
1010 656 1067 732 τής
1089 643 1126 715 δέ
1146 672 1205 733 φι-

193 759 353 839 λοσοφίας
370 751 525 840 ἑκατέρου
543 755 670 820 τούτων
688 753 859 841 ἐμπειρίαν
876 755 1135 841 παραδιδούσης,
1157 755 1204 838 μή

193 861 315 945 ταύτην
336 871 511 947 κατασχεῖν
532 861 595 945 τήν
615 863 852 947 πραγματείαν,
874 858 919 928 δι’
945 854 985 945 ἧς
1006 857 1204 946 ἀμφοτέρων

193 967 321 1032 τούτων
343 964 506 1055 ἐγκρατῶς
523 965 654 1052 ἔξομενς
678 969 751 1033 τότε
773 968 837 1054 γὰρ
860 969 948 1044 είκὸς
968 963 1025 1032 καὶ
1046 967 1105 1034 τὸν
1126 968 1204 1050 βίον

193 1071 287 1156 ἡμῶν
309 1077 466 1158 μεγίστην
493 1072 645 1140 ἐπίδοσιν
667 1076 799 1158 λαβεῖν,
825 1072 907 1139 ὅταν
928 1082 996 1139 τῶν
1018 1075 1203 1158 κρατίστων

194 1177 402 1264 ὀρεγόμενοι,
428 1180 469 1245 τὰ
492 1175 554 1264 μὲν
576 1180 715 1245 διδακτὰ
736 1176 851 1265 τέχνη,
885 1179 927 1246 τὰ
952 1175 990 1244 δὲ
1017 1179 1116 1244 λοιπὰ
1140 1200 1201 1260 γυ-

151 1303 178 1342 ⁴2
191 1289 316 1372 μνασίρι
336 1281 392 1350 καὶ
415 1287 579 1372 συνηθείᾳ
604 1296 778 1372 κατασχεῖν
811 1285 1022 1368 δυνηθῶμεν.
1067 1281 1108 1347 ού
1137 1280 1200 1365 γὰρ

194 1390 301 1473 δήπου
323 1394 422 1456 τοῦτό
445 1385 476 1473 γ’
504 1391 595 1455 ἐστιν
616 1391 736 1474 είπεῖν,
766 1388 811 1466 ὡς
833 1383 934 1455 οὐδὲν
956 1388 1039 1473 πρὸς
1059 1387 1097 1452 τὸ
1119 1408 1202 1471 φρο-

192 1505 266 1562 νεῖν
296 1489 335 1560 εδ
369 1496 458 1581 παρὰ
493 1495 555 1579 τήν
586 1493 767 1579 ἐπιστήμην
799 1490 1001 1580 διαφέρομεν
1031 1490 1202 1575 ἀλλήλων·

193 1601 278 1676 ὅλως
298 1596 359 1684 μὲν
381 1601 445 1685 γὰρ
467 1601 577 1667 ἅπασα
594 1601 695 1684 φύσις
716 1602 857 1684 βελτίων
878 1602 1025 1682 γίγνεται
1047 1598 1202 1664 παιδείαν

192 1708 427 1790 προσλαβοῦσα
444 1705 506 1789 τήν
522 1707 769 1790 προσήκουσαν,
790 1707 877 1772 πολὺ
895 1699 933 1770 δδ
955 1699 1091 1789 μάλισθ’
1109 1701 1203 1780 ὅσαις

193 1807 226 1887 ἐξ
248 1807 349 1895 ἀρχῆς
377 1807 598 1895 εὐφυέστερον
626 1821 693 1875 τῶν
722 1811 833 1876 ἄλλων
859 1812 947 1895 ἔχειν
967 1807 1104 1895 ὑπῆρξε·
1132 1819 1202 1886 τοῖς
1212 1827 1280 1878 1414

191 1911 254 1999 μδν
275 1917 339 2001 γὰρ
362 1915 472 1982 αὐτῶν
494 1918 600 2000 μόνον
617 1918 762 1999 βελτίοσι
784 1920 972 1999 γίγνεσθαι,
993 1925 1063 1992 τοῖς
1085 1911 1122 1980 δὲ
1144 1914 1200 1982 καί

153 2039 179 2079 ⁴⁸
193 2033 259 2088 τῶν
281 2024 392 2089 ἄλλων
414 2025 590 2107 συμβαίνει
612 2023 803 2106 διενεγκεῖν.
839 2016 878 2090 εὖ
901 2018 932 2088 δ
960 2027 1034 2088 ίσθι
1054 2021 1115 2104 τήν
1137 2016 1200 2104 μὲν

192 2128 229 2194 ἐκ
246 2139 313 2194 τῶν
326 2126 478 2215 πράξεων
497 2127 668 2215 ἐμπειρίαν
685 2125 886 2212 γιγνομένην
905 2126 1075 2212 σφαλερὰν
1093 2121 1200 2194 οὖσαν

191 2231 247 2300 καλ
268 2235 351 2320 πρὸς
371 2235 432 2299 τὸν
453 2234 570 2299 λοιπὸν
596 2235 673 2317 βίον
700 2231 869 2318 ἀχρήστως
891 2233 1053 2318 ἔχουσαν,
1081 2233 1142 2317 τήν
1165 2231 1195 2299 δ’

192 2337 229 2404 ἐκ
250 2349 310 2406 τοῦ
332 2344 531 2424 φιλοσοφεῖν
552 2339 706 2404 παιδείαν
723 2339 806 2422 πρὸς
828 2337 956 2405 ἅπαντα
973 2335 1063 2406 ταῦτ’
1091 2338 1200 2406 εύκαί-

191 2469 258 2531 ρως
275 2441 551 2531 συγκεκραμένην.
585 2445 692 2509 ιιαίτοι
709 2438 797 2519 τινές
812 2443 876 2526 ήδη
899 2439 954 2508 καὶ
977 2439 1021 2510 δι’
1043 2443 1200 2531 εὐτυχίαν

191 2551 391 2634 πραγμάτων
408 2546 655 2634 γυμνασθέντες
672 2547 951 2632 ἐθαυμάσθησαν·
970 2547 1024 2616 σοὶ
1043 2547 1081 2616 δὲ
1098 2568 1199 2638 προσ*

190 2657 263 2738 ήκει
288 2656 416 2722 τούτων
441 2652 503 2739 μὲν
528 2665 766 2740 καταφρονεῖν,
797 2663 922 2721 σαυτοῦ
942 2652 981 2722 ’δ’
1011 2654 1200 2742 ἐπιμέλειαν

191 2763 290 2845 ἔχειν·
313 2760 440 2846 οὐγὰρ
463 2760 742 2847 αὐτοσχεδιάζειν,
765 2757 836 2828 ἀλλ’
864 2759 1065 2828 ἐπίστασθαί
1084 2781 1121 2828 σε
1144 2764 1200 2830 δεῖ

189 2863 266 2952 περὶ
294 2874 362 2931 τῶν
392 2868 573 2949 μεγίστων,
604 2861 676 2932 οὐδ’
711 2863 764 2931 ἐπὶ
794 2875 863 2930 τῶν
891 2876 1017 2952 καιρῶν
1045 2872 1197 2952 μελετᾶν,

151 2991 177 3029 ⁴⁴
189 2967 263 3038 ἀλλ’
289 2970 508 3054 ἀγωνίζεσθαι
528 2975 635 3047 καλῶς
657 2968 862 3066 ἐπίστασθαι.
898 2973 1009 3056 νόμιζε
1027 2969 1066 3040 δὲ
1087 2982 1198 3040 πᾶσαν

189 3074 250 3163 μὲν
271 3079 333 3161 τήν
355 3079 557 3162 φιλοσοφίαν
578 3077 704 3162 μεγάλα
730 3079 808 3153 τοὺς
829 3074 1021 3162 χρωμένους
1042 3079 1199 3164 ὠφελεῖν,

188 3186 273 3250 πολὺ
295 3179 333 3249 δέ
355 3183 495 3268 μάλιστα
516 3185 578 3268 τήν
594 3180 671 3270 περί
692 3183 750 3260 τὰς
771 3181 905 3268 προέξεις
925 3182 1082 3262 καὶτοὺς
1103 3189 1197 3251 πολι-
1311 3203 1312 3276 3

186 3293 298 3366 τικούς
314 3293 434 3374 λόγους
451 3288 641 3375 ἐπιστήμην.
677 3298 735 3371 τῆς
755 3289 819 3374 γὰρ
841 3293 1041 3376 γεωμετρίας
1061 3287 1118 3360 καὶ
1139 3298 1198 3374 τής

187 3396 288 3480 ίίλλης
300 3404 358 3479 τῆς
369 3395 522 3481 τοιαύτης
538 3395 687 3472 παιδείας
701 3392 844 3479 ἀπείρως
860 3391 922 3478 μὲν
940 3396 1028 3480 ἐχειν
1047 3398 1198 3483 αίσχρύν,
1310 3413 1311 3430 ³

187 3497 351 3584 δκρονδ
384 3499 572 3585 ἀγωνιστήν
599 3499 758 3585 γενέσθαι
788 3503 1020 3587 ταπεινότερον
1049 3508 1107 3584 τής
1137 3511 1197 3586 σής
