2658 3914
216 145 280 214 164
539 150 571 202 n.
599 145 903 218 [Δωυουοευοωε]

213 310 245 372 εί
266 304 327 394 μὲν
349 308 412 394 γάρ
435 331 485 384 τις
506 309 572 392 ἔχει
601 330 641 391 με
672 305 831 386 έπιδεῖξαι
860 306 905 384 ὡς
933 306 1116 390 ψεύδομαι,
1146 300 1233 370 ἀνα-

214 415 292 491 στάς
314 413 352 480 ε’ν
373 420 419 501 τῷ
443 411 509 500 έμῶ
532 411 629 477 ὕδατι
652 410 864 498 ἐξελεγξάτω,
887 411 905 476 ὅ
927 435 960 476 τι
983 409 1025 476 δν
1048 411 1092 494 μῆ
1115 419 1161 495 φῆ
1187 432 1231 494 με

214 519 325 603 ἀληθῆ
353 515 462 600 λέγειν
478 519 570 602 ’πρὸς
597 515 694 602 ὑμᾶς·
722 520 754 584 εί
779 514 810 583 δ’
838 513 928 583 έστὶν
955 515 1065 600 ἀληθῆ
1087 513 1142 582 καὶ
1165 539 1231 600 μνη-

213 622 282 702 δεὶς
314 625 356 689 ἀν
388 646 444 708 μοι
476 620 624 689 ἀντείποι
655 625 755 702 ἄλλος
785 621 807 708 ἢ
838 619 952 708 οὗτος,
983 621 1100 708 δέομαι
1130 621 1230 706 ὑμῶν

186 729 370 796 οάπάντων
402 731 535 803 δικαίαν
563 727 691 813 δέησιν·
724 729 797 795 ὅσοι
828 725 890 815 μέν
917 739 984 794 τῶν
1017 738 1229 815 στρατιωτῶν
1242 746 1306 796 1207

213 836 285 902 έστε
307 835 363 902 καὶ
384 845 507 920 παρῆτε
530 833 612 921 ἐκεῖ,
639 835 738 902 αὐτοί
760 859 796 901 τε
823 833 1058 920 ἀναμνήσθητε
1080 830 1230 910 καὶτοῖς

213 941 502 1029 παρακαθημένοις
527 942 665 1028 φράζετε
691 943 753 1028 τήν
783 938 812 1007 τ’
839 941 923 1026 έμῆν
948 931 1142 1028 προθυμίαν
1169 937 1229 1005 καί

212 1048 252 1112 τά
282 1049 453 1134 συμβάντα
483 1046 520 1114 ἐν
549 1055 594 1138 τῷ
625 1048 697 1113 τότε
726 1055 830 1136 καιρῷ
860 1055 900 1134 τῆ
929 1049 1024 1113 πόλει
1052 1045 1229 1131 πράγματα

212 1152 347 1233 καὶτὰς
370 1156 520 1241 ἀπορίας,
543 1150 587 1219 ἵν’
611 1151 647 1218 ε’κ
669 1153 797 1218 τούτων
820 1154 927 1237 είδῆτε
951 1152 1065 1229 ὁποῖός
1086 1154 1136 1229 τίς
1158 1153 1229 1237 είμι

212 1259 288 1347 περὶ
306 1261 327 1328 δ
345 1260 387 1326 ἀν
405 1257 607 1348 προστάξητε
625 1258 732 1343 ὑμεῖς·
756 1259 830 1324 ὅσοι
848 1253 880 1324 δ’
902 1257 1006 1324 αὐτοῦ
1024 1256 1228 1342 ἐπεδημεῖτε,

213 1374 289 1452 σιγῆ
322 1390 387 1450 μου
419 1365 559 1432 ἀκοῦσαι
595 1364 819 1450 διηγουμένου
856 1365 984 1430 ἅπαντα
1015 1365 1098 1450 πρὸς
1128 1362 1227 1447 ὑμᾶς,

212 1467 267 1538 καὶ
290 1470 344 1537 ἐπὶ
365 1472 493 1538 τούτων
515 1467 657 1560 ἑκάστω,
679 1462 730 1548 οἷς
751 1469 794 1536 ἀν
816 1467 918 1556 λέγω,
944 1469 1023 1547 τοός
1043 1490 1079 1535 τε
1101 1471 1228 1554 νόμους

212 1575 439 1662 παρεχομένου
461 1573 517 1641 καὶ
539 1576 579 1641 τά
599 1579 804 1662 ψηφίσματα,
826 1575 866 1641 τά
888 1597 923 1641 τε
945 1585 1003 1661 τῆς
1024 1578 1149 1660 βουλῆς
1170 1574 1226 1642 καὶ

213 1682 253 1746 τά
274 1691 334 1748 τοῦ
358 1682 477 1766 δῆμου,
499 1677 635 1759 καὶτὰς
657 1684 846 1768 μαρτυρίας.

186 1804 201 1844 4
274 1785 419 1874 Ἑβδόμη
442 1788 506 1873 γάρ
532 1789 717 1874 φθίνοντος
742 1797 1014 1872 μεταγειτνιῶνος
1040 1789 1145 1874 μηνὸς
1172 1787 1224 1854 ἐπὶ

212 1894 379 1970 Μόλωνος
409 1895 584 1979 ἀρχοντος,
616 1892 788 1978 ἐκκλησίας
818 1892 998 1978 γενομένης
1028 1890 1085 1959 καὶ
1116 1896 1225 1978 είσαγ-

213 1996 402 2082 γελθέντων
419 1999 500 2084 ὑμῖν
518 2003 652 2065 πολλῶν
670 1998 725 2066 καὶ
743 2000 896 2084 μεγάλων
914 1999 1128 2086 πραγμάτων,
1146 1999 1225 2084 έψη-
1312 2043 1313 2046 =

213 2107 360 2191 φίσασθε
390 2105 448 2182 τάς
477 2114 561 2183 ναῦς
595 2103 773 2172 καθέλκειν
803 2107 882 2183 τοὺς
911 2106 1143 2193 τριηράρχους·
1176 2101 1224 2172 ὧν

213 2210 268 2277 καὶ
291 2210 354 2295 έγδι
376 2205 429 2296 ῆν.
469 2207 606 2278 καὶτὸν
628 2207 689 2296 μὲν
712 2211 829 2294 καιρὸν
850 2213 911 2278 τὸν
933 2214 1162 2298 συμβεβηκότα
1184 2221 1222 2298 τῆ

211 2321 306 2384 πόλει
328 2321 401 2384 τότε
424 2317 486 2383 οὐκ
508 2313 565 2402 ἐμὲ
591 2318 645 2384 δεῖ
671 2315 870 2403 διεξελθεῖν,
897 2313 969 2383 ἀλλ’
996 2317 1082 2402 ὑμᾶς
1104 2318 1224 2396 αὐτοὺς

213 2423 480 2510 ἀναμνησθῆναι,
502 2423 554 2489 ὅτι
580 2426 687 2508 Τῆνος
707 2418 769 2508 μὲν
787 2428 1035 2510 καταληφθεῖσα
1056 2421 1112 2489 ὑπ’
1136 2421 1223 2490 'Ake-

186 2526 357 2615 ῖξάνδρου
387 2527 694 2616 ἐξηνδραποδίσθη,
722 2528 942 2614 Μιλτοκύθης
971 2527 1001 2594 δ’
1035 2529 1222 2616 ἀφειστήκει

211 2631 276 2700 ἀπὸ
300 2636 429 2712 Κότυος
454 2632 510 2700 καὶ
536 2633 689 2721 πρέσβεις
720 2633 900 2721 έπειιόμφει
924 2633 1000 2722 περὶ
1028 2640 1222 2724 συμμαχίας,

211 2741 353 2823 βοηθεῖν
370 2740 516 2806 κελεύων
533 2737 589 2827 καὶ
606 2740 667 2825 τῆν
686 2741 899 2826 Χερρόνησον
917 2739 1114 2828 ἀποδιδούς,
1132 2747 1222 2829 Προ·

211 2845 384 2927 κοννῆσιοι
416 2839 454 2908 δὲ
485 2845 650 2931 σύμμαχοι
686 2846 779 2922 ὄντες
815 2843 961 2912 ίκέτευον
992 2847 1077 2932 ὑμᾶς
1109 2847 1145 2915 έν
1176 2857 1223 2936 τρῖ-

212 2950 306 3038 δῆμφ
329 2952 508 3034 βοηθῆσαι,
530 2947 682 3034 λέγοντες
699 2949 751 3016 ὅτι
768 2949 833 3018 ὑπὸ
852 2953 1048 3036 Κυζικηνῶν
1070 2952 1219 3041 κατέχον-

212 3080 265 3121 ται
288 3062 333 3143 τιβ
356 3053 488 3146 πολέμῳ
515 3053 673 3122 καὶκατὰ
695 3064 759 3141 γῆν
781 3053 837 3123 καὶ
858 3057 939 3123 κατά
960 3058 1145 3143 θάλατταν,
1166 3057 1219 3125 καί

185 3163 257 3255 ῖμῆ
286 3162 448 3248 περιιδεῖν
478 3160 715 3247 ἀπολομένους·
745 3155 793 3228 ὧν
822 3160 999 3241 ἀκούοντες
1027 3163 1121 3249 ὑμεῖς
1149 3167 1218 3232 τότε

212 3267 249 3334 έν
271 3277 316 3358 τφ
341 3269 434 3358 δῆμφ
458 3268 567 3333 αὐτῶν
585 3290 619 3332 τε
637 3269 804 3352 λεγόντων
821 3267 877 3335 καὶ
894 3281 961 3336 τῶν
979 3274 1218 3358 συναγορευόν-

212 3398 280 3441 των
303 3373 431 3459 αὐτοῖς,
458 3376 506 3439 ἔτι
529 3370 566 3439 δὲ
588 3384 655 3439 τῶν
679 3371 832 3460 έμπόρων
859 3373 914 3442 καὶ
935 3385 1002 3441 τῶν
1023 3379 1217 3464 ναυκλήρων

212 3478 288 3568 περὶ
315 3482 458 3547 ἔκπλουν
486 3481 593 3546 όντων
622 3478 658 3544 έκ
678 3489 745 3546 τοῦ
772 3483 923 3567 Πόντου,
949 3479 1004 3547 καὶ
1031 3485 1217 3560 Βυζαντίων
1312 3457 1313 3504 5
