2658 3922
177 131 242 196 222
497 132 554 184 σν.
581 127 862 182 amomon

176 289 275 360 εἵνεκ’
301 287 328 358 ὦ
358 290 477 376 ἀνδρες
506 287 658 355 δικασταὶ
686 285 742 354 καί
770 298 838 354 τῶν
866 282 1186 373 περιεστηκότων,η

176 401 243 483 μην
271 396 391 463 παθὼν
420 395 485 461 ἐπὸ
515 396 674 471 Κόνωνος
704 391 802 462 ταῦθ’
836 386 883 458 ὧν
913 393 1101 478 δικάζομαι,
1130 390 1188 459 καὶ
1196 414 1270 465 1270

176 505 289 589 λαβὼν
311 501 456 586 πληγάς,
487 499 542 566 καὶ
568 501 606 567 τὸ
637 505 745 587 χεῖλος
777 495 945 575 διακοπεὶς
970 497 1076 575 οὕτως
1100 498 1187 565 ὥστε

175 607 231 675 καί
259 609 421 693 ῥαφῆναι,
446 604 502 672 καὶ
529 605 704 693 ὑβρισθείς
734 607 795 691 τὴν
822 607 919 690 δίκην
948 605 1090 672 διώκειν.
1130 603 1189 670 καί

176 718 207 780 εί
227 711 289 799 μὲν
312 707 454 799 εὐορκῶ,
481 712 588 778 πολλά
617 734 674 797 μοι
701 710 830 796 γένοιτο
857 710 992 795 κάγαθὰ.
1011 708 1067 776 καὶ
1088 708 1189 796 μηδέι

175 818 246 886 ποτ’
279 814 379 896 αὖθις
409 829 541 885 τοιοῦτο
575 814 680 902 μηδὲν
710 819 873 903 πάθοιμι,
907 819 939 883 εί
969 812 1002 882 δ’
1034 815 1189 900 ἐπιορκῶ,

176 925 297 1009 ἐξώλης
320 925 504 1010 ἀπολοίμην
533 923 632 1000 αὐτὸς
657 921 714 989 καὶ
736 929 770 990 εἴ
787 926 823 989 τί
841 946 899 1008 μοι
920 925 1011 989 ἐστιν
1032 921 1054 1007 ἦ
1076 919 1189 1006 μέλλει

176 1033 321 1096 ἔσεσθαι.
358 1029 430 1097 ἀλλ’
454 1030 515 1097 οὐκ
537 1029 691 1116 ἐπιορκῶ,
713 1026 786 1096 οὐδ’
809 1028 851 1096 ἀν
869 1030 992 1095 Κόνων
1014 1029 1188 1113 διαρραγῇ.

136 1158 162 1198 ιε
175 1137 269 1215 ἀξιον
292 1141 408 1204 τοίνυν
429 1136 515 1221 ὑμᾶς
537 1130 564 1201 ὦ
587 1136 706 1221 ἀνδρες
728 1136 890 1218 δικασταί,
910 1130 1013 1200 πάνθ’
1040 1130 1091 1200 όσ’
1117 1131 1188 1199 ἐστὶ

177 1238 276 1308 δίκαι’
303 1242 526 1322 ἐπιδείξαντος
549 1239 632 1326 ἐμοῦ
657 1238 713 1306 καὶ
734 1244 845 1307 πίστιν
867 1237 1073 1326 προσθέντος
1094 1239 1188 1323 ὑμῖν,

176 1349 285 1434 ὥσπερ
308 1348 352 1414 δν
375 1348 473 1424 αὐτὸς
495 1345 629 1423 ἕκαστος
646 1347 766 1413 παθὼν
783 1347 843 1412 τὸν
860 1340 1048 1428 πεποιηκότ’
1071 1343 1188 1429 ἐμίσει,

176 1455 282 1531 οὕτως
311 1450 395 1539 ὑπὲρ
428 1451 510 1536 ἐμοῦ
541 1453 624 1537 πρὸς
655 1454 798 1517 Κόνωνα
828 1448 966 1536 τουτονὶ,
981 1451 1055 1534 την
1083 1449 1187 1536 ἀρχὴν

177 1562 279 1644 ἔχειν,
306 1557 362 1624 καί
390 1559 434 1642 μη
461 1559 607 1640 νομίζειν
637 1557 726 1623 ἴδιον
752 1567 819 1622 τῶν
840 1557 1002 1624 τοιοῦτον
1024 1551 1145 1640 μηδέν,
1166 1553 1187 1620 δ

176 1664 238 1729 κάν
271 1665 360 1752 ἀλλῳ
391 1665 492 1748 τυχὸν
527 1664 689 1747 συμβαίη,
724 1659 797 1727 ἀλλ’
833 1658 884 1747 ἐφ’
921 1661 1000 1728 ότου
1036 1657 1108 1727 ποτ’
1143 1660 1187 1726 ἀν

177 1773 302 1854 συμβῇ,
325 1772 465 1853 βοηθεῖν
487 1765 543 1835 καὶ
569 1767 610 1832 τὰ
638 1762 737 1833 δίκαι’
765 1765 978 1849 ἀποδιδόναι,
999 1764 1056 1832 καὶ
1077 1777 1187 1852 μισεῖν

176 1877 254 1951 τοὺς
271 1876 335 1960 πρὸ
354 1869 416 1958 μὲν
433 1883 500 1938 τῶν
521 1871 761 1958 ἁμαρτημάτων
777 1878 916 1958 θρασεῖς
933 1869 989 1939 καὶ
1005 1883 1188 1957 προπετεῖς,

177 1979 214 2046 ἐν
237 1976 274 2045 δὲ
301 1987 346 2067 τῷ
378 1981 475 2061 δίκην
500 1977 635 2065 ὑπέχειν
662 1976 902 2064 ἀναισχύντους
926 1975 982 2042 καὶ
1008 1978 1188 2066 πονηρούς,
1325 2037 1326 2042 ,

176 2083 231 2150 καὶ
254 2087 334 2170 μήτε
358 2083 456 2170 δόξης
477 2078 550 2170 μήτ’
577 2086 677 2160 ἐθους
699 2079 773 2169 μήτ’
795 2084 899 2149 ἀλλον
921 2083 1061 2167 μηδενὸς
1083 2107 1187 2170 φρον-

137 2213 164 2254 ιι
178 2195 324 2271 τάξοντας
354 2193 437 2278 πρὸς
467 2192 505 2257 τὸ
537 2191 580 2274 μη
618 2191 737 2256 δοῦναι
769 2190 874 2272 δίκην.
920 2187 1004 2254 ἀλλὰ
1036 2190 1187 2274 δεήσεται

178 2302 299 2364 Κόνων
320 2295 377 2364 καὶ
398 2299 542 2381 κλαήσει.
584 2308 732 2361 σκοπεῖτε
760 2296 802 2379 δη
828 2297 966 2380 πότερός
993 2293 1083 2361 ἐστιν
1105 2294 1186 2360 ἐλει-

177 2408 322 2490 νότερος,
345 2403 363 2470 ὁ
386 2403 562 2480 πεπονθὼς
584 2393 630 2468 οἷ’
656 2401 719 2485 ἐγὼ
748 2397 890 2466 πέπονθ’
914 2400 980 2468 ὑπὸ
1002 2401 1134 2483 τούτου,
1155 2402 1189 2465 εί

176 2506 436 2595 προσυβρισθεὶς
463 2509 576 2592 ἀπειμι
602 2504 658 2572 καὶ
681 2508 775 2591 δίκης
796 2508 841 2591 μὴ
863 2507 988 2592 τυχών,
1008 2505 1032 2592 ἣ
1053 2509 1187 2590 Κόνων,

178 2617 209 2680 εί
235 2617 335 2680 δώσει
363 2616 474 2699 δίκην;
501 2616 642 2696 πότερον
670 2609 704 2678 δ’
731 2612 826 2697 ὑμῶν
859 2609 983 2701 ἐκάστμ
1016 2609 1187 2698 συμφέρει,

179 2718 299 2798 ἐξεῖναι
321 2721 455 2786 τύπτειν
473 2717 528 2784 καὶ
545 2719 693 2804 ὑβρίζειν
715 2716 737 2802 ἦ
759 2720 819 2802 μής
847 2715 911 2801 ἐγὼ
934 2713 996 2803 μὲν
1019 2712 1110 2802 οἶμαι
1131 2721 1187 2804 μή.
1287 2717 1291 2724 “
1325 2799 1326 2806 χ

179 2826 315 2909 οὐκοῦν,
338 2825 380 2890 ἀν
403 2821 464 2909 μέν
487 2821 612 2910 ἀφιῦί,
640 2826 771 2890 ἔσονται
793 2825 926 2908 πολλοί,
948 2821 1007 2889 ἐὰν
1029 2819 1069 2890 δέ
1089 2824 1187 2890 κολά-

180 2928 258 3016 ζητ’,
282 2930 444 3008 ἐλάττους.

138 3056 166 3095 ιι
245 3031 350 3100 Πόλλ’
373 3033 415 3099 ἀν
438 3036 542 3100 εἰπεῖν
565 3032 669 3121 ἔχοιμ’
691 3029 718 3100 ὦ
741 3034 860 3119 ἀνδρες
882 3035 1044 3119 δικασταί,
1064 3033 1121 3101 καὶ
1143 3034 1188 3112 ὡς

178 3143 271 3227 ἡμεῖς
293 3143 464 3227 χρήσιμοι,
486 3138 541 3206 καὶ
564 3138 659 3206 αὐτοὶ
681 3137 736 3205 καὶ
758 3139 778 3206 ό
799 3140 922 3226 πατὴρ,
949 3139 1010 3218 ἕως
1033 3142 1104 3224 ἐζη,
1130 3137 1187 3205 καὶ

179 3256 452 3334 τριηραρχοῦντες
477 3244 533 3311 καὶ
561 3248 813 3331 στρατευόμενοι
843 3243 963 3312 καὶτὸ
990 3248 1187 3332 προσταττό-

180 3377 281 3438 μενον
303 3363 491 3436 ποιοῦντες,
518 3350 573 3417 καὶ
600 3351 645 3428 ὡς
671 3347 771 3417 οῦδὲν
799 3348 876 3418 οὔθ’
903 3347 1000 3430 οὗτος
1022 3352 1098 3417 οὔτε
1119 3362 1186 3416 τῶν
1197 3371 1259 3424 22η

179 3461 300 3526 τούτου
323 3459 444 3536 οὐδείς·
473 3453 544 3524 ἀλλ’
572 3457 649 3523 οὔτε
674 3457 714 3524 τό
739 3456 832 3542 ὕδωρ
861 3457 993 3542 ίκανόν,
1018 3457 1094 3523 οὔτε
1120 3465 1188 3522 νῦν
