2650 3918
512 185 723 238 ΕΙῙΙΤΑΦΙΟΣ.
1056 179 1122 246 333

111 353 148 414 εί
170 370 204 413 τι
232 345 360 413 τούτων
391 348 533 430 φανείην
568 344 772 429 παραλιπών.
823 341 963 429 ἀρξομαι
994 337 1026 406 δ’
1058 340 1123 406 ἀπὸ

40 493 41 500 1
111 461 170 537 τῆς
191 460 252 518 τοῦ
275 449 394 535 γένους
415 451 525 518 αὐτῶν
548 449 659 535 ἀρχῆς.
752 449 753 452 ’

82 577 101 617 ι
175 554 227 623 Ἡ
245 557 318 644 γὰρ,
335 554 485 641 εὐγένεια
513 557 619 622 τῶνδε
650 566 718 621 τῶν
744 553 878 640 ἀνδρῶν
905 554 942 621 έκ
967 555 1123 620 πλείστου

112 667 238 752 χρόνου
260 663 348 749 παρὰ
370 671 472 728 πᾶσιν
490 660 682 747 ἀνθρώποις
700 659 959 745 ἀνωμολόγηται.
996 658 1037 726 οὐ
1058 660 1122 744 γδιρ

112 770 220 854 μόνον
241 771 289 848 είς
309 765 423 854 πατέρ’
450 767 563 844 αὐτοῖς
590 763 653 834 καὶ·
666 776 735 833 τῶν
756 767 826 831 ἀνω
849 768 1026 851 προγόνων
1048 761 1119 830 κατ’
1134 781 1203 832 1390

112 871 209 962 ἄνδρ’
240 873 430 959 ἀνενεγκεῖν
459 871 584 962 ε’καίστφ
612 873 674 957 τήν
702 873 807 959 φύσιν
835 875 943 956 ἔστιν,
973 868 1044 938 ἀλλ’
1076 872 1124 948 είς

112 981 195 1066 ὅλην
221 989 318 1068 κοινή
343 980 406 1066 τήν
431 977 649 1064 ὑπάρχουσαν
673 979 830 1064 πατρίδα,
855 973 895 1062 ἧς
921 977 1125 1065 αὐτόχθονες

113 1087 355 1170 ὁμολογοῦνται
390 1079 497 1151 εἶναι,
529 1086 630 1168 μόνοι
658 1084 722 1168 γὰρ
755 1083 889 1150 πάντων
907 1082 1124 1169 ἀνθρώπων,

113 1191 147 1270 ἐξ
169 1186 274 1277 ἧσπερ
297 1193 442 1277 ἔφυσαν,
467 1189 591 1273 ταύτην
618 1186 752 1276 ᾤκησαν
778 1186 835 1255 καὶ
860 1199 931 1266 τοις
957 1187 990 1266 ἐξ
1014 1188 1124 1254 αὐτῶν

112 1296 326 1388 παρέδωκαν,
353 1297 437 1362 ὥστε
460 1296 596 1373 δικαίως
617 1296 660 1361 ἀν
677 1318 733 1372 τις
753 1295 933 1379 ὑπολάβοι,
958 1295 1037 1370 τούς
1063 1289 1124 1379 μὲν

113 1403 280 1489 ἐπήλυδας
302 1401 469 1479 ἐλθόντας
484 1403 532 1478 είς
553 1401 610 1477 τὰς
631 1402 744 1479 πόλεις
765 1399 820 1467 καὶ
841 1400 1126 1476 τούτωνπολίτας

112 1505 474 1595 προσαγορευομένους,
497 1505 634 1591 ὁμοίους
651 1501 824 1584 εἶναιτοῖς
841 1507 1040 1590 εἰσποιητοῖς
1057 1515 1124 1571 τῶν

112 1616 256 1700 παίδων,
277 1615 417 1691 τούτους
439 1609 477 1680 δὲ
499 1616 658 1698 γνησίους
675 1615 765 1702 γόνφ
782 1619 840 1696 τῆς
856 1613 1014 1698 πατρίδος
1031 1614 1124 1677 πολί·

85 1739 171 1798 στας
201 1715 295 1788 εἶναι.
341 1721 434 1787 δοκεῖ
464 1717 506 1785 δέ
533 1740 591 1803 μοι
621 1715 678 1784 καὶ
708 1719 746 1783 τὸ
778 1720 856 1796 τοὺς
884 1718 1047 1804 καρποὺς,
1074 1708 1126 1793 οἷς

115 1830 214 1904 ζῶσιν
237 1827 432 1913 Ιὐίνθρτοποι,
458 1819 535 1907 παρ’
562 1823 643 1909 ήμίν
658 1823 811 1908 ’πρώτοις
837 1832 999 1909 φανῆναι,
1025 1821 1126 1909 χωρὶς

113 1941 174 1998 τοῦ
196 1929 351 2017 μέγιστον
373 1927 560 2017 εὐεργέτημ’
587 1931 635 2008 είς
660 1928 784 2006 πάντας
810 1927 984 2015 γενέσθαι,
1007 1929 1125 2015 ὁμολο-

113 2038 282 2122 γούμενον
309 2048 447 2121 σημεῖον
478 2035 639 2120 ὑπάρχειν
671 2044 732 2102 τοῦ
766 2032 889 2119 μητέρα
922 2036 984 2119 τήν
1012 2036 1132 2120 χώραν

114 2138 202 2218 είναι
219 2148 286 2208 Ιτῶν
303 2138 471 2226 ἡμετέρων
488 2143 674 2226 προγόνων.
710 2139 898 2224 πάνταγὰρ
916 2139 957 2204 τὰ
974 2135 1122 2220 τίκτονθ’

114 2249 183 2330 ἅμα
204 2244 260 2312 καί
286 2247 414 2333 τροφήν
440 2256 510 2322 τοῖς
536 2242 746 2328 γιγνομένοις
772 2242 827 2310 ἀπ’
853 2244 954 2328 αὐτῆς
979 2252 1037 2329 τής
1062 2245 1126 2330 φύ-

115 2368 200 2428 σεως
221 2349 328 2438 φέρει·
352 2351 432 2438 ὅπερ
454 2339 508 2436 ήδ’
534 2349 555 2434 ή
578 2351 670 2438 χώρα
690 2355 856 2436 πεποίηκε.

85 2479 100 2520 ι
132 2495 134 2498 -
186 2458 241 2526 Tor
256 2453 318 2543 μέν
336 2453 398 2525 οὐν
416 2459 464 2534 είς
480 2455 577 2541 γένος
599 2455 763 2541 ἀνήκοντα
785 2465 921 2523 τοιαῦτα
940 2452 984 2523 δι’
1007 2457 1128 2533 αίδιυος

115 2564 256 2651 ὑπόρχει
276 2574 347 2642 τοῖς
367 2564 471 2632 τῶνδε
494 2569 562 2630 τῶν
583 2561 718 2649 ἀνδρῶν
740 2566 928 2647 προγόνοις.
964 2563 1004 2628 τὰ
1025 2559 1055 2627 δ’
1078 2565 1126 2640 είς

115 2669 275 2757 ἀνδρείαν
302 2668 358 2737 καὶ
386 2671 448 2754 τήν
476 2669 593 2754 ἀλλην,
611 2667 730 2755 ἀρετήν
759 2669 867 2736 πάντα
894 2664 955 2752 μέν
976 2679 1125 2736 κατοκνῶ

115 2773 236 2860 λέγειν,
258 2779 504 2862 φυλαττόμενος
527 2775 571 2860 μή
594 2783 696 2861 μήκος
718 2774 858 2861 ἄκαιρον
886 2770 1057 2860 έγγένηται
1079 2785 1124 2864 τῷ

115 2885 217 2970 λόγῳ·
240 2881 262 2950 δ
285 2876 323 2948 δὲ
344 2879 400 2948 καί
422 2891 491 2958 τοῖς
512 2881 619 2949 είδόσι
637 2873 771 2967 χρήσιμ’
793 2879 1050 2966 ἀναμνησθῆναι
1071 2876 1127 2947 καὶ

114 2997 186 3063 τοῖς
208 2984 355 3073 ἀπείροις
374 2983 521 3054 κάλλιστ’
547 2984 704 3069 ἀκοῦσαι,
730 2983 787 3051 καὶ
811 2987 908 3071 ζῆλον
930 2989 996 3072 ἔχει
1018 2989 1126 3054 πολὺν

115 3088 173 3160 καὶ
195 3095 297 3176 μῆκος
319 3094 429 3176 λόγων
452 3093 593 3177 ἀλυπου,
615 3087 706 3158 ταῦτ’
733 3088 788 3157 έπὶ
810 3095 998 3178 κεφαλαίων
1021 3093 1127 3158 είπείν

89 3197 322 3284 ιπειρύσομαι.
367 3197 405 3262 οί
431 3197 494 3284 γὰρ
526 3205 583 3282 τῆς
612 3197 695 3262 κατὰ
729 3198 790 3263 τὸν
824 3199 972 3283 παρόντα
1003 3201 1127 3284 χρόνον

116 3312 232 3388 γενεᾶς
257 3295 418 3389 πρόγονοι
443 3300 499 3368 καί
525 3300 661 3390 πατέρες
690 3299 747 3369 καί
777 3303 906 3370 τούτων
933 3302 1042 3368 έπάνω
1068 3303 1128 3380 τὰς

116 3412 340 3495 προσηγορίας
361 3409 503 3494 ἔχοντες,
524 3401 577 3487 αἷς
598 3408 663 3476 ὐπὸ
685 3419 753 3475 τῶν
776 3407 814 3478 έν
836 3407 926 3493 γένει
948 3409 1125 3495 γνωρίζον·

115 3538 186 3600 ται,
212 3515 374 3604 ήδίκησαν
400 3509 462 3600 μὲν
490 3513 612 3584 οὐδένα
637 3511 762 3585 πώποτ’
789 3512 867 3581 οὐθ’
888 3510 1021 3597 Ἕλλην’
1050 3514 1126 3584 οὐτε
