2658 3914
202 199 267 262 114
487 200 597 252 μονα
622 195 928 269 [mmmmm]

199 361 236 426 τὸ
269 363 388 443 στόμα,
423 357 479 424 καὶ
510 357 574 442 έγδο
607 357 910 444 ἐπιμαρτυράμενος
938 359 1016 434 τοὺς
1046 359 1219 443 παρόντας

161 481 187 524 εο
200 465 385 550 ἠμυνάμην.
422 464 467 541 ὡς
490 459 552 532 οὖν
575 463 685 550 άληθή
709 463 803 550 λέγω,
824 462 880 530 καὶ
901 458 979 549 ἦρξε
997 455 1117 550 χειρῶν
1140 461 1218 528 άδί-

200 594 269 636 κτον
292 571 310 637 ὁ
335 573 522 655 Θεόφημος,
545 570 607 662 οὐκ
625 572 771 637 άλλοθεν
795 571 868 636 δεῖν
886 565 977 653 οἶμαι
994 571 1054 635 τὸν
1077 571 1217 655 ἔλεγχον

200 672 357 758 γενέσθαι
379 676 400 761 ή
423 675 459 742 έκ
481 684 538 760 τής
560 675 759 761 άνθρόπου,
781 675 824 759 ἣν
847 677 1133 760 μεμαρτυρήκασιν
1155 671 1216 740 οὗ·
1317 665 1318 692 Τ

201 803 251 846 τοι
279 780 315 846 οί
337 782 500 869 μάρτυρες
521 783 566 859 ὡς
592 784 714 866 ήθελεν
738 781 756 848 ὁ
782 783 955 865 Θεόφημος
981 781 1216 866 παραδιδόναι.

201 887 302 973 ταότη
326 883 363 953 δὲ
385 896 424 974 πή
447 892 621 976 μαρτυρίᾳ,
643 891 802 973 πρότερος
820 887 983 955 είσελθδιν
1000 888 1048 962 είς
1063 888 1101 953 τὸ
1120 889 1295 954 &tua-1151

202 995 350 1078 στήριον,
373 993 415 1060 οὐ
436 992 739 1081 παραγραφομένου
762 991 844 1076 έμοῦ
866 989 940 1059 οὐδ’
965 991 1216 1078 ὑπομνυμένου,

202 1101 258 1165 διά
280 1101 318 1167 τὸ
340 1098 396 1166 καί
417 1103 580 1187 πρότερόν
601 1122 680 1166 ποτε
704 1097 755 1185 ἐφ’
779 1097 903 1185 ἑτέραις
921 1101 1028 1176 δίκαις
1049 1100 1150 1165 ταῦτά
1173 1123 1216 1185 με

202 1207 337 1292 βλάήιαι,
360 1205 540 1292 ἐξηπάτησε
562 1209 641 1283 τοὺς
664 1206 820 1282 δικαστάς
842 1203 961 1290 λέγων,
984 1205 1043 1282 οὓς
1065 1201 1126 1290 μδν
1148 1205 1215 1290 έγδο

202 1317 406 1400 παρειχόμην
434 1313 620 1400 μάρτυρας,
649 1313 689 1378 τά
717 1313 825 1395 μευδή
855 1322 1053 1397 μαρτυρεῖν,
1085 1313 1146 1396 τήν
1175 1309 1217 1378 δὲ

163 1442 190 1481 ιο
203 1421 385 1506 άνθρυπον
408 1417 497 1504 έρείν
522 1420 581 1495 τὰς
607 1417 767 1502 ἀληθείας
794 1414 1063 1502 βασανιζομένην.
1099 1409 1150 1494 οἷς
1176 1415 1217 1484 δὲ

204 1528 276 1590 τότε
299 1535 502 1610 κατεχρῶντο
527 1527 651 1608 λόγοις,
674 1533 739 1589 νῦν
757 1523 870 1600 αὐτοῖς
892 1520 1115 1608 ἐξελέγχονται
1136 1523 1216 1590 ὑπε-

190 1633 321 1696 ναντία
343 1640 527 1708 ποιοῦντες·
550 1632 612 1714 τήν
630 1630 694 1715 γάρ
718 1630 902 1714 άνθρωπον
923 1628 965 1696 οὐ
988 1630 1132 1714 δύναμαι
1154 1651 1216 1695 πα-

205 1739 363 1821 ραλαβεῖν
391 1736 548 1814 πολλάκις
578 1735 765 1820 ἐξαιτήσας,
793 1735 838 1811 ὡς
860 1735 1103 1820 μεμαρτύρηται
1124 1735 1216 1819 ὑμῖν.

206 1841 318 1926 ἐπειδή
350 1843 466 1907 τοίνυν
497 1843 560 1926 τήν
591 1843 774 1926 άνθρυπον
812 1841 853 1906 οὐ
883 1841 1140 1927 παραδιδόασιν,
1171 1841 1215 1924 ἣν

202 1944 300 2012 αὐτοὶ
323 1949 450 2032 ἔφασαν
467 1945 749 2032 προκαλέσασθαι,
772 1947 936 2031 βούλομαι
958 1946 1038 2032 ὑμῖν
1060 1944 1116 2013 καὶ
1137 1950 1216 2024 τοὺς

206 2052 372 2138 μάρτυρας
402 2050 647 2139 παρασχέσθαι,
677 2057 713 2119 οἳ
741 2049 833 2119 εἶδόν
865 2075 905 2137 με
940 2055 1103 2140 πρότερον
1132 2059 1214 2137 πλη-

200 2155 304 2242 γέντα
325 2158 391 2225 ὑπὸ
413 2169 474 2225 τοῦ
498 2162 686 2244 Θεοφήμου.
722 2158 743 2242 ἡ
763 2155 794 2224 δ’
817 2165 924 2225 αίκεια
946 2156 1034 2225 τοῦτ’
1056 2162 1157 2244 ἔστιν,
1180 2159 1216 2236 δς

206 2264 248 2331 ἂν
267 2263 348 2353 άρξη
367 2276 486 2351 χειρῶν
505 2264 632 2331 άδίκων
652 2268 849 2350 [πρότερος],
871 2265 979 2342 άλλως
999 2287 1034 2330 τε
1057 2263 1112 2330 καὶ
1134 2267 1214 2330 κατὰ

207 2374 265 2437 τὸν
283 2374 389 2456 νόμον
406 2368 462 2437 καὶ
480 2372 562 2437 κατά
580 2372 621 2436 τὰ
638 2375 833 2457 ψηφίσματα
851 2371 890 2436 τά
907 2369 1048 2456 ὑμέτερα
1066 2371 1214 2454 είσπράτ-

206 2500 314 2542 νοντα.
362 2480 422 2542 καί
453 2501 511 2561 μοι
547 2475 721 2561 ἀνάγνωθι
755 2478 796 2543 τά
837 2480 1031 2562 ψηφίσματα
1066 2475 1122 2542 καὶ
1155 2479 1214 2560 τήν

207 2586 401 2667 μαρτυρίαν.

485 2759 714 2812 ΨΗΦΙΣΜΑΤΑ.
742 2757 932 2810 ΜΑΡΓΊῬΙΑ.

167 2919 194 2959 ιι
270 2897 402 2984 Ἐπειδή
425 2903 542 2967 τοίνυν
564 2899 739 2987 άφηρέθην
758 2900 799 2964 τά
818 2897 957 2986 ένέχυρα
974 2901 1040 2968 ὑπὸ
1057 2909 1118 2966 τοῦ
1137 2903 1215 2968 Θεο-
1316 2935 1317 2964 ;

208 3009 320 3091 φήμαν
342 3003 397 3071 καὶ
419 3009 623 3090 συνεκόπην,
651 3005 762 3070 ἐλθὼν
788 3007 837 3082 είς
861 3006 923 3089 τήν
950 3006 1077 3090 βουλήν
1104 3006 1161 3083 τάς
1181 3031 1215 3072 τε

170 3161 171 3166 1
198 3114 334 3198 πληγὰς
356 3110 465 3191 ἔδειξα
487 3110 542 3177 καὶ
565 3111 587 3177 ά
608 3111 785 3188 πεπονθὼς
806 3106 850 3196 ἧν
873 3107 980 3196 είπον,
1002 3109 1056 3177 καὶ
1080 3109 1131 3176 ὅτι
1152 3113 1214 3176 είσ-

208 3218 360 3303 πράττων
377 3226 416 3302 τή
434 3219 530 3283 πόλει
547 3217 587 3282 τά
606 3217 716 3300 σκεύη.
759 3214 1011 3302 ἀγανακτήσασα
1030 3213 1060 3282 δ’
1078 3215 1215 3302 ήβουλή

209 3321 259 3406 ἐφ’
284 3315 338 3399 οἷς
361 3321 424 3405 έγδι
448 3322 663 3406 ἐπεπόνθειν,
690 3319 745 3386 καὶ
768 3322 887 3388 ίδοῦσά
909 3346 949 3408 με
972 3322 1017 3399 ὡς
1039 3323 1214 3407 διεκείμην,

209 3423 264 3492 καὶ
295 3424 485 3512 ἡγησαμένη
517 3427 678 3512 ὑβρίσθαι
714 3425 775 3492 οὐκ
807 3425 878 3511 έμέ,
909 3425 981 3493 ἀλλ’
1013 3424 1133 3511 έαντήν
1164 3427 1215 3493 καὶ

210 3534 269 3598 τὸν
292 3533 400 3616 δήμον
422 3533 481 3598 τὸν
503 3532 736 3618 ψηφισάμενον
754 3529 887 3598 καὶτὸν
909 3537 1015 3618 νόμον
1037 3534 1097 3599 τὸν
1120 3532 1215 3618 άναγ-
