2658 3922
187 201 251 266 218
505 203 574 257 mv.
598 201 877 255 ΔΗιιουουυουε

184 363 301 452 τούτφ,
322 360 383 428 οὐκ
401 359 443 429 ἀν
460 362 524 446 ἤδη
543 368 601 443 τῆς
619 362 746 446 διαίτης
763 359 1043 448 ἀποφαινομένης,
1065 365 1202 447 νυκτὸς,
1326 367 1327 370 ’

146 486 172 527 ιε
185 467 341 551 οὐδεμιᾶς
350 467 536 533 ὑπολοίπου
546 469 697 551 σκήψεως
710 468 823 552 ούσης,
836 468 1098 553 προύκαλοῦντο,
1111 467 1197 533 ἀλλὰ

184 585 281 641 τοῦτο
300 570 362 658 μὲν
379 574 443 659 πρὸ
462 583 522 640 τοῦ
539 574 601 656 την
620 574 718 657 δίκην
736 578 913 660 ληχθῆναι,
935 571 1022 659 ἡνίκ’
1040 573 1196 640 ἀσθενῶν

185 678 249 761 ἐγώ
270 680 480 762 κατεκείμην,
501 676 557 744 καὶ
579 677 641 744 οὐκ
664 679 761 756 είδώς
783 681 814 745 εί
835 678 1087 766 περιφεύξομαι,
1112 683 1198 762 πρὸς

185 786 330 862 ἅπαντας
351 787 430 862 τοὺς
452 787 757 869 είσιόνταςιτούτον
776 783 962 871 ἀπέφαινον
982 789 1042 854 τὸν
1064 795 1197 871 πρῶτον

184 889 371 969 πατάξαντα
392 890 448 958 καὶ
470 891 510 956 τά
532 888 663 958 πλεῖσθ’
692 885 739 956 ών
765 892 933 978 ὑβρίσμην
956 889 1197 976 διαπεπραγμέ·
1326 927 1327 966 γ

185 1020 258 1081 νον,
280 993 346 1063 τότ’
368 995 411 1063 δν
429 993 556 1073 εύθέας
577 989 657 1080 ᾗκεν
680 998 766 1081 έχων
788 996 955 1082 μάρτυρας
975 999 1121 1074 πολλοὺς
1142 994 1198 1062 ἐπὶ

184 1104 253 1192 την
269 1105 394 1188 οίκίαν,
416 1098 483 1168 τότ’
510 1101 553 1170 δν
580 1103 658 1179 τοὺς
684 1099 813 1179 οἰκέτας
837 1103 1020 1188 παρεδίδου
1046 1098 1102 1168 καί
1129 1115 1197 1169 τῶν
1326 1139 1327 1142 ¹

185 1207 218 1286 ἐξ
237 1205 367 1294 Ἀρείου
395 1209 512 1292 πάγου
532 1207 624 1284 τινάς
649 1207 838 1293 παρεκάλει·
866 1209 898 1272 εί
923 1207 986 1294 γὰρ
1013 1207 1197 1294 ἀπέθανον,
1208 1230 1276 1280 12⁶6
1324 1235 1327 1258 1

146 1329 172 1370 ιθ
185 1309 263 1400 παρ’
285 1314 422 1392 ἐκείνοις
445 1313 488 1380 διν
509 1308 552 1398 ἦν
575 1313 596 1397 ἡ
620 1314 704 1397 δίκη.
740 1310 818 1378 είδ
842 1310 895 1400 ἄρ’
917 1315 1060 1400 ηγνύησε
1083 1325 1198 1399 ταῦτα,

184 1418 359 1487 καὶτοῦτο
382 1421 420 1488 τὸ
444 1421 575 1486 δίκαιον
603 1421 704 1505 ἔχων,
732 1419 777 1497 ὡς
802 1429 867 1486 νῦν
889 1423 1004 1506 φησει,
1030 1424 1076 1506 μή
1098 1442 1198 1509 παρε-

186 1520 358 1590 σκευάσατ’
384 1521 468 1610 ύπέρ
495 1526 692 1610 τηλικούτου
718 1526 898 1610 κινδύνου,
925 1525 1037 1612 ἐπειδή
1064 1524 1095 1612 γ’
1123 1527 1197 1594 ἀνε-

186 1629 310 1712 στηκὼς
345 1630 408 1713 ἤδη
444 1631 736 1716 προσεκαλεσάμην
773 1631 894 1715 αύτύν,
936 1631 973 1698 ἐν
1008 1642 1047 1719 τῇ
1083 1635 1196 1721 πρώτη

186 1735 318 1822 συνόδφ
353 1736 435 1820 πρὸς
468 1744 513 1822 τῷ
549 1737 697 1822 διαιτητῇ
727 1738 933 1822 παραδιδούς
962 1737 1106 1824 ἐφαίνετ’
1137 1741 1196 1806 ἀν·

187 1833 234 1905 ών
261 1836 361 1905 οὐδέν
388 1838 570 1927 πέπρακται
597 1843 713 1930 τούτφ.
755 1843 806 1908 ὅτι
834 1841 865 1909 δ’
892 1843 1002 1929 ἀληθῆ
1030 1844 1114 1930 λέγω
1141 1845 1198 1912 καὶ

185 1946 408 2029 διακρούσεως
436 1942 523 2032 ἕνεχ’
556 1946 578 2029 ἡ
606 1950 785 2033 πρόκλησις
807 1944 868 2034 ἦν,
894 1949 969 2033 λέγε
991 1952 1114 2037 ταύτην
1135 1953 1198 2038 την
1326 2033 1327 2036 ¹

185 2055 382 2139 μαρτυρίαν·
405 2054 496 2119 ἔσται
518 2052 582 2137 γδιρ
605 2051 641 2118 ἐκ
663 2054 783 2138 ταύτης
806 2058 965 2140 φανερόν.
1326 2055 1327 2060 ’

562 2300 566 2308 s
597 2215 787 2301 Μενευειλ.
858 2323 861 2328 Ι

146 2383 173 2425 ⁸⁰
252 2368 339 2458 Περὶ
357 2365 418 2455 μὲν
435 2373 552 2438 τοίνυν
570 2379 628 2455 τῆς
646 2370 795 2456 βασάνου
813 2381 914 2438 ταῦτα
931 2370 1114 2460 μέμνησθε,
1135 2377 1198 2462 την

186 2477 277 2562 ώραν
307 2476 405 2560 ἡνίκα
436 2477 669 2562 προύκαλεῖτο,
706 2471 753 2543 ὧν
785 2474 868 2544 ἕνεκ’
904 2477 1073 2566 ἐκκρούων
1103 2479 1193 2548 ταῦτ’

187 2581 308 2666 ἐποίει,
336 2585 414 2659 τοὺς
443 2585 585 2668 χρόνους
612 2585 691 2660 τοὺς
716 2585 884 2670 πρώτους,
915 2585 953 2650 ἐν
975 2578 1027 2664 οἷς
1048 2587 1198 2672 οὐδαμοῦ

186 2696 283 2753 τοῦτο
311 2687 491 2772 βουληθεὶς
518 2690 556 2755 τὸ
583 2690 713 2756 δίκαιον
741 2690 830 2778 αύτῷ
854 2689 1011 2775 γενέσθαι
1034 2697 1198 2780 φαίνεται,

186 2788 265 2857 ούδλ
293 2793 596 2878 προκαλεσάμενος,
632 2791 704 2861 οὐδ’
739 2795 887 2874 ἀξιώσας.
935 2797 1048 2884 ἐπειδὴ
1081 2803 1198 2867 τοίνυν

185 2906 287 2962 ταῦτα
309 2894 405 2963 πάντ’
425 2897 595 2984 ἠλέγχεθ’,
617 2901 700 2986 άπερ
724 2899 779 2966 καί
801 2911 878 2987 νῦν,
900 2905 983 2989 πρὸς
1004 2913 1050 2992 τῷ
1074 2907 1198 2992 διαιτη-

186 3011 245 3087 τῇ,
281 3001 337 3068 καὶ
373 3015 525 3088 φανερῶς
556 3003 725 3072 ἐδείκνυτο
762 3015 865 3072 πᾶσιν
901 3008 949 3073 ὢν
981 3012 1096 3097 ἐνοχος
1129 3025 1200 3091 τοῖς

147 3123 172 3165 ⁸1
189 3105 449 3192 ἐγκεκλημένοις,
472 3109 667 3195 ἐμβάλλεται
689 3115 873 3197 μαρτυρίαν
895 3117 1018 3200 ψευδῆ,
1040 3116 1198 3204 κάπιγρά-

186 3236 282 3298 φεται
306 3214 472 3300 μάρτυρας
498 3215 699 3300 ἀνθρώπους
726 3217 784 3294 οὓς
811 3216 884 3284 οὐδ’
909 3219 995 3305 ὑμᾶς
1018 3221 1199 3309 ἀγνοήσειν

187 3323 316 3403 οἴομαι,
346 3319 404 3386 ἐάν
434 3320 613 3406 ἀκούσητε,
644 3322 821 3408 ’Διότιμος
849 3329 1012 3410 Διοτίμου
1031 3325 1198 3417 Ἰκαριεύς,

184 3421 398 3511 Ἀρχεβιάδης
419 3424 634 3511 Δημοτέλους
660 3425 825 3513 Ἁλαιεύς,
858 3430 1053 3517 Χαιρέτιμος
1084 3440 1197 3523 Χαιρι-

190 3531 309 3611 μένους
327 3535 458 3611 Πνθεὺς
476 3542 701 3620 μαρτυροῦσιν
719 3533 851 3601 ἀπιέναι
869 3535 933 3603 άπὸ
956 3539 1093 3607 δείπνου
1116 3544 1197 3626 μετὰ
