2658 3914
183 195 247 260 134
458 199 580 250 vam.
607 195 912 270 [Δωιοεοεαοαε]

179 360 433 442 φισβητοῦντες,
459 355 514 422 καὶ
537 360 598 443 ἔφη
621 363 742 444 χρῆναί
766 381 806 443 με
832 367 1033 444 περιμεῖναι,
1062 355 1124 433 ἕως
1146 355 1190 422 δν

179 463 215 528 οί
231 461 355 545 ἀγῶνες
372 461 542 547 γένωνται.
574 461 629 528 καὶ
648 461 721 548 έμοδ
738 459 864 548 ἀνάγκη
882 457 925 548 ήν
942 472 1044 528 ταῦτα
1061 480 1188 548 συγχω-

140 592 165 633 ιε
179 578 267 653 ρεῖν,
294 565 350 632 καί
377 570 599 655 συνεχώρησα.
640 569 721 653 μετά
749 564 786 635 δέ
812 579 914 635 ταῦτα
941 565 1188 653 ἐβουλευόμεθα

131 758 132 764 ¹
177 669 234 738 καί
261 670 325 755 ἐγὼ
352 672 409 739 καλ
436 673 549 741 οὑτοσὶ
573 672 840 761 Ὀλυμπιόδωρος
865 684 979 761 κοινή,
1001 674 1110 760 ὥσπερ
1132 671 1187 739 καὶ

178 779 369 864 ὠμόσαμεν,
405 780 521 846 ὅντινα
555 784 680 868 τρόπον
716 782 834 867 ἀριστα
868 778 924 846 καί
960 777 1187 866 ἀσφαλέστατα

176 888 425 970 προσοισόμεθα
451 889 533 972 πρὸς
558 890 636 964 τοὺς
663 886 961 972 ἀμφισβητοῦντας.
996 884 1052 951 καὶ
1073 883 1187 964 ἔδοξεν

176 985 305 1074 ήμῖνῶ
333 993 453 1077 ἀνδρες
480 993 648 1078 δικασταί,
673 991 807 1059 τουτονὶ
834 988 895 1077 μὲν
918 990 1188 1078 Ὀλυμπιόδωρον

176 1105 236 1162 τοῦ
258 1100 383 1184 κλήρου
402 1098 484 1165 ὅλου
502 1098 735 1184 ἀμφισβητεῖν,
758 1096 815 1183 ἐμὲ
838 1093 876 1164 δὲ
897 1109 958 1165 τοῦ
978 1098 1188 1183 ήμικληρίον,

177 1200 290 1288 ἐπειδή
317 1202 372 1269 καὶ
395 1205 587 1282 Κάλλιππος
614 1205 632 1272 6
655 1203 799 1290 ἀδελφὸς
825 1204 843 1271 6
872 1201 1031 1288 ἐμὸς-τοῦ
1052 1203 1188 1288 ἡμικλη·

138 1331 163 1373 ω
177 1311 253 1393 ρίου
275 1312 381 1394 μόνον
402 1307 628 1395 ἠμφεσβήτει(
647 1309 702 1376 καί
725 1309 838 1396 ἐπειδή
859 1309 1084 1396 ἀνεκρίθησαν
1106 1311 1188 1395 πρὸς

176 1421 221 1501 τῷ
245 1415 381 1500 ἀρχοντι
403 1416 526 1481 ἅπασαι
551 1416 590 1480 αλ
613 1414 872 1501 ἀμφισβητήσεις
897 1413 953 1482 καὶ
976 1417 1045 1482 ἔδει
1067 1413 1188 1498 ἀγωνί·

178 1521 291 1598 ζεσθαι
314 1519 351 1586 έν
373 1529 419 1608 τῷ
439 1522 650 1610 δικαστηρίῳ,
672 1520 896 1607 ἀπαράσκευοι
918 1517 1002 1606 ήμεν
1023 1523 1060 1587 τὸ
1083 1519 1188 1606 παρό-

176 1644 243 1689 παν
265 1628 348 1710 πρὸς
368 1629 406 1693 τὸ
428 1627 492 1710 ήδη
516 1625 737 1708 ἀγωνίζεσθαι
760 1626 824 1711 ἐγὼ
847 1625 903 1693 καί
921 1624 1188 1713 Ὀλυμπιόδωρος

177 1729 305 1815 οὑτοσί,
328 1733 383 1797 διά
405 1735 443 1799 τὸ
470 1730 626 1818 ἐξαίφνης
652 1730 910 1799 ἐπιπεπτωκέναι
934 1732 1016 1818 ἡμῖν
1043 1726 1188 1810 πολλοὺς

176 1837 255 1912 ταδς
283 1835 579 1923 ἀμφισβητοῦντας.
623 1837 659 1903 ἐκ
688 1833 725 1904 δέ
754 1850 821 1905 τῶν
849 1839 1068 1925 ὑπαρχόντων
1094 1838 1187 1905 έσκο-
1313 1859 1314 1892 ἐ

176 1951 303 2027 ποῦμεν
325 1953 438 2030 κοινή,
460 1950 495 2010 εῖ
511 1965 581 2022 πως
603 1939 751 2029 ἀναβολή
773 1969 822 2022 τις
844 1942 973 2030 γένοιτο
998 1944 1035 2010 έν
1056 1953 1103 2034 τῷ
1124 1936 1186 2010 ποι-

178 2051 282 2134 ρόντι,
304 2050 386 2116 ὥστε
404 2050 719 2136 παρασκευάσασθαι
736 2051 822 2136 ήμᾶς
839 2048 916 2116 καθ’
941 2050 1083 2137 ἡσυχίαν
1104 2053 1187 2136 πρὸς

138 2157 236 2221 ιιτὸν
259 2154 380 2239 ἀγῶνα.
420 2154 476 2222 καὶ
503 2157 584 2221 κατά
611 2157 715 2243 τύχην
741 2159 816 2222 τινὰ
842 2155 898 2222 καλ
925 2157 1067 2241 δαίμονα
1092 2156 1187 2241 ὑμεῖς
1312 2203 1313 2206 ¹

177 2260 349 2347 ἐπείσθητε
370 2261 436 2330 ὑπὸ
458 2273 525 2327 τῶν
549 2261 699 2348 ῥητόρων
721 2264 769 2339 είς
786 2260 1007 2348 Ἀκαρνανίαν
1029 2263 1185 2346 στρατιώ-

176 2391 234 2445 τας
262 2367 456 2453 ἐκπέμπειν,
488 2366 544 2433 καδ
573 2369 640 2434 ἔδει
668 2365 724 2434 καὶ
757 2365 891 2434 τουτονὶ
915 2363 1185 2451 ’Ὀλυμπιόδωρον
1195 2385 1263 2438 1174

177 2477 426 2560 στρατεύεσθαι,
447 2471 502 2540 καὶ
525 2471 626 2562 ᾳῖίχετο
645 2476 726 2559 μετὰ
748 2485 815 2539 τῶν
838 2474 948 2538 ἄλλων
971 2474 1185 2558 στρατευόμε-
1311 2507 1312 2519 ¹

176 2603 244 2657 νος.
278 2579 335 2646 καί
357 2583 583 2665 συνεβεβήκει,
605 2580 650 2657 ὡς
672 2577 808 2668 ᾠόμεθα
834 2580 943 2663 ήμεῖς,
970 2577 1052 2661 αὕτη
1073 2581 1185 2643 καλλί-

177 2703 237 2769 στη
260 2683 424 2771 ἀναβολή,
451 2687 594 2773 δημοσίᾳ
614 2687 736 2752 τούτου
758 2683 1009 2770 ἀποδημοῦντος
1031 2699 1185 2769 στρατευ-

137 2811 164 2854 ω
178 2789 309 2875 ομένου.
345 2791 458 2877 ἐπειδή
482 2790 511 2856 δ’
536 2791 644 2857 ἐκάλει
668 2791 686 2858 6
709 2793 820 2878 ἀρχων
843 2793 890 2868 είς
911 2792 949 2858 τὸ
972 2792 1185 2875 δικαστήριον

176 2899 321 2975 ἅπαντας
342 2901 419 2975 τοὺς
441 2896 730 2983 ἀμφισβητοῦντας
756 2898 839 2963 κατά
865 2899 925 2964 τὸν
950 2900 1074 2982 νόμον,
1095 2896 1184 2962 ὑπω-

176 3004 349 3089 μοσάμεθα
362 3003 455 3087 ήμεῖς
466 3001 601 3070 τουτονί
610 2999 880 3088 Ὀλυμπιόδωρον
896 3004 1039 3090 δημοσίᾳ
1051 3001 1183 3068 ἀπεῖναι

176 3113 445 3196 στρατευόμενον.
472 3107 699 3192 ὑπομοθέντος
708 3104 745 3172 δὲ
754 3108 886 3193 τούτου,
897 3104 1183 3192 ἀνθυπωμόσαντο

176 3216 212 3282 οί
232 3215 406 3299 ἀντίδικοι,
427 3212 483 3279 καί
501 3213 735 3297 διαβάλλοντες
748 3210 1018 3299 Ὀλυμπιόδωρον
1038 3219 1184 3298 τουτονί,

175 3320 308 3404 ὕστεροι
330 3319 424 3403 ήμῶν
447 3318 613 3402 λέγοντες,
641 3321 775 3383 ἔπεισαν
801 3319 880 3394 τοὺς
907 3319 1060 3396 δικαστάς
1080 3323 1183 3404 ψηφί-

176 3429 300 3489 σασθαι
322 3433 379 3506 τῆς
397 3424 491 3507 δίκης
508 3419 591 3488 ἕνεκ’
614 3420 745 3487 ἀπεῖναι
761 3431 881 3489 τοῦτον
899 3421 954 3487 καὶ
972 3423 1013 3489 οδ
1031 3426 1181 3512 δημοσίᾳ.

136 3545 162 3586 2⁶
175 3525 414 3611 ψηφισαμένων
445 3523 482 3592 δὲ
510 3537 619 3592 ταῦτα·
644 3537 711 3592 τῶν
741 3527 922 3610 δικαστῶν,
954 3526 1133 3614 διέγραψεν
1162 3528 1181 3594 6
