2658 3922
200 107 265 174 256
511 109 596 160 nvn.
622 107 901 160 Δωυιοεοευουε

202 263 251 334 ὧν
273 265 335 352 μέν
358 269 400 334 ἄν
422 290 473 346 τις
500 271 564 347 ζῶν
591 269 699 332 αἰτίαν
727 276 805 353 σχῆ,
832 268 962 333 δίκαιον
988 269 1066 343 τοὺς
1092 266 1231 342 παῖδας

200 373 263 458 τὴν
286 373 456 457 ἀειλογίαν
478 371 646 459 παρέχειν·
673 370 749 458 περὶ
778 366 826 436 ὧν
849 369 882 437 δ’
909 371 952 438 δν
974 369 1088 457 μηδεὶς
1110 371 1229 438 αὐτὸν

203 481 307 558 ζῶντα
328 479 593 564 καταιτιάσηται,
621 488 691 556 πῶς
719 477 760 544 ού
790 478 902 544 δεινὸν
931 479 964 543 εί
989 479 1068 555 τοὺς
1093 479 1229 554 παῖδας

201 585 220 650 ό
243 586 448 670 βουλόμενος
469 595 587 671 κρινεῖς
615 587 647 650 εί
671 580 733 668 μὲν
759 588 874 651 τοίνυν
901 581 976 670 περὶ
1001 585 1131 651 τούτων
1155 607 1226 668 μη·
1238 603 1287 653 13οι

201 689 271 767 δελς
300 679 412 775 λόγοςΙ
428 689 610 776 ἐξητάσθη,
641 693 751 774 δῶμεν
779 700 877 757 τοῦτο
906 688 1100 774 λεληθέναι·
1123 691 1158 754 εί
1183 687 1221 754 δ’

202 795 305 881 ἐδόθη
333 795 388 862 καὶ
416 799 655 884 διεψηφίσαντο
686 794 742 862 καὶ
769 793 873 881 μηδὲν
899 793 1055 884 ᾐτιάσατο
1081 797 1225 862 πώποτε

202 903 332 987 μηδείς,
362 914 432 980 πῶς
461 903 502 970 οὐ
532 905 667 980 δικαίως
696 901 739 968 ἀν
767 901 831 986 ἐγὼ
861 899 931 968 κατ’
958 901 1087 968 ἐκείνου
1112 899 1225 984 Ἀθη-

200 1018 294 1086 ναῖος
322 1015 413 1094 είην,
445 1011 506 1076 τὸν
538 1010 778 1094 τελευτήσαντα
809 1005 890 1094 πρὶν
920 1007 1224 1094 ἀμφισβητηθῆναι

151 1125 154 1132 “
200 1113 402 1199 τοῦγένους
425 1116 526 1205 αύτῷς
552 1115 597 1193 ὡς
620 1115 661 1200 δη
684 1111 774 1182 ταῦτ’
797 1113 908 1200 ἀληθῆ
927 1112 1024 1200 λέγω,
1046 1119 1137 1181 καλῶ
1160 1112 1223 1180 καὶ

200 1222 328 1286 τούτων
351 1221 527 1308 μάρτυρας.
901 1215 903 1219 ’

608 1360 810 1414 ΜΑΡΤΤΡΕΣ.

162 1501 188 1543 2⁸
259 1484 331 1550 Ἔτι
348 1489 465 1551 τοίνυν
481 1487 612 1551 παίδων
630 1485 718 1573 αύτῷ
737 1484 902 1571 τεττάρων
923 1482 1112 1571 γενομένων
1136 1486 1219 1570 ὁμο-

201 1593 347 1676 μητρίων
376 1588 449 1673 ἐμοὶ
476 1589 532 1656 καὶ
558 1591 841 1675 τελευτησάντων,
868 1593 975 1670 ἔθανε
1001 1592 1139 1669 τούτους
1167 1595 1218 1670 εἰς

201 1695 242 1760 τά
263 1703 399 1784 πατρῷα
422 1697 586 1782 μνῆματα,
609 1690 656 1762 ὧν
675 1694 811 1782 όσοιπέρ
835 1699 900 1762 είσι
921 1705 982 1764 τοῦ
1004 1695 1124 1782 γένους
1146 1721 1216 1765 κοι-

201 1810 383 1867 νωνοῦσιν·
406 1799 462 1867 καὶ
484 1803 612 1869 τούτων
634 1801 747 1880 οὐδεὶς
769 1802 830 1869 ούκ
853 1801 968 1870 ἀπεῖπε
990 1800 1130 1888 πώποτ’,
1153 1804 1215 1870 ούκ

202 1906 386 1992 ἐκώλυσεν,
419 1908 461 1974 ού
491 1909 587 1993 δίκην
617 1912 743 1996 ἔλαχεν.
790 1913 897 1976 καίτοι
926 1914 976 1987 τίς
1004 1913 1094 1975 ἐστιν
1125 1908 1215 1986 ὅστις

202 2013 244 2080 ἀν
273 2015 321 2092 είς
349 2015 389 2080 τὰ
418 2023 555 2105 πατρῷα
584 2018 736 2101 μνήματα
764 2018 842 2093 τοὺς
869 2012 972 2102 μηδὲν
996 2015 1034 2082 ἐν
1056 2013 1149 2100 γένει’
1166 2039 1213 2082 τι-

207 2118 306 2187 θέναι
329 2127 454 2200 είασενς
480 2121 525 2198 ὡς
546 2125 662 2188 τοίνυν
685 2119 740 2188 καὶ
762 2116 853 2188 ταῦτ’
881 2117 990 2206 ἀληθῆ
1014 2119 1111 2206 λέγω,
1133 2118 1212 2208 λαβὲ

202 2229 264 2312 τὴν
286 2228 480 2314 μαρτυρίαν.

614 2364 805 2420 ΜΑΡῙῪΡΙΔ.

163 2508 189 2550 ω
269 2488 355 2577 Περὶ
384 2487 446 2577 μὲν
474 2494 591 2557 τοίνυν
618 2499 679 2557 τοῦ
712 2492 852 2576 πατρὸς,
885 2491 929 2569 όις
953 2489 1131 2578 Ἀθηναϊος
1157 2490 1210 2580 ἦν,

203 2593 292 2662 ταῦτ’
320 2599 383 2681 ἐχω
407 2593 533 2682 λέγειν,
558 2593 615 2662 καὶ
637 2595 804 2682 μάρτυρας
825 2595 1033 2684 παρέσχημαι
1052 2602 1131 2677 τοὺς
1151 2599 1203 2666 ὑπ’

204 2701 316 2766 αὐτῶν
331 2701 460 2767 τούτων
478 2699 723 2788 ἐψηφισμένους
741 2697 827 2768 εἶναι
843 2706 990 2790 πολίτας,
1008 2718 1208 2793 μαρτυροῦν-

203 2829 262 2884 τας
283 2805 412 2873 ἐκεϊνον
435 2805 564 2885 ἑαυτοῖς
586 2807 725 2888 ἀνεψιὸν
748 2804 843 2874 εἶναι.
884 2813 1037 2895 φαίνεται
1059 2809 1096 2878 δέ
1117 2815 1209 2897 βιοὺς

205 2915 259 2997 ἐτη
288 2915 370 2978 τόσα
398 2910 454 2978 καὶ
482 2909 551 2978 τότ)
579 2912 722 2998 ἐνθάδε,
750 2913 806 2980 καὶ
835 2914 985 3000 οὐδαμοῦ
1012 2906 1142 2984 πώποθ’
1166 2920 1208 2998 ὡς

205 3017 298 3098 ξένος
320 3017 523 3103 ἐξετασθείς,
550 3017 634 3084 ἀλλὰ
656 3021 739 3105 πρὸς
764 3022 902 3099 τούτους
924 3023 1021 3101 όντας
1044 3037 1208 3108 συγγενεῖς
1291 3099 1292 3108 ³

205 3125 438 3211 καταφεύγων,
467 3120 560 3192 οὗτοι
583 3121 621 3191 δέ
643 3124 699 3190 καὶ
720 3128 980 3214 προσδεχόμενοι
1001 3127 1057 3195 καὶ
1078 3139 1134 3214 τῆς
1154 3133 1207 3198 ού·

166 3247 193 3290 το
206 3236 279 3308 σίας
300 3232 532 3317 μεταδιδόντες
555 3231 599 3309 όις
621 3230 730 3298 αὐτῶν
754 3229 815 3298 ἑνί.
853 3246 925 3312 τοῖς
944 3238 1077 3322 χρόνοις
1098 3240 1207 3304 τοίνυν

207 3337 294 3409 ούτω
313 3341 464 3424 φαίνεται
482 3339 638 3422 γεγονώς,
662 3333 741 3403 ὥστ’
762 3340 795 3404 εί
810 3337 866 3404 καὶ
883 3342 965 3406 κατά
981 3338 1095 3428 θάτερ’
1117 3342 1207 3422 ἀστὸς

207 3439 262 3528 ῆν,
284 3438 370 3510 εἶναι
390 3446 530 3529 πολίτην
555 3446 734 3527 προσήκειν
761 3444 878 3510 αύτόν·
905 3445 1042 3530 γε’γονεν
1064 3449 1126 3532 γάρ
1147 3453 1205 3534 πρὸ
