2654 3926
151 215 193 280 86
459 220 540 272 va.
567 219 846 274 ΔΗιιοΣοωαονΣ

111 396 137 438 ω
221 381 278 454 Τίς
300 376 342 442 ἀν
365 372 427 444 οὑν
453 374 537 465 ὑπὲρ
566 379 719 463 τοιαύτης
747 381 852 456 αἰτίας
875 373 900 444 ὦ
924 381 1043 465 ἄνδρες
1069 380 1161 445 δικα-

151 485 235 566 σταί,
257 489 350 569 εἰπερ
373 483 541 549 ἐπίστευεν
564 485 665 572 αὑτῶ,
688 484 750 550 οὐκ
768 483 899 563 ἐδέξατο
919 486 980 569 την
997 485 1161 570 βάσανονς

151 587 275 653 οὐκοῦν
297 597 342 675 τῷ
366 589 504 674 φεύγειν
525 590 587 672 τὴν
610 589 774 674 βάσανον,
801 589 1014 676 ὑφῃρημένος
1036 588 1160 673 ἐξελέγ-

149 716 248 778 χεται.
289 688 341 779 ἆρ’
374 688 437 758 οὑν
463 693 506 760 άν
532 693 612 777 ὑμίν
645 696 867 781 αἰσχυνθῆναι
894 697 988 761 δοκεῖ
1011 697 1073 780 τὴν
1099 705 1160 762 τοῦ

149 799 189 863 τὰ
210 801 318 883 ψευδῆ
342 809 521 886 μαρτυρεῖν
544 798 660 884 δόξαν,
683 801 701 867 ὁ
724 802 785 886 την
812 811 873 869 τοῦ
895 800 1033 886 κλέπτης
1054 809 1160 887 φανῆ-

148 928 205 968 ναι
227 905 272 988 μὴ
295 907 426 990 φυγώνς
450 903 471 988 ἢ
490 904 667 988 δεηθέντος
686 906 824 990 ὀκνῆσαι
845 908 885 974 τά
907 908 1014 991 ψευδῆ
1037 930 1160 993 μαρτυ·
1195 983 1197 988 ,

149 1021 232 1097 ρεϊν,
255 1010 291 1088 ὃς
314 1010 335 1076 ἀ
358 1009 472 1095 μηδεὶς
495 1006 615 1076 ἐκέλευ’
641 1009 820 1095 ἐθελοντὴς
841 1014 986 1099 πονηρὸς
1007 1008 1063 1096 ηνς

109 1139 135 1180 ω
216 1119 363 1193 Δικαίως
384 1120 500 1183 τοίνυν
524 1113 549 1181 ὦ
573 1118 693 1205 άνδρες
711 1115 885 1201 Ἀθηναῖοι
907 1120 1034 1185 τούτων
1057 1116 1160 1184 ἀπάν-

147 1243 214 1286 των
233 1223 314 1299 δοὺς
332 1220 374 1287 ἀν
393 1224 500 1306 δίκην,
522 1223 607 1287 πολὺ
628 1227 755 1307 μᾶλλον
773 1221 816 1288 δν
834 1225 968 1300 εἰκότως
985 1225 1041 1289 διδι
1058 1225 1160 1288 τάλλα
1252 1247 1253 1250 ’

147 1331 328 1411 κολασθείη
351 1324 428 1413 παρ’
455 1327 545 1411 ὑμίν.
583 1339 732 1394 σκοπεῖτε
756 1324 803 1411 δὲ,
827 1331 886 1396 τὸν
908 1332 984 1414 βίον
1007 1327 1047 1394 δν
1069 1331 1159 1413 βεβί-

148 1457 233 1498 ωκεν
260 1432 468 1513 ἐξετάζοντες.
510 1428 608 1510 οὗτος
638 1435 718 1520 γάρ,
750 1435 847 1518 ἡνίκα
874 1431 936 1520 μὲν
963 1433 1158 1519 συνέβαινεν

147 1539 297 1624 εὐτυχεῖν
311 1536 530 1628 Ἀριστολόχῳ
548 1547 593 1627 τῷ
612 1543 794 1627 τραπεζίτη,
813 1547 868 1606 ἰσα
886 1544 1012 1626 βαίνων
1031 1537 1155 1625 ἐβάδιζ’

147 1644 389 1721 ὑποπεπτωκὼς
412 1644 542 1734 ἐκείνφ,
565 1644 620 1710 καί
642 1645 732 1713 ταῦτ’
761 1653 850 1712 ἰσασι
876 1646 994 1712 πολλοὶ
1016 1656 1083 1714 τῶν
1106 1646 1158 1712 έν-

108 1747 226 1815 αθάδ
249 1752 355 1816 ὄντων
377 1751 481 1836 ὑμῶν.
519 1751 631 1836 ἐπειδὴ
651 1750 681 1817 δ’
702 1749 841 1818 ἀπώλετ’
867 1753 1068 1831 ἐκείνωςκαὶ
1091 1764 1157 1818 τῶν

147 1857 255 1921 όντων
278 1853 401 1941 ἐξέστη,
425 1858 485 1943 οὐχ
508 1855 620 1941 ἥκισθ’
647 1858 712 1925 ὑπὸ
739 1859 860 1924 τούτου
883 1857 1027 1924 καὶτῶν
1050 1860 1158 1924 τοιού-

146 1984 213 2028 των
246 1963 479 2049 διαφορηθείς,
509 1973 555 2052 τῷ
594 1960 655 2048 μὲν
672 1965 760 2030 «υἰεῑ
792 1973 837 2054 τῷ
874 1966 995 2031 τούτου
1025 1969 1158 2029 πολλῶν

145 2069 345 2152 πραγμάτων
367 2071 475 2134 όντων
498 2068 539 2134 ού
556 2068 699 2156 παρέστη
722 2071 864 2154 πώποτε,
887 2068 960 2136 οὐδ’
986 2067 1158 2157 ἐβοηθηά,

147 2170 219 2238 ἀλλ’
242 2170 413 2258 ’Λπόληξις
436 2173 490 2240 καί
513 2179 634 2241 Σόλων
662 2174 717 2241 καί
739 2177 859 2252 πάντες
881 2177 1056 2262 ἀνθρωττοι
1078 2181 1159 2260 μᾶλ-

146 2283 207 2344 λον
224 2284 404 2364 βοηθοῦσι·
424 2284 605 2366 Φορμίωνα
621 2277 658 2347 δὲ
674 2282 801 2363 [πάλιν]
817 2280 962 2369 ἑώρακεν
979 2279 1036 2347 καὶ
1052 2283 1158 2372 τούτῳ

146 2383 256 2468 γέγον’
283 2387 414 2471 οἰκεῖος,
438 2385 471 2465 ἐξ
491 2384 680 2471 Ἀθηναίων
708 2386 864 2453 ἁπάντων
887 2398 1007 2454 τοῦτον
1030 2385 1158 2465 ἐκλεξά-

146 2513 260 2574 μενος,
295 2490 350 2556 καὶ
380 2488 465 2578 ὑπὲρ
500 2494 621 2558 τούτου
657 2495 859 2578 πρεσβευτὴς
890 2490 950 2578 μδν
982 2487 1076 2581 ᾤχετ’
1111 2495 1234 2568 εἰςιιει

146 2596 330 2674 Βυζάντιον
356 2597 484 2681 πλέων,
510 2596 597 2682 ἡνίκ’
630 2598 751 2665 ἐκεῖνοι
778 2599 818 2665 τά
844 2605 944 2666 πλοῖα
970 2599 1010 2664 τά
1036 2601 1156 2664 τούτου

145 2700 316 2786 κατέσχον,
333 2704 394 2787 την
414 2700 452 2768 δὲ
471 2704 567 2788 δίκην
587 2707 700 2788 ἔλεγεν
717 2705 779 2788 την
797 2707 879 2790 πρὸς
895 2705 1157 2790 Καλχηδονίους,

145 2807 185 2872 τά
211 2808 318 2891 ψευδῆ
348 2805 379 2874 δ’
411 2807 493 2892 ἐμοῦ
525 2821 676 2897 φανερῶς
704 2811 790 2876 οὑτω
818 2811 1156 2896 καταμεμαρτύρηκεν.

107 2934 132 2974 ιι
147 2909 211 2979 εἶθ’
239 2913 275 2990 ὃς
302 2913 532 3000 εὐτυχούντων
564 2914 634 2982 ἐστὶ
665 2915 776 3000 κόλαξ,
807 2915 870 2981 κάν
902 2915 1060 3002 ἀτυχῶσι,
1090 2929 1156 2983 τῶν

145 3019 255 3085 αὐτῶν
277 3021 404 3085 τούτων
427 3022 606 3106 προδότης,
629 3019 684 3087 καί
707 3033 773 3086 τῶν
796 3017 857 3106 μέν
880 3011 990 3088 ἀλλων
1013 3029 1156 3091 πολιτῶν

144 3130 277 3190 πολλῶν
308 3122 364 3190 καὶ
394 3130 504 3190 καλῶν
536 3125 695 3209 κάγαθῶν
727 3127 834 3191 όντων
866 3125 984 3212 μηδενὶ
1015 3125 1091 3214 μηδ’
1122 3128 1156 3208 ἐξ

146 3239 220 3296 ἰσου
243 3240 378 3315 χρῆται,
407 3240 476 3306 τοῖς
506 3225 544 3295 δὲ
572 3232 735 3308 τοιούτοις
765 3230 942 3317 ἐθελοντὴς
971 3233 1158 3318 ὑποπίπτει,

144 3331 198 3400 καί
221 3331 294 3419 μήτ’
321 3341 356 3401 εἰ
372 3359 447 3401 τινα
469 3347 536 3402 τῶν
559 3338 690 3402 οἰκείων
718 3336 884 3421 ἀδικήσει,
912 3335 986 3423 μήτ’
1014 3341 1045 3404 εἰ
1069 3342 1157 3426 παρά

144 3451 212 3516 τοῖς
244 3441 356 3516 ἀλλοις
385 3442 517 3526 φαύλην
554 3439 655 3519 δόξαν
691 3441 756 3520 ἕξει
792 3451 894 3506 ταῦτα
926 3454 1048 3528 ποιῶν,
1079 3443 1152 3530 μήτ’

144 3546 225 3610 ἀλλο
249 3542 353 3629 μηδὲν
376 3557 502 3630 σκοπεῖ,
524 3548 612 3631 πλην
635 3547 722 3623 ὅπως
742 3545 846 3610 πλέον
869 3545 950 3632 ἕξει,
973 3559 1092 3615 τοῦτον
1115 3551 1157 3617 ού
