2654 3926
213 147 256 212 32
511 149 608 201 mn.
632 144 936 218 [ΔΗΜοΣοΕωουΣ]

659 359 771 411 ΑΔΛΗ.

324 492 482 570 Μαρτυρεῖ
510 485 654 570 συγγενής
690 481 765 548 εἶναι
792 483 840 546 καί
865 486 979 569 φράτηρ
1011 483 1063 547 καί
1091 484 1224 564 δημότης

252 583 356 672 Ἁγνίᾳ
378 585 427 648 καί
445 584 632 666 Εὐβουλίδῃ,
655 582 705 644 καί
727 582 848 645 ἀκούειν
870 591 923 644 τοῦ
945 581 1054 662 πατρὸς
1075 591 1128 643 τοῦ
1152 580 1224 644 έαυ-
1306 610 1309 619 ⁴

258 693 317 745 τῶν
334 683 385 745 καί
402 692 461 745 τῶν
479 680 576 744 άλλων
595 689 756 763 συγγενῶν,
779 679 823 741 ὁτι
840 677 967 757 άδελφὸς
986 677 1086 752 οὐδεὶς
1109 676 1224 760 ἐγένετο
1308 677 1316 729 ί

257 778 415 859 Πολέμωνι
441 784 482 866 τῷ
511 777 598 859 πατρί
626 782 666 863 τῷ
688 773 826 858 Ἁγνίου,
853 773 967 854 ἀδελφή
997 769 1025 836 δ’
1058 772 1225 857 ὁμοπατρία
1306 799 1315 848 ο

257 876 307 938 καί
338 875 500 958 ὁμομητρία
534 874 695 955 Φυλομάχη
722 870 742 952 ἡ
770 873 864 953 μήτηρ
895 869 915 951 ἡ
946 871 1138 952 Εὐβουλίδου
1168 883 1224 935 τοῦ
1307 906 1311 937 ,-

257 973 366 1054 πατρὸς
387 981 441 1035 τοῦ
466 972 643 1052 Φυλομάχης
664 979 717 1050 τῆς
738 967 898 1032 Σωσιθέου
920 970 1069 1051 γυναικός.

662 1186 775 1238 ΑΛΛΗ.

324 1320 486 1396 Μαρτυρεῖ
502 1316 626 1378 πάππον
644 1308 719 1376 είναι
741 1313 848 1376 ἑαυτοῦ
867 1308 1041 1394 Ἀρχίμαχον
1062 1312 1113 1374 καί
1134 1315 1224 1393 ποιή-
1315 1363 1316 1366 ¹

259 1419 370 1476 σασθαι
391 1412 500 1476 ἑαυτὸν
521 1413 604 1492 υίόν,
630 1410 680 1472 καί
702 1406 779 1473 εἶναι
801 1409 891 1472 αὐτὸν
915 1419 1042 1491 συγγενῆ
1065 1408 1223 1489 Πολέμωνι
1314 1442 1316 1478 τ

259 1513 299 1594 τῷ
325 1506 412 1589 πατρί
438 1511 478 1593 τῷ
499 1503 638 1589 Ἁγνίου,
667 1507 717 1570 καί
743 1507 863 1570 άνοάειν
884 1502 1059 1590 Ἀρχιμάχου
1087 1507 1135 1569 καί
1161 1517 1223 1570 τῶν
1313 1565 1316 1582 ,

260 1603 356 1682 άλλων
379 1613 539 1687 συγγενῶν,
561 1605 604 1667 ὅτι
627 1604 754 1685 ἀδελφὸς
776 1604 874 1678 οὐδείς
895 1601 1007 1667 πώποτ’
1029 1602 1139 1686 ἐγένετο
1157 1609 1224 1668 Πο-
1314 1653 1316 1686 r

260 1702 368 1783 λέμωνι
389 1707 429 1788 τῷ
456 1702 543 1783 πατρί
569 1707 610 1789 τῷ
627 1698 761 1785 Ἁγνίου,
789 1700 902 1780 άδελφή
934 1697 962 1763 δ’
987 1699 1151 1784 ὁμοπατρία
1173 1703 1225 1764 καὶ
1315 1735 1316 1776 ;

260 1799 422 1880 ὁμομητρία
447 1799 608 1880 Φυλομάχη
630 1797 650 1879 ἡ
674 1800 768 1881 μήτηρ
785 1797 805 1880 ή
824 1799 1016 1880 Εὐβουλίδου
1039 1809 1092 1862 τοῦ
1114 1801 1225 1881 πατρὸς
1315 1785 1316 1794 ¹

260 1907 313 1960 τοῦ
338 1896 515 1978 Φυλομάχης
537 1905 588 1976 τής
610 1894 769 1959 Σωσιθέου
792 1896 940 1979 γυναικός.

661 2115 773 2168 ΔΔΛΗ.

327 2244 489 2323 Μαρτυρεῖ
501 2239 552 2303 τὸν
569 2240 679 2322 πατέρα
696 2250 748 2321 τής
761 2239 868 2303 ἑαυτοῦ
885 2239 1026 2323 γ-υναικὸς
1043 2242 1223 2322 Καλλίστρα-

261 2361 312 2401 τον
339 2337 466 2418 ἀνεψιὸν
494 2331 569 2400 είναι
597 2337 629 2399 έν
654 2336 869 2419 πατραδέλφων
890 2336 1046 2416 Πολέμωνι
1068 2342 1108 2423 τῷ
1135 2339 1223 2420 πατρί

262 2439 301 2520 τῷ
319 2430 440 2517 Ἁγνίου
463 2434 512 2496 καί
536 2435 700 2520 Χαριδήμῳ
722 2439 762 2521 τῷ
784 2434 871 2515 πατρί
892 2440 932 2521 τῷ
957 2434 1147 2514 Θεοπόμπου,
1169 2435 1224 2514 τήν

263 2529 295 2593 δὲ
322 2530 432 2617 μητέρα
458 2531 512 2610 τήν
541 2530 648 2594 έαντοῦ
675 2531 803 2612 ἀνεψιοῦ
832 2532 926 2593 παῖδα
953 2525 1029 2594 είναι
1055 2531 1224 2611 Πολέμωνι,

261 2627 311 2689 καί
333 2627 427 2710 λέγειν
449 2627 504 2706 τήν
526 2627 706 2709 μητέρατὴν
729 2627 827 2690 αδτῶν
848 2626 921 2708 πρὸς
944 2626 1051 2701 αὸτοδς
1072 2632 1224 2710 πολλάκις,
1235 2648 1303 2698 1062

264 2725 306 2787 δτι
331 2727 492 2806 Φυλομάχη
515 2722 535 2804 ή
559 2725 653 2805 μήτηρ
675 2722 695 2804 ἡ
718 2725 910 2806 Εὐβουλίδου
934 2723 1048 2803 ἀδελφή
1071 2717 1110 2805 ήν
1128 2727 1224 2790 Πολέ-

263 2847 361 2902 μωνος
383 2821 563 2905 τοῦπατρὸς
585 2831 638 2884 τοῦ
655 2817 775 2905 Ἁγνίου
794 2819 957 2903 ὁμοπατρία
978 2821 1028 2884 καί
1051 2820 1223 2904 ὁμομητρία,

262 2920 312 2982 καί
344 2921 387 2983 δτι
419 2918 546 2999 ἀδελφὸς
577 2918 675 2993 οὐδείς
704 2918 822 2982 πώποτε
852 2917 965 3002 γένοιτο
995 2917 1153 2999 Πολέμωνι
1184 2928 1224 3009 τῷ

262 3016 350 3098 πατρί
371 3021 411 3103 τῷ
429 3013 514 3099 Ἁγνί
551 3066 557 3081 .

179 3189 205 3229 τε
290 3158 334 3222 Τὸ
362 3158 523 3242 πρότερον
550 3149 576 3219 ὦ
605 3155 723 3239 ἄνδρες
750 3156 915 3240 δικασταί,
943 3154 997 3220 ὅτε
1025 3155 1224 3239 συνώμοσαν

220 3261 374 3342 ἀλλήλοις
396 3256 488 3326 οὗτοι
515 3259 570 3326 καί
592 3260 768 3337 συστάντες
796 3261 996 3344 ἠγωνίζοντο
1022 3259 1140 3325 πολλοὶ
1168 3263 1224 3327 δν-

218 3389 271 3443 τες
293 3369 375 3451 πρὸς
400 3368 461 3451 τήν
488 3378 644 3450 γυναῖκα,
670 3365 764 3450 ἡμεῖς
790 3363 852 3451 μέν
880 3363 1047 3452 ὦάνδρες
1074 3367 1225 3434 δικασταί

220 3471 295 3536 οὔτε
320 3474 500 3557 μαρτυρίας
526 3471 714 3557 ἐγράψαμεν
740 3468 816 3558 περὶ
841 3483 908 3538 τῶν
936 3471 1225 3558 ὁμολογουμένων,
