2658 3914
477 161 576 214 ΠΡΟΣ
594 162 808 216 nomm
1085 161 1148 228 173

138 318 348 404 καλουμένου
375 317 416 386 δέ
439 344 504 405 μου
531 331 650 407 ταῦτα,
677 321 874 410 ἀπεκρίνατό
897 346 954 408 μοι
977 324 1028 390 ὅτι
1050 319 1151 390 οὐδέν

139 424 230 512 αὐτῷ
253 424 347 509 μέλοι
375 420 423 492 ὧν
445 425 583 511 λέγοιμι.
619 427 656 494 ἐν
679 425 717 494 δὲ
743 429 850 520 τούτςο
877 427 1040 516 ὑπηρέτης
1061 430 1151 515 ἥκων

138 531 228 618 παρά
250 541 312 598 τοῦ
334 543 518 619 στρατηγοῦ
541 530 615 618 ἐμοὶ
637 536 864 621 παρήγγελλεν
887 534 1087 620 ἀνάγεσθαι,
1110 534 1151 601 ού

138 638 245 728 τούτῳ
262 646 308 726 τῷ
328 639 485 729 διαδόχῳ,
508 634 549 705 οὑ
567 638 588 723 ἡ
607 644 788 727 λῃτουργία
804 643 869 725 ἤδη
892 640 1053 726 ἐγίγνετο·
1076 642 1152 710 τού-

138 766 199 809 του
223 737 261 808 δὲ
286 745 325 810 τὸ
353 750 461 812 αίτιου
488 743 553 828 ἐγὼ
579 745 665 830 ὑμᾶς
691 749 868 832 προϊόντος
892 758 954 816 τοῦ
977 751 1080 831 λόγον
1102 749 1152 814 δι·

139 847 237 928 δάξω.
273 850 346 915 τότε
374 845 436 934 μὲν
463 844 526 915 οὖν
554 873 610 935 μοι
637 848 745 916 ἐδόκει
773 850 958 935 ἀνάγεσθαι
979 851 1034 918 καὶ
1057 856 1152 920 πλεῦν

98 976 125 1020 τι
139 946 176 1021 οἷ
195 952 361 1022 ἐκέλευεν·
389 954 502 1040 ἐπειδὴ
531 951 569 1020 δὲ
595 954 800 1022 κατέπλευσα
826 956 927 1022 πάλιν
957 959 1005 1036 είς
1027 958 1151 1043 Θάσον,

138 1059 278 1138 ἑλκύσας
299 1061 340 1127 τά
362 1067 463 1128 πλοία
484 1063 532 1138 είς
549 1062 721 1148 Στρύμην,
743 1053 780 1128 οἷ
798 1061 999 1149 προσέταξεν
1017 1065 1035 1131 ὁ
1055 1080 1228 1151 atqu-121⁷

137 1169 247 1252 τηγός,
269 1167 427 1244 κελεύσας
443 1168 522 1244 τοὺς
539 1167 662 1244 ναύτας
679 1166 716 1234 ἐν
734 1176 773 1254 τῇ
791 1164 848 1252 νηὶ
866 1167 979 1252 μένειν
996 1165 1052 1234 καί
1073 1171 1151 1247 τοὺς

138 1272 293 1358 ἐπιβάτας
318 1270 374 1340 καὶ
403 1273 466 1358 την
494 1273 695 1358 ὑπηρεσίαν,
724 1271 821 1357 ἐκβὰς
849 1272 947 1350 αὑτὸς
968 1275 1151 1360 πορεύομαι

138 1378 191 1446 έπὶ
218 1382 279 1465 τὴν
306 1381 416 1446 οίκίαν
442 1373 484 1446 οὑ
509 1380 667 1462 κατήγετο
700 1381 887 1465 Τιμόμαχος
914 1378 932 1445 ὑ
961 1381 1151 1466 στρατηγός,

137 1490 341 1570 βουλόμενος
366 1482 522 1552 κάκείνον
549 1483 702 1552 ἐναντίον
727 1485 951 1572 παραδιδόναι
976 1484 1039 1569 την
1065 1494 1151 1552 ναῦν

96 1611 123 1653 τε
138 1597 310 1659 Πολυκλεῖ
333 1590 455 1681 τουτῳὶ
480 1594 599 1678 πλήρη,
643 1590 884 1676 καταλαμβάνω
912 1585 974 1656 οὑν
997 1588 1053 1656 καί
1074 1600 1151 1658 τοῦ·

138 1721 198 1763 τον
216 1697 284 1764 ἐκεῖ
302 1695 358 1764 καὶ
379 1700 458 1776 τοὺς
479 1697 699 1785 τριηράρχους
715 1695 771 1766 καὶ
793 1699 872 1775 τοὺς
894 1698 1073 1783 διαδόχους
1094 1693 1150 1762 καὶ

138 1807 260 1882 ἄλλους
281 1804 372 1883 τινάς
392 1816 459 1871 τῶν
481 1810 643 1890 πολιτῶν,
664 1800 721 1870 καὶ
743 1804 906 1870 είσελδὼν
928 1803 1033 1881 εύθὺς
1054 1802 1149 1870 ἐναν-

137 1915 210 1979 τίον
227 1921 288 1978 τοῦ
306 1920 493 1998 στρατηγοῦ
511 1913 632 1995 λόγους
649 1911 731 1996 πρὸς
753 1909 856 1976 αὐτὸν
879 1908 1072 1995 ἐποιούμην,
1093 1909 1150 1978 καὶ

137 2017 255 2104 ἠξίουν
273 2017 375 2084 αὑτὸν
392 2019 454 2102 τήν
471 2039 506 2083 τε
525 2025 611 2083 ναῦν
630 2039 687 2101 μοι
704 2016 989 2103 παραλαμβάνειν,
1010 2013 1067 2082 καὶ
1088 2026 1149 2086 τοῦ

138 2120 512 2209 ἐπιτετριηραρχημένου
538 2123 663 2207 χρόνου
693 2119 893 2188 ἀποδιδόναι
919 2145 975 2206 μοι
1003 2119 1149 2188 τάναλά-

139 2237 244 2313 ματα,
274 2224 329 2294 καὶ
356 2224 432 2312 περὶ
460 2235 528 2291 τῶν
557 2236 686 2292 σκευῶν
714 2226 851 2312 ἠρώτων
878 2226 1000 2311 αὑτόν,
1028 2229 1149 2314 πότερα

138 2334 368 2420 παραλήψεται
395 2330 417 2417 ἢ
447 2331 517 2397 ίδια
546 2331 647 2414 σκεύη
676 2333 761 2418 ἔχων
789 2332 865 2416 ἥκοι
891 2329 945 2398 ἐπὶ
971 2331 1032 2416 την
1054 2343 1148 2399 ναῦν.

97 2456 125 2498 ⁸4
138 2449 242 2507 ταῦτα
272 2435 313 2504 δέ
336 2461 401 2523 μου
427 2435 702 2524 προκαλουμένου
724 2437 842 2521 αὑτόν,
868 2438 979 2524 ηράτα
1000 2461 1041 2522 με
1063 2439 1150 2505 διότι

139 2546 241 2629 σκεύη
263 2567 298 2612 τε
322 2545 391 2610 ίδια
413 2546 516 2628 μόνος
544 2544 651 2630 ἔχοιμι
673 2553 740 2609 τῶν
761 2544 985 2630 τριηράρχων,
1013 2541 1069 2610 καὶ
1091 2549 1149 2612 πό

138 2675 217 2739 τερα
233 2649 254 2736 ἡ
272 2653 369 2728 πόλις
385 2649 448 2717 οὑκ
464 2650 567 2732 είδείη
584 2649 678 2726 τινάς
694 2648 901 2733 δυναμένους
923 2651 1023 2735 σκεύη
1044 2671 1149 2739 παρα-

140 2767 231 2844 σχείν
252 2767 324 2834 ταῖς
344 2759 478 2840 ναυσίν,
499 2755 583 2821 ὥστε
607 2754 689 2840 αὑτὴ
707 2756 752 2841 μη
770 2755 933 2843 παρέχειν.
970 2755 1008 2842 ’ἢ
1031 2759 1072 2823 σὺ
1094 2781 1149 2824 το-

139 2861 276 2930 σοῦτον’
300 2862 362 2948 ἔφη
385 2859 645 2947 (ὑπερπέπαικας
662 2861 794 2952 πλούτῳ
811 2863 890 2939 τοὺς
912 2863 1043 2947 άλλους,
1065 2863 1148 2930 ὥστε

138 2965 194 3034 καὶ
222 2968 322 3051 σκεύη
349 2967 419 3033 ίδια
446 2969 533 3054 ἔχειν
560 2965 617 3034 καὶ
641 2968 769 3053 κόσμον
794 2971 1025 3054 χρυσόπαστον
1047 2973 1149 3054 μόνος

98 3084 206 3140 εῡτῦν
233 3073 454 3160 τριηράρχους
485 3075 536 3150 τίς
564 3071 607 3140 δν
630 3067 693 3139 οὑν
715 3071 863 3140 δύναιτ”
893 3078 956 3162 ἐφη
986 3075 1062 3160 ετην
1085 3079 1148 3163 σην

139 3183 261 3264 μανίαν
282 3176 339 3247 καὶ
361 3176 577 3246 πολυτέλειαν
598 3180 793 3266 ὑπομείναι,
816 3179 1064 3268 διεφθαρμένον
1086 3180 1148 3268 μέν

137 3287 299 3373 πλήρωμα
319 3283 376 3352 καὶ
393 3287 514 3362 εἰωθὸς
532 3284 693 3373 ἀργύριον
714 3289 800 3355 πολὺ
822 3287 1070 3374 προλαμβάνειν
1090 3287 1147 3356 καὶ

137 3390 285 3470 ἀτελείας
301 3391 395 3476 ἄγειν
412 3404 479 3458 τῶν
496 3391 722 3478 νομιζομένων
745 3391 782 3459 ἐν
804 3402 844 3480 τῇ
861 3390 918 3478 νηὶ
940 3397 1146 3480 λῃτουργιῶν

137 3493 192 3564 κάὶ
215 3501 359 3564 λοῦσθαι
381 3496 418 3564 ἐν
441 3500 621 3587 βαλανείῳ,
642 3509 835 3586 τρυφῶντας
858 3494 889 3565 δ’
916 3497 1070 3583 ἐπιβάτας
1090 3496 1146 3563 καὶ
