2658 3914
286 207 374 257 nm
391 205 466 258 νον
484 207 589 259 ντες.
608 207 683 258 ΤΗΣ
700 207 947 260 mmm.
1057 203 1121 271 185

111 364 155 430 ἂν
182 358 226 448 ήν
257 365 385 431 δεινόν·
414 375 480 432 νῦν
513 359 545 432 δ’
578 362 651 432 οὐδ’
685 365 920 433 ὁποιαντινοῦν
948 387 1000 433 πω
1030 370 1123 451 μεμί·

112 476 263 537 σθωνται
288 469 365 556 περὶ
392 481 453 538 τοῦ
474 475 627 549 πλείονος
649 470 883 556 ἀντιλέγοντες.
925 475 1033 539 καίτοι
1054 482 1124 549 πῶς

111 577 176 642 είοι
200 577 323 643 δίκαιον
345 586 447 644 ταῦτα
469 572 530 662 μὲν
552 577 693 664 ὕστερον
720 576 979 664 ἐξαναπληροῦν,
1001 587 1065 643 νῦν
1088 573 1120 642 δ’

110 683 156 758 ώς
177 692 303 768 πρῶτοι
324 683 652 768 παρασκευασάμενοι
673 685 733 750 τδν
755 682 919 768 στέφανον
942 687 1071 769 λαβεῖν;

83 807 96 847 ε
176 785 343 872 Ἢγοῦμαι
364 792 495 873 τοίνυν,
523 789 574 854 δτι
600 785 662 874 μὲν
690 787 866 856 δικαιότατ’
893 788 936 854 δν
959 791 1125 875 στεφανώ-

110 889 196 958 σαιτ’
224 891 291 978 ἐμέ,
312 893 376 960 κάν
399 890 504 978 μηδὲν
528 895 680 971 εἰπόντος
701 892 784 979 ἐμοῦ
805 895 1003 978 γιγνώσκειν
1026 896 1203 980 ὑμᾶςῚεοο

110 999 163 1064 ὅτι
187 996 218 1064 δ’
245 999 287 1065 οὐ
315 997 444 1084 με’τεοτι
471 1002 587 1084 μόνοις
609 1001 743 1076 τούτοις
768 997 846 1084 περὶ
871 1010 932 1066 τοῦ
959 1001 1125 1086 στεφάνου

12 1087 14 1096 ’
110 1107 228 1188 λόγος,
258 1101 347 1171 τοῦτ’
384 1103 543 1184 ἐπιδεῖξαι
574 1105 746 1189 βούλομαι.
795 1106 903 1170 πόθεν
935 1100 998 1171 οὖν
1028 1116 1125 1172 τοῦτο

112 1206 240 1294 μάλιστ’
268 1212 360 1276 ἔσται
387 1211 505 1294 δήλον;
534 1206 592 1294 ἀφ’
619 1204 667 1275 ὧν
694 1207 790 1276 αὐτοὶ
816 1211 1026 1294 πεποιήκασι·
1055 1227 1126 1276 σκε-

111 1316 255 1400 ψάμενοι
272 1316 336 1401 γάρ
354 1317 413 1381 τὸν
432 1314 466 1393 ἐξ
486 1315 659 1401 ἐλαχίστου
677 1325 891 1401 τριηραρχεῖν
907 1318 1127 1402 βουλόμενον,

111 1423 343 1506 μεμισθώκασι
364 1422 426 1505 τήν
448 1425 658 1508 λητουργίαν.
694 1424 802 1487 καίτοι
829 1430 899 1498 πῶς
925 1421 986 1487 οὐκ
1009 1423 1126 1488 άδικον

111 1537 179 1592 τῶν
204 1523 268 1612 μὲν
295 1526 520 1612 ἀναλωμάτων
547 1524 784 1612 ἀφεστηκέναι,
815 1536 882 1592 τών
910 1521 948 1592 δὲ
973 1526 1125 1612 γιγνομέ-

111 1656 183 1698 νων
202 1630 247 1699 δι’
271 1632 381 1698 ἐκεῖνα
397 1643 503 1718 τιμῶν
521 1631 638 1711 άξιοῦν
656 1629 785 1710 ἑαυτοῖς
807 1643 966 1718 μετεῖναις
988 1631 1044 1700 καὶ
1065 1644 1126 1700 τοῦ

111 1734 173 1823 μὲν
196 1740 241 1823 μή
263 1743 474 1825 περιορμίσαι
495 1740 557 1824 τήν
579 1748 666 1806 ναῦν
693 1742 765 1807 τότε
788 1741 851 1806 τὸν
872 1738 1126 1826 μεμισθωμένον

111 1846 295 1928 αἰτιᾶσθαι,
316 1856 383 1911 τῶν
407 1841 445 1913 δὲ
470 1849 578 1922 καλῶς
605 1843 894 1930 δεδιακονημένων
920 1854 985 1912 νῦν
1013 1847 1126 1924 αὐτοῖς

83 1951 260 2016 εκελεάειν
283 1951 380 2036 χάριν
402 1950 488 2036 ὑμᾶς
510 1953 612 2036 ἔχωνς
636 1952 691 2016 δεῖ
708 1954 823 2017 τοίνυν
845 1951 932 2036 ὑμᾶς
955 1946 981 2016 δν
1007 1952 1126 2038 ἄνδρες

108 2052 301 2140 Ἀθηναῖοι,
331 2057 375 2140 μή
404 2058 510 2140 μόνον
540 2054 577 2121 ἐκ
603 2057 731 2122 τοῦτον
758 2068 894 2123 σκοπεῖν
922 2057 1125 2140 τὸδίκαιον,

69 2193 76 2210 ·
111 2160 197 2227 ἀλλὰ
219 2157 275 2224 καὶ
297 2158 330 2238 ἐξ
354 2155 410 2238 ὧν,
424 2156 519 2226 αὐτοὶ
540 2163 703 2246 πρότερον
729 2163 926 2246 πεποιήκατε
956 2162 1057 2226 ταῦτὰ
1079 2184 1125 2226 τι-

111 2276 183 2332 νών
207 2263 480 2349 διαπραξαμένων
499 2265 638 2341 τούτοις.
674 2265 728 2332 ὅτε
751 2266 814 2350 γάρ
838 2274 878 2351 τή
900 2269 1066 2354 ναυμαχία
1087 2275 1126 2352 τῇ

111 2372 197 2458 πρὸς
209 2367 427 2454 Ἀλέξανδρον
444 2368 631 2454 ἐνικήθητε,
651 2372 723 2436 τότε
745 2381 811 2436 τῶν
826 2369 1035 2456 τριηράρχων
1051 2373 1128 2450 τοὺς

113 2478 365 2562 μεμισθωκότας
390 2476 449 2552 τάς
474 2479 685 2562 τριηραρχίας
712 2477 923 2554 αἰτιωτάτους
950 2485 1010 2542 τοῦ
1036 2499 1127 2561 γεγε-

113 2582 259 2668 νημένου
286 2583 490 2666 νομίζοντες,
516 2578 719 2666 παρεδώκατ’
751 2583 799 2660 είς
824 2583 862 2648 τὸ
891 2584 1127 2669 δεσμωτήριον,

114 2691 486 2775 καταχειροτονήσαντες
503 2685 751 2773 προδεδωκέναι
769 2689 828 2766 τάς
844 2697 927 2766 ναῦς
943 2686 999 2754 καί
1022 2694 1127 2757 λελοι-

89 2793 211 2861 οπέναι
233 2796 295 2879 τήν
317 2793 419 2873 τάξιν.
460 2791 516 2860 καὶ
536 2797 712 2881 κατηγόρει
739 2789 801 2880 μὲν
819 2792 1039 2880 Ἀριστοφῶν,
1061 2795 1127 2862 ἐδι-

115 2903 223 2980 κάζετε
238 2898 268 2966 δ’
285 2899 392 2985 ὑμεῖς·
411 2902 443 2966 εί
459 2897 497 2967 δὲ
518 2901 562 2985 μή
582 2898 803 2987 μετριωτέραν
821 2902 930 2986 ἔσχετε
948 2902 1010 2985 τήν
1023 2900 1127 2988 ὀργήν

115 3017 172 3092 τῆς
195 3006 332 3074 ἐκείνων
353 3010 532 3092 πονηρίας,
561 3002 662 3072 οὐδὲν
692 3005 734 3072 δν
764 3005 885 3083 αὐτοὺς
912 3006 1056 3072 ἐκώλυεν
1077 3030 1127 3082 τε-

114 3113 249 3179 θνάναι.
284 3112 385 3177 ταύτά
402 3117 517 3178 τοίνυν
539 3113 662 3189 είδότες
684 3107 777 3178 οὗτοι
794 3110 993 3197 πεπραγμέν’
1016 3113 1128 3192 αὑτοῖς

116 3217 170 3284 καὶ
184 3218 333 3302 ἐκείνοις,
353 3216 427 3303 οὐχὶ
445 3222 640 3303 φρίττουσιν
659 3217 696 3284 ἐν
713 3218 794 3303 ὑμῖν
807 3214 890 3302 ὑπὲρ
905 3211 952 3284 ών
970 3222 1128 3305 προσήκει

116 3331 239 3390 παθεῖν
271 3324 407 3406 αὐτούς,
443 3323 527 3389 ἀλλὰ
563 3325 790 3411 δημηγοροῦσι
826 3321 897 3389 κατ’
931 3324 1041 3389 άλλων
1072 3322 1128 3388 καλ

117 3438 305 3515 στεφανοῦν
327 3430 522 3496 κελεύουσιν
549 3426 693 3506 ἑαυτούς.
735 3433 841 3495 καίτοι
869 3427 1037 3506 σκέψασθε
1060 3425 1123 3493 τίν’

116 3537 159 3605 ἄν
189 3557 269 3602 ποτε
302 3533 430 3613 δόξαιτε
462 3538 706 3619 βεβουλεῦσθαι
741 3537 881 3618 τρόπον,
917 3535 949 3597 εί
979 3532 1036 3597 διά
1065 3532 1127 3613 τήν
1219 3623 1221 3627 Ι
