2658 3922
203 160 270 228 234
481 115 483 120 ⁵
514 161 583 214 m
609 157 914 230 [ΔΗωοεοεαοωε]

205 324 317 402 ζουσιν
337 318 471 407 ἑτέροις,
494 319 601 388 ἐκεῖνο
619 317 681 405 μέν
699 330 812 404 σαφῶς
831 315 967 403 εἰδέναι,
989 317 1040 384 δτι
1062 316 1081 384 ὁ
1106 317 1224 384 δανει-

205 431 338 513 ζόμενος
357 425 393 493 ἐν
411 424 510 492 παντὶ
533 423 666 513 προέχει
683 425 788 510 ήμῶν.
832 425 944 510 λαβὼν
966 423 1030 512 γὰρ
1053 421 1224 510 όργόριον

203 533 352 620 φανερὸν
379 529 435 599 καὶ
461 531 748 617 ὁμολογούμενον,
779 529 818 597 ἐν
844 531 1089 621 γραμματειδίῳ
1117 531 1224 596 δυοῖν

203 643 340 726 χαλκοῖν
362 635 540 730 ἐωνημένῳ
557 635 614 704 καλ
631 638 795 726 βυβλιδίῳ
812 637 1031 726 μικρῳποίνυ
1053 636 1114 721 τήν
1136 636 1224 720 ὁμο-

204 747 323 828 λογίαν
345 741 557 811 καταλέλοιπε
584 753 645 813 τοῦ
667 745 819 828 ποιήσειν
840 743 881 809 τὰ
904 743 1024 809 δίκαια.
1064 742 1158 827 ἡμεῖς
1182 737 1217 807 δ’

204 849 247 916 οὐ
268 845 378 936 ῳαμὺν
397 851 530 933 δώσειν,
552 845 625 915 ἀλλ’
647 849 752 926 εὑθὺς
774 857 819 938 τῳ
840 844 1058 939 δανειζομένῳ
1077 848 1221 932 δίδομεν

178 958 242 1022 ττὸ
265 954 437 1043 ἀργύριον.
473 964 519 1045 τῷ
544 949 607 1023 οὑν
629 950 707 1022 ποτέ
734 954 944 1031 πιστεύοντες
964 950 1019 1019 καὶ
1041 957 1077 1020 τί
1096 956 1220 1039 λαβόν-

203 1084 256 1140 τες
283 1063 322 1129 τὸ
351 1061 489 1150 βέβαιον
518 1059 714 1149 προῖέμεθας
753 1060 831 1145 ὑμῖν
861 1055 888 1126 ὦ
917 1061 1037 1146 ἄνδρες
1066 1056 1220 1126 δικασταὶ

204 1165 259 1233 καλ
281 1179 352 1246 τοῖς
373 1173 491 1254 νόμοις
512 1178 582 1245 τοῖς
603 1164 785 1252 ὑμετέροις,
808 1169 844 1232 οἳ
862 1166 1067 1250 κελεύουσιν,
1089 1164 1152 1230 όσα
1175 1165 1220 1231 ἄν

204 1298 253 1352 τις
275 1271 361 1340 ἑκὼν
384 1272 494 1362 ἕτερος
520 1271 620 1364 ἑτέρῳ
647 1274 855 1360 ὁμολογήσῃ,
881 1272 980 1357 κύρια
1002 1265 1097 1338 εἶναι.
1126 1270 1220 1337 -ἀλλώ
1315 1267 1316 1316 ³

204 1404 261 1465 μοι
283 1381 377 1447 δοκεῖ
397 1380 473 1446 οὔτε
499 1387 566 1444 τών
593 1380 709 1462 νόμον
737 1377 815 1443 οὔτε
843 1385 1035 1462 συγγραφῆς
1061 1375 1220 1462 οὐδεμιᾶς

205 1487 324 1571 ὄφελος
350 1479 436 1551 εἶναι
463 1481 580 1567 οὐδέν,
608 1481 651 1549 δν
680 1483 698 1549 ὑ
728 1483 907 1568 λαμβάνων
934 1482 974 1548 τὰ
1001 1485 1149 1570 χρήματα
1172 1485 1219 1569 μή

204 1590 293 1657 πάνυ
323 1591 450 1666 δίκαιος
478 1582 500 1677 ᾖ
529 1590 588 1655 τὸν
617 1591 761 1676 τρόπον,
791 1586 847 1655 καὶ
878 1589 975 1656 δυοῖν
1004 1589 1168 1676 θοίτερον,
1197 1587 1220 1674 ή
1317 1641 1318 1652 ,

179 1696 291 1780 εὑμᾶς
326 1695 444 1771 δεδιὼς
481 1693 503 1778 ή
537 1696 598 1765 τὸν
636 1691 839 1779 συμβαλόντ’
876 1697 1124 1781 αἰσχυνόμενος.
1169 1688 1218 1761 ὧν

205 1798 382 1886 οὐδέτερον
404 1803 561 1888 πρόσεστι
579 1801 831 1890 Διονυσοδώρῳ
848 1803 980 1892 τουτῳί,
1002 1797 1077 1867 ἀλλ’
1098 1803 1147 1879 εἰς
1164 1824 1219 1869 το-

206 1915 327 1974 σοῦτον
355 1907 428 1992 ήκει
456 1908 596 1992 τόλμης,
616 1907 715 1973 Ιώστε
745 1907 981 1992 δανεισάμενος
1008 1905 1090 1994 παρ’
1126 1907 1219 1993 ήμῶν

206 2009 260 2078 ἐπὶ
288 2021 327 2099 τή
355 2010 412 2097 νηὶ
441 2015 623 2099 τρισχιλίας
651 2013 810 2098 δραχμάς,
839 2008 894 2098 ἐφ’
920 2005 947 2102 β
978 2034 1013 2078 τε
1042 2013 1104 2098 τήν
1132 2023 1219 2079 ναῦν

205 2121 382 2184 καταπλεῖν
409 2114 585 2203 Ἀθήναζε,
620 2115 676 2185 καὶ
712 2116 791 2184 δέον
823 2118 908 2204 ἡμᾶς
939 2115 977 2184 ἐν
1008 2126 1047 2204 τῇ
1078 2116 1218 2207 πέρυσιν

207 2224 276 2312 ώρῳ
298 2226 494 2309 κεκομίσθαι
516 2223 556 2289 τδ
578 2225 738 2311 χρήματα,
760 2225 823 2308 τήν
845 2219 908 2309 μέν
930 2233 1018 2290 ναῦν
1039 2217 1087 2302 είς
1103 2221 1218 2292 Ῥόδον

205 2332 398 2414 κατεκόμισε
424 2326 479 2394 καλ
505 2330 565 2395 τὸν
591 2331 699 2414 γόμον
731 2326 833 2396 ἐκεῖσ’
862 2326 1052 2420 ἐξελόμενος
1078 2328 1218 2399 ἀπέδοτο

205 2436 294 2523 παρὰ
312 2437 377 2520 τήν
399 2435 595 2520 συγγραφήν
618 2432 673 2501 καλ
694 2438 773 2513 τοὺς
790 2438 916 2520 νόμους
934 2439 1013 2514 τοὺς
1030 2435 1218 2523 ὑμετέρους,

207 2540 243 2608 ἐκ
265 2537 303 2606 δέ
324 2549 381 2625 τῆς
397 2537 514 2608 Ῥόδον
539 2540 640 2606 πόλιν
664 2539 832 2607 ὑπέστειλε
856 2543 925 2627 τήν,
940 2551 1027 2609 ναῦν
1048 2545 1096 2621 είς
1117 2523 1236 2628 Αῖγυ·Ι

206 2667 289 2714 πτου
306 2643 462 2712 κάκεῖθεν
480 2648 527 2725 είς
540 2643 667 2730 Ῥόδον,
684 2646 765 2732 ήμῖν
784 2643 822 2713 δέ
839 2658 909 2726 τοῖς
927 2643 1088 2735 Ἀθήνησι
1111 2650 1219 2718 δανεί·

208 2767 305 2817 σασιν
334 2748 465 2818 οὐδέπω
492 2749 547 2817 καὶ
574 2762 639 2819 νῦν
671 2753 748 2819 οὑτε
774 2753 816 2819 τὰ
842 2750 982 2840 χρήματ’
1014 2752 1218 2823 ἀποδίδωσιν

180 2858 285 2924 εοῦτε
314 2859 353 2925 τὸ
385 2856 543 2943 ἐνέχυρον
574 2861 772 2943 καθίστησιν
803 2860 852 2937 είς
881 2861 919 2928 τὸ
948 2858 1106 2946 ἐμφανές,
1136 2861 1218 2929 ἀλλὰ

209 2964 366 3050 δεύτερον
383 2965 455 3041 ἐτος
471 2961 565 3031 τουτὶ
583 2966 814 3049 καρπούμενος
831 2965 872 3031 τὰ
888 2963 1040 3051 ἡμέτερα,
1062 2965 1117 3033 καὶ
1135 2970 1218 3055 ἔχων

207 3072 246 3136 τό
274 3092 309 3136 τε
339 3068 473 3136 δάνειον
504 3067 560 3136 καὶ
589 3071 651 3154 τήν
684 3069 844 3155 ἐργασίαν
871 3069 926 3138 καλ
954 3073 1017 3158 τήν
1045 3083 1131 3140 ναῦν
1158 3076 1217 3160 τήν

208 3174 428 3262 ὑποκειμένην
449 3174 543 3261 ἡμῖν,
566 3172 667 3243 οὐδὲν
685 3172 786 3262 ήττον
804 3179 1000 3264 εἰσελήλυθε
1021 3181 1105 3264 πρὸς
1125 3177 1217 3266 ὑμᾶς,

209 3283 312 3367 δῆλον
334 3283 380 3360 ὡς
403 3283 574 3367 ζημιώσων
597 3281 683 3367 ἡμᾶς
708 3291 748 3370 τῇ
776 3281 938 3372 ἐπωβελίᾳ
959 3282 1016 3352 καὶ
1037 3289 1288 3370 καταθησό-ιεει

208 3412 307 3474 μενος
331 3391 379 3466 είς
401 3390 439 3456 τὸ
463 3394 582 3474 οἴκημα
609 3391 692 3475 πρὸς
718 3397 763 3480 τῳ
787 3388 980 3475 ἀποστερεῖν
1001 3391 1042 3458 τὰ
1063 3394 1217 3479 χρήματα.

208 3496 302 3580 ὑμῶν
317 3490 380 3562 οὑν
395 3491 422 3562 ὦ
436 3495 557 3580 ἄνδρες
571 3491 745 3580 Ἀθηναῖοι
763 3496 885 3581 ὁμοίως
902 3495 1058 3566 ἁπάντων
1076 3499 1217 3584 δεόμεθα
