2658 3914
404 194 405 198 ‘
493 193 592 247 111202
609 192 806 249 ειιιοοωοιι.
1090 191 1157 260 155

138 377 222 442 ριον
241 345 292 432 οἷς
310 349 407 434 οὗτος
425 351 573 421 ἐκέλευσε
591 349 646 418 καὶ
664 348 874 436 καθημένους
891 349 945 418 ἐπλ
961 360 1000 438 τῇ
1020 351 1158 440 τραπέζῃ

139 463 230 544 τότε,
240 457 295 526 καὶ
308 462 418 527 πίστιν
432 457 580 545 ἠθέλησα
598 456 750 548 Τιμοθέῳ
764 457 942 542 ἐπιθεῖναι,
954 457 998 541 ήν
1008 457 1158 542 ἀναγνῶ·

141 583 239 633 σεται
261 565 350 650 ὑμῖν.

589 669 716 724 ΟΡΚΟΣ.

214 777 266 844 Οὐ
283 780 397 844 τοίνυν
417 771 444 843 ὦ
463 776 583 860 ἄνδρες
605 773 757 844 δικασταί
779 775 908 861 γράψας
930 799 986 860 μοι
1009 775 1028 842 ὁ
1050 778 1155 864 πατήρ

141 881 297 950 κατέλιπε
323 883 364 948 τδι
390 879 471 969 χρία
498 883 621 966 μόνον,
648 879 733 948 ἀλλὰ
759 877 815 948 καὶ
843 883 956 965 ἔλεγεν
978 881 1156 967 ἀρρωστῶν

140 991 166 1056 δέ
187 984 216 1056 τ’
242 988 409 1074 ὀφείλοιτο
437 988 524 1075 αὐτῷ
553 986 703 1071 ἕκαστον,
732 983 787 1052 καὶ
812 982 890 1072 παρ’
917 980 961 1074 95,
986 985 1042 1054 καὶ
1068 989 1115 1066 είς
1137 989 1157 1056 δ

141 1119 176 1162 τι
198 1095 330 1180 ἐλήφθη
352 1095 390 1160 τὸ
413 1091 587 1178 ἀργύριον,
608 1090 665 1158 καὶ
687 1099 733 1180 τῷ
758 1089 891 1180 ἀδελφῷ
915 1102 960 1180 τῷ
985 1091 1061 1178 ε’μςῦ.
1101 1092 1156 1163 καὶ

143 1201 190 1279 ὡς
215 1196 307 1266 ταῦτ’
334 1197 444 1284 έληθή
471 1196 574 1283 λέγω,
602 1195 778 1281 ἀνάγνωθί
802 1219 859 1281 μοι
886 1197 950 1281 τήν
972 1202 1156 1284 μαρτυρίαν

141 1317 204 1374 τοῦ
226 1305 385 1380 ἀδελφοῦ.

556 1408 748 1464 ΜΑΡΤΤΡΙΑ.

98 1538 128 1582 ιι
206 1515 261 1594 Ὡς
283 1513 344 1603 μὲν
364 1520 482 1585 τοίνυν
500 1518 707 1601 κατελείφθη
724 1515 868 1601 ὀφείλων
891 1518 1054 1600 Τιμόθεος
1075 1515 1156 1602 ήμῖν

142 1627 182 1692 τὸ
206 1625 365 1710 ἀργύριον
386 1623 452 1689 ὑπὸ
475 1632 535 1689 τοῦ
557 1624 695 1708 πατρός,
717 1617 759 1689 οὗ
783 1622 954 1706 δικάζομαι
977 1621 1079 1711 αὐτῷ,
1100 1622 1156 1690 καὶ

143 1733 290 1815 γίγνεται
309 1729 389 1814 ἐμὸν
405 1730 444 1794 τὸ
462 1725 572 1814 μέρος,
594 1727 666 1796 ὅτε
686 1727 830 1813 ἀδελφός
852 1750 909 1812 μοι
927 1729 1153 1815 μεμαρτύρηκε

142 1834 198 1902 καὶ
221 1835 240 1902 ὁ
264 1837 424 1920 Φορμίων
447 1834 465 1902 ὁ
490 1835 570 1911 δοὺς
587 1836 625 1901 τὸ
643 1833 816 1920 ἀργύριον,
837 1832 928 1917 κάγὼ
950 1834 1078 1900 τούτων
1100 1839 1153 1904 πί-

143 1959 216 2009 στιν
247 1941 397 2026 ήδέλησα
427 1938 602 2006 ἐπιθεῖναι.
646 1937 937 2025 προκαλεσαμένου
966 1935 1004 2006 δὲ
1033 1941 1232 2011 mavum

141 2050 225 2134 πρὸς
253 2055 299 2133 τῷ
331 2047 481 2129 διαιτητῇ,
508 2042 564 2110 καὶ
592 2045 787 2122 κελεύοντος
814 2044 961 2127 ἐνεγκεῖν
988 2046 1028 2112 τὰ
1051 2046 1154 2131 γράμ-

142 2175 229 2235 ματα
251 2151 291 2215 τδι
314 2149 377 2215 ἀπὸ
404 2157 461 2232 τῆς
482 2145 653 2234 τραπέζης,
678 2148 734 2214 καὶ
763 2149 948 2234 ἀντίγραφα
972 2151 1154 2235 αίτοῦντος,

143 2255 333 2341 πέμψαντος
348 2256 578 2340 Φρασιηρίδην
599 2252 652 2319 ἐπὶ
669 2255 732 2339 τήν
749 2255 923 2341 τράπεζαν,
945 2262 990 2343 τῷ
1013 2279 1048 2320 τε
1064 2259 1154 2342 Φρα-

144 2361 278 2448 τιηρίδη
306 2356 475 2442 ἐξενέγκας
503 2358 608 2424 ἔδωκα
633 2360 738 2442 ζητεῖν
767 2359 807 2422 τὰ
829 2357 1003 2445 γράμματα
1025 2358 1081 2425 καὶ
1103 2360 1154 2428 ἐκ·

142 2465 332 2554 γράφεσθαι
350 2463 413 2530 ὅσα
431 2458 528 2540 οὗτος
546 2464 698 2548 ὤφειλεν,
719 2460 775 2530 καὶ
793 2463 837 2540 ὡς
853 2463 1017 2548 ὡμολόγει
1039 2469 1154 2551 λαβεῖν

143 2569 241 2654 οὗτος
261 2571 302 2638 τὰ
324 2569 522 2656 ἀντίγραφα,
543 2567 722 2653 ἀνάγνωθί
741 2594 798 2656 μοι
820 2570 882 2654 τήν
903 2575 1095 2659 μαρτυρίαν.

552 2781 740 2835 ΜΑΡΤΤΡΙΑ.

106 2915 133 2956 ιι
211 2892 304 2977 Πρὸς
339 2891 455 2955 τοίνυν
491 2889 550 2957 τὸν
583 2889 753 2973 διαιτητήν
784 2891 981 2975 κομίσαντές
1017 2913 1082 2975 μου
1114 2895 1154 2958 τὰ

145 2995 329 3082 γράμματα,
350 2995 467 3080 παρὼν
485 2994 503 3061 ὁ
525 2997 683 3078 Φορμίων
701 2991 756 3062 καὶ
778 2995 997 3082 ὑΕὐφραίος,
1020 2997 1056 3064 οί
1076 2998 1153 3063 δόν-

145 3124 196 3179 τες
216 3103 254 3169 τὸ
277 3100 438 3188 ἀργύριον
462 3091 511 3176 οἷς
533 3099 704 3167 ἐκέλευσεν
723 3096 830 3187 οὗτος,
854 3101 1028 3190 ἐξήλεγχον
1050 3103 1153 3170 αὐτὸν

145 3206 181 3272 ἐν
204 3197 254 3283 οἷς
276 3229 310 3272 τε
332 3208 465 3291 χρόνοις
487 3204 624 3272 ἕκαστον
643 3205 845 3292 ἐδανείσατο,
867 3206 922 3273 καὶ
945 3207 1035 3286 ὅστις
1057 3212 1153 3294 ἔλαβε

145 3315 181 3380 τὸ
200 3312 373 3400 ἀργύριον,
394 3309 450 3376 καὶ
471 3311 520 3388 είς
537 3310 558 3378 δ
575 3314 805 3397 κατεχρήσατο.
842 3311 860 3378 ὁ
884 3310 921 3378 δὲ
942 3313 1000 3390 τὰς
1022 3309 1083 3398 μὲν
1105 3339 1154 3400 χι·

149 3422 218 3496 λίας
239 3415 295 3484 καί
316 3419 505 3504 τριακοσίας
531 3413 586 3482 καὶ
612 3419 815 3501 πεντήκοντα
836 3416 892 3484 καί
914 3422 993 3502 μίαν
1015 3416 1071 3484 καλ
1095 3416 1150 3484 δύ’

147 3523 272 3608 ὀβολώ,
298 3521 337 3601 ἃς
359 3523 489 3608 πρώτας
516 3520 706 3588 ἐδανείσατο
729 3532 789 3589 τοῦ
811 3533 1030 3609 μουνιχιῶνος
1052 3525 1155 3606 μηνὸς
