2656 3926
404 179 592 232 nPoolMIA.
615 179 851 232 xxv-xxvm.
1071 177 1136 244 377

598 339 670 402 KZ.

199 454 301 545 Οἶμαι
329 462 402 527 δεῖν
430 455 457 527 δι
486 461 605 548 ἀνδρες
630 458 804 546 Ἀθηναῖοι
831 459 907 549 περὶ
935 464 1138 547 τηλικούτων

126 562 408 652 βουλευομένους,
440 567 573 633 διδόναι
598 569 786 654 παρρησίαν
813 565 937 658 ἑκάστῳ
963 579 1030 635 τῶν
1057 584 1138 652 συμ·

126 675 371 758 βουλευόντων.
412 672 475 757 ἐγὼ
504 669 535 738 δ’
563 670 774 740 οὐδεπώποθ’
800 672 974 760 ἡγησάμην
994 677 1138 761 χαλεπὸν

126 779 167 844 τὸ
198 775 327 856 διδάξαι
355 777 396 844 τά
424 773 572 862 βέλτισθ’
598 777 685 863 ὑμᾶς
713 777 772 864 (ὡς
798 778 862 865 γάρ
889 777 1000 857 ἁπλῶς
1021 780 1138 863 εἰπεῖν,

127 883 249 961 πάντες
270 882 431 970 ὑπάρχειν
449 882 627 967 ἐγνωκότες
649 906 707 967 μοι
729 881 881 972 δοκεῖτε),
903 882 988 950 ἀλλὰ
1009 887 1047 951 τὸ
1068 895 1138 950 πεῖ-

128 1005 186 1055 σαι
202 989 357 1076 πράττειν
374 996 492 1054 ταῦτα·
516 987 651 1054 ἐπειδὰν
669 988 732 1076 γάρ
750 1012 783 1055 τι
801 988 881 1076 δόξη
899 987 954 1056 καὶ
971 996 1137 1076 ψηφισθῇ,

127 1091 194 1162 τότ’
218 1101 292 1162 ίσον
314 1103 375 1162 τοῦ
392 1100 582 1182 πραχθῆναι
599 1092 723 1180 ἀπέχει,
746 1094 827 1162 ὅσον
848 1116 909 1183 περ
932 1093 1011 1182 πρὶν
1035 1094 1137 1173 δόξαι.

98 1204 198 1267 εέστι
225 1197 286 1285 μὲν
314 1196 376 1268 ούν
403 1194 450 1265 ῶν
478 1199 542 1283 ἐγὼ
570 1203 693 1284 νομίζω
719 1200 818 1288 χάριν
845 1201 930 1285 ὑμᾶς
955 1212 1024 1279 τοῖς
1044 1207 1138 1277 θεοῖς

128 1307 288 1393 ὀφείλειν,
309 1310 348 1374 τὸ
369 1308 447 1383 τοὺς
470 1306 526 1372 διά
547 1307 609 1391 τὴν
627 1303 754 1372 ἑαυτῶν
772 1305 872 1394 ύβριν
893 1306 974 1392 ὑμῖν
995 1308 1137 1391 πολεμὴ·

129 1430 250 1490 σαντας
267 1411 309 1479 ού
326 1412 439 1497 πάλαι,
461 1420 528 1478 νῦν
546 1412 584 1479 ἐν
601 1412 682 1496 ὑμῖν
699 1415 815 1496 μόνοις
832 1421 889 1497 τῆς
906 1412 1017 1480 αὑτῶν
1034 1430 1137 1496 σωτη-

128 1522 202 1604 ρίας
223 1520 312 1604 ἔχειν
332 1518 390 1595 τδς
412 1517 557 1596 ἐλπίδας.
593 1517 687 1596 ἀξιον
710 1514 741 1585 δ’
764 1517 909 1602 ἡσθῆναι
929 1528 975 1606 τῷ
997 1521 1138 1605 παρόντι

128 1632 246 1712 καιρςδ·
269 1626 471 1710 σνμβησεται
496 1623 577 1711 γάρ,
608 1623 651 1690 ἀν
672 1624 694 1690 δ
715 1625 778 1711 χρὴ
804 1621 1027 1710 βουλεύσησθ’
1052 1621 1136 1711 ὑπὲρ

129 1729 244 1814 αὐτοῦ,
265 1736 322 1808 τὰς
344 1731 433 1816 παρὰ
458 1740 526 1796 τῶν
554 1731 802 1816 διαβαλλόντων
829 1730 891 1815 τὴν
916 1732 1016 1796 πόλιν
1041 1729 1136 1816 ἡμῶν

128 1839 337 1923 βλασφημίας
358 1838 444 1926 ἐργφ
467 1836 547 1921 μετὰ
570 1834 669 1919 δόξης
689 1841 791 1921 καλῆς
813 1835 1055 1902 ἀπολύσασθαι.
1145 1842 1214 1893 1438

593 2013 668 2075 ΚΗ.

195 2135 245 2200 Ac
268 2130 330 2218 μὲν
361 2133 491 2212 ἐλπίδες
517 2129 543 2199 ὦ
570 2135 690 2219 ἀνδρες
712 2130 886 2218 Ἀθηναῖοι
916 2135 1055 2219 μεγάλαι
1080 2133 1136 2202 καὶ

41 2320 45 2328 .
129 2238 227 2308 καλαί
243 2250 311 2306 τῶν
328 2236 588 2326 προειρημένων,
610 2240 692 2324 πρὸς
713 2237 752 2316 ἃς
769 2244 881 2322 οίομαι
897 2241 976 2317 τοὺς
992 2245 1137 2320 πολλοὺς

130 2349 211 2414 ἀνευ
225 2350 387 2430 λογισμοῦ
401 2368 432 2410 τι
445 2342 656 2411 πεπονθέναι.
689 2343 753 2429 ἐγὼ
768 2342 798 2410 δ’
812 2344 1015 2412 οὐδεπώποτ’
1029 2349 1136 2432 ἔγνων

130 2454 239 2519 εἵνεκα
266 2461 326 2519 τοῦ
352 2446 537 2539 παραχρῆμ’
564 2448 679 2537 ἀρέσαι
705 2449 814 2536 λέγειν
836 2475 869 2517 τι
890 2453 973 2539 πρὸς
994 2452 1136 2538 ὑμᾶς,ό

129 2582 161 2625 τι
183 2558 225 2624 ἀν
247 2559 291 2643 μὴ
314 2555 370 2622 καί
392 2557 471 2642 μετὰ
493 2565 595 2622 ταῦτα
618 2559 788 2623 συνοίσειν
808 2557 948 2643 ἡγῶμαι.
983 2560 1053 2626 ἐστι
1074 2556 1136 2644 μὲν

130 2660 191 2733 οὖν
214 2667 251 2732 τὸ
273 2665 390 2730 κοινὸν
412 2664 491 2739 ἔθος
513 2672 579 2728 τῶν
601 2665 775 2746 πλείστων,
797 2665 875 2740 τοὺς
897 2658 959 2748 μέν
981 2680 1136 2731 συνεπαι-

129 2781 269 2848 νοῦντας
287 2768 416 2846 έαυτοῖς
433 2767 452 2834 ό
470 2791 502 2834 τι
519 2767 563 2834 ἀν
578 2767 744 2855 πράττωσι
761 2774 884 2854 φιλεῖν,
903 2770 986 2856 πρὸς
1003 2767 1041 2836 δὲ
1057 2775 1135 2850 τοὺς

132 2877 343 2961 ἐπιτιμῶντας
371 2874 481 2960 ἀηδῶς
511 2876 609 2960 ἐχειν.
651 2874 692 2940 ού
721 2875 787 2959 μὴυ
816 2873 900 2940 ἀλλά
929 2875 983 2940 δεῖ
1009 2878 1067 2943 τὸν
1096 2873 1134 2942 εὖ

132 2991 320 3067 φρονοῦντα
345 2982 405 3047 τὸν
431 2981 592 3064 λογισμὸν
619 2977 671 3045 ἀεὶ
696 2989 764 3044 τῶν
791 2978 978 3064 ἐπιθυμιῶν
999 2983 1134 3065 κρείττω

107 3092 307 3172 επειρᾶσθαι
329 3096 446 3152 ποιεῖν.
482 3085 546 3171 ἐγὼ
566 3081 597 3152 δ’
618 3083 724 3169 ἡδέως
741 3083 783 3151 ἀν
801 3082 926 3173 έώρων,
944 3085 965 3152 δ
982 3085 1038 3152 καὶ
1056 3103 1156 3174 συν-Ι

132 3196 236 3261 οίσειν
265 3191 406 3276 ἡμελλε,
435 3190 524 3260 ταῦτ’
552 3190 590 3257 ἐν
615 3191 721 3276 ἡδονῇ
752 3191 905 3279 πράττειν
936 3189 1012 3258 ὄνθ’
1042 3192 1135 3278 ὑμῖν,

132 3301 186 3366 ἵνα
200 3295 254 3363 καὶ
268 3298 480 3383 χαριζόμενος
497 3294 553 3362 καί
570 3297 695 3383 χρηστὰ
710 3294 815 3382 λέγων
830 3296 1024 3381 ἐφαινόμην.
1049 3297 1134 3364 ἐπει-

133 3407 172 3490 δὴ
192 3400 229 3471 δέ
246 3399 394 3470 τάναντί’
418 3402 484 3488 δρῶ
502 3403 629 3468 τούτων
647 3401 892 3489 ἐπιχειροῦντας
908 3402 1005 3486 ὑμᾶς,
1023 3408 1134 3487 οῖομαι

134 3514 201 3578 δεῖν
231 3509 414 3591 ἀντειπεῖν,
445 3509 477 3572 εί
496 3510 555 3573 καί
573 3523 640 3573 τισι
662 3505 770 3590 μέλλω
793 3506 1049 3592 ἀπεχθήσεσθαι.
1091 3505 1133 3572 ἀν
