2658 3922
237 198 302 266 268
526 197 623 249 Lvm.
650 193 955 283 [ΔΗΜονωιιαοηΣ]

235 356 444 445 θεσμοθέτας
466 354 674 441 ἀνακρίνετε,
700 355 764 439 ἐγὼ
790 355 850 421 τόν
877 355 980 421 αὐτὸν
1001 355 1126 441 τρόπον
1151 351 1261 437 ἐμαυ-

196 481 222 522 ⁶⁷
236 467 296 531 τὸν
318 463 399 548 ύμῖν
422 461 599 548 ἀνακρινῶ.
635 455 678 526 ’ὦ
702 461 875 547 ἄνθρωπε,
897 464 946 538 τίς
967 455 1010 545 ἦν
1033 474 1088 526 σοι
1107 457 1260 545 πατηρ’;

237 569 324 654 ἐμοίς
365 569 557 653 Θούκριτος.
606 566 744 634 (οίκείοί
776 587 864 643 τινες
899 561 986 632 εἶναι
1021 574 1259 652 μαρτυροῦσιν

236 673 357 762 αύτῷ’;
378 675 467 740 πάνυ
490 697 540 758 γε,
561 683 694 759 πρῶτον
717 670 778 757 μέν
795 695 833 756 γε
851 669 1000 758 τέτταρες
1017 669 1163 754 ἀνεψιοί,
1187 665 1254 734 εἶτ’

236 780 452 864 ἀνεψιαδοῦς,
479 775 544 845 εὖθ’
571 779 607 845 οί
625 779 684 856 τὰς
705 777 843 858 ἀνεψιδις
865 768 1022 863 λαβόντες
1044 775 1152 863 αύτῷ,
1180 771 1256 841 εἶτα

236 886 411 972 φράτερες,
438 878 496 950 εἶτ’
519 881 727 960 ’Λπόλλωνος
753 880 908 972 πατρῴου
933 879 991 948 καὶ
1012 883 1097 958 Διὸς
1118 879 1254 968 ἑρκείου

235 1001 403 1076 γεννῆται,
426 985 491 1056 εἶθ’
515 983 565 1067 οἷς
586 990 665 1076 ἠρία
687 989 800 1073 ταύτά,
822 984 888 1056 εὖθ’
910 989 946 1055 οί
965 990 1105 1072 δημόται
1126 987 1253 1052 πολλά-

235 1121 286 1174 κις
313 1097 416 1164 αὐτὸν
444 1096 686 1181 δεδοκιμάσθαι
718 1093 774 1161 καὶ
801 1094 903 1181 ἀρχάς
928 1092 1039 1181 ἀρξαι,
1070 1091 1127 1159 καὶ
1155 1091 1252 1159 αὐτοὶ

237 1201 492 1288 διεψηφισμένοι
528 1206 716 1288 φαίνονται.
770 1201 810 1267 τδι
841 1197 903 1284 μὲν
934 1204 1050 1267 τοίνυν
1080 1197 1157 1285 περὶ
1188 1209 1304 1265 τοῦετι

234 1312 357 1392 πατρὸς
378 1319 448 1385 πῶς
470 1307 513 1374 ἀν
539 1308 621 1393 ὑμῖν
649 1308 856 1394 δικαιότερον
877 1305 899 1391 ἢ
921 1307 1158 1393 καθαρώτερον
1182 1305 1250 1370 ε’πι·

236 1415 393 1499 δείξαιμις
424 1419 513 1479 καλῶ
546 1410 576 1478 δ’
609 1412 690 1497 ὑμῖν
721 1416 845 1490 τοὺςο
827 1415 1047 1496 οίείκείους,
1073 1411 1250 1495 βούλεσθε.

196 1537 222 1578 τε
236 1520 276 1584 τά
300 1517 337 1586 δε
359 1517 435 1605 περὶ
462 1527 519 1602 τῆς
546 1520 667 1603 μητρὸς
694 1517 866 1585 ἀκούσατε.
911 1517 984 1605 ἐμοὶ
1006 1517 1069 1604 γάρ
1097 1516 1168 1583 ἐστι
1190 1521 1250 1602 μη-

235 1648 295 1711 τηρ
323 1623 490 1710 Νικαρέτη
513 1623 755 1708 Δαμοστράτου
782 1625 933 1712 θυγάτηρ
956 1621 1135 1701 Μελιτέως.
1173 1625 1250 1689 ταύ-

235 1753 293 1813 της
315 1733 403 1806 τίνες
426 1731 542 1796 οίκείοι
563 1740 783 1816 μαρτυροῦσα
806 1742 939 1817 πρῶτον
957 1727 1018 1815 μδν
1036 1728 1249 1814 ἀδελφιδοῦς,

235 1830 306 1901 εἶτα
328 1845 389 1902 τοῦ
412 1833 526 1922 ἑτέρου
549 1835 732 1920 ἀδελφιδοῦ
760 1834 812 1902 δύ’
839 1837 924 1920 υίοί,
951 1831 1009 1901 εἴτ’
1036 1835 1249 1920 ἀνεψιαδοῦς,

236 1937 301 2007 εἶθ’
326 1942 361 2007 οί
375 1942 604 2028 Πρωτομάχου
626 1942 711 2019 υίείς
732 1951 793 2009 τοῦ
816 1945 976 2027 λαβόντος
997 1943 1059 2026 τὴν
1082 1940 1166 2026 έμην
1189 1966 1248 2026 μη-

235 2045 314 2134 τέρα
335 2050 514 2134 πρότερον,
541 2043 608 2114 εὖθ’
636 2048 738 2132 δτὴν
765 2047 914 2134 ἀδελφὴν
939 2049 1002 2132 την
1024 2046 1107 2132 ἐμὴν
1128 2048 1192 2133 τὴν
1215 2049 1249 2114 ἐκ

235 2163 296 2221 τοῦ
318 2154 546 2241 Πρωτομάχου
569 2156 675 2239 γημας
697 2155 842 2231 Εὔνικος
865 2155 1065 2240 Χολαργεύς,
1088 2148 1154 2218 τόθ’
1176 2155 1249 2231 υίὸς

196 2277 222 2318 ω
237 2270 293 2344 της
324 2259 478 2344 ἀδελφῆς.
525 2259 608 2326 ἀλλά
640 2261 708 2344 μὴν
739 2257 796 2324 καί
827 2259 987 2346 φράτερες
1017 2271 1084 2326 τῶν
1116 2262 1248 2326 οίκείων

236 2366 337 2449 αύτης
363 2363 418 2430 καὶ
446 2366 585 2448 δημόται
614 2373 718 2430 ταῦτα
745 2367 1023 2450 μεμαρτυρήκασι.
1068 2368 1160 2444 τίνος
1187 2361 1247 2433 οὖν

236 2470 278 2536 άν
296 2467 532 2554 προσδέοισθε;
556 2467 697 2555 καὶγὰρ
721 2470 773 2535 ὅτι
796 2469 878 2534 κατά
901 2471 980 2546 τοὺς
1001 2473 1125 2556 νόμους
1148 2471 1167 2538 δ
1189 2493 1248 2538 πα·

235 2576 296 2660 τηρ
320 2577 419 2658 ἔγημε
442 2571 497 2640 καί
519 2577 684 2658 γαμηλίαν
706 2586 776 2652 τοῖς
797 2574 978 2661 φράτερσιν
1001 2577 1171 2660 είσηνεγκε
1194 2601 1247 2664 με-

236 2682 448 2765 μαρτύρηται.
493 2683 577 2766 πρὸς
607 2675 644 2745 δὲ
672 2681 804 2757 τούτοις
837 2679 893 2746 καὶ
928 2681 1071 2765 ἐμαυτὸν
1100 2682 1247 2764 ἐπέδειξα

236 2785 370 2850 πάντων
393 2788 626 2871 μετειληφότα,
649 2785 738 2852 όσων
759 2787 919 2873 προσήκει
941 2789 1019 2864 τούς
1035 2785 1247 2876 ’ἐλευθέρους

237 2891 320 2956 ὥστε
342 2900 491 2976 πανταχῇ
513 2892 648 2968 δικαίως
665 2889 721 2956 καὶ
738 2895 971 2977 προσηκόντως
988 2892 1069 2978 ἡμῖν
1087 2893 1129 2960 ἀν
1147 2914 1246 2983 προσ-

197 3016 224 3056 w
237 2993 375 3080 θέμενοι
404 2997 465 3080 τὴν
492 3005 606 3080 ψηφον
635 2997 832 3083 εὐορκοίητε.
877 3000 924 3062 ἔτι
946 3002 1062 3064 τοίνυν
1085 2995 1248 3090 ὦάνδρες

238 3100 388 3167 δικασταὶ
415 3104 492 3178 τοὺς
520 3099 617 3167 ἐννέα
649 3103 810 3188 ἀρχοντας
837 3101 1045 3190 ἀνακρίνετε,
1075 3108 1107 3172 εί
1132 3108 1247 3191 γονέας

237 3203 276 3273 εὖ
303 3217 467 3273 ποιοῦσιν.
509 3205 573 3292 ἐγὼ
602 3204 639 3273 δὲ
666 3218 726 3274 τοῦ
754 3204 815 3292 μὲν
841 3211 963 3295 πατρὸς
989 3209 1136 3296 όρφανὸς
1157 3237 1246 3281 κατε·

237 3318 399 3401 λείφθην,
426 3314 488 3397 τὴν
516 3310 553 3388 δὲ
580 3311 691 3400 μητέρ’
725 3314 857 3380 ίκετεύω
889 3315 975 3398 ὑμᾶς
1002 3315 1058 3382 καί
1084 3316 1244 3403 ἀντιβολῶ

238 3421 293 3486 διδ
315 3429 435 3486 τοῦτον
461 3420 520 3485 τὸν
547 3415 648 3503 ἀγῶν’
676 3418 820 3485 ἀπόδοτέ
843 3444 900 3503 μοι
926 3421 1036 3501 θάψαι
1057 3425 1106 3500 είς
1126 3424 1166 3490 τά
1188 3448 1245 3492 πα-

176 3612 178 3617 ,
238 3534 327 3614 τρρῦα
358 3528 510 3609 μνήματα
546 3522 601 3602 καὶ
636 3527 682 3610 μη
713 3548 753 3610 με
789 3527 974 3613 κωλύσητε,
1009 3525 1093 3614 μηδὲ
1129 3530 1244 3598 ἀπολιν
