2656 3926
179 192 245 260 388
541 190 819 246 Δευουοεαονε

642 370 723 434 MA.

249 489 369 559 Ούδέν’
395 486 422 558 ὦ
444 492 563 577 ἀνδρες
581 487 755 574 Ἀθηναῖοι
771 501 839 556 τῶν
857 491 991 556 πάντων
1014 486 1108 574 ὑμῶν
1130 488 1188 556 ού-

180 622 244 675 τως
266 605 377 684 οῖομαι
394 599 560 664 κακόνουν
578 590 664 662 είναι
682 605 721 682 τῇ
740 599 845 682 πόλει,
868 597 951 662 ὥστε
973 597 1018 680 μὴ
1040 601 1190 682 χαλεπῶς

181 702 295 792 φέρειν
317 701 401 789 μηδὲ
423 708 601 769 λυπεῖσθαι
624 713 694 779 τοῖς
711 698 951 788 γεγενημένοις.
986 703 1018 766 εί
1039 697 1099 786 μέν
1121 705 1189 767 τοί-

180 833 246 876 νυν
273 808 537 894 ἀγανακτοῦντας
563 803 606 892 ἣν
637 809 804 893 ἄπρακτόν
830 831 863 874 τι
889 816 1024 891 ποιησαι
1049 808 1189 892 τούτων,

180 913 270 983 τοῦτ’
286 915 328 983 ἀν
347 918 449 1000 ἔγωγε
466 911 639 1002 παρῄνουν
657 911 737 999 ὑμῖν
756 915 891 980 ἅπασιν·
905 913 1017 998 ἐπειδὴ
1036 909 1075 979 δὲ
1087 922 1190 980 ταῦτα
1249 901 1252 910 ’

182 1017 245 1105 μὲν
266 1022 327 1087 οὐκ
350 1020 392 1088 ἀν
414 1023 522 1097 ἄλλως
543 1022 624 1106 έχοι,
647 1020 702 1085 δεῖ
718 1016 748 1085 δ’
770 1016 854 1108 ὑπὲρ
872 1031 940 1087 τῶν
963 1025 1088 1086 λοιπῶν
1109 1040 1189 1106 προ-

182 1134 350 1213 νοηθῆναι
377 1127 466 1203 ὅπως
492 1127 536 1212 μη
563 1125 665 1192 ταύτὰ
691 1129 863 1210 πείσεσθε,
890 1127 1001 1213 ὥσπερ
1021 1123 1047 1192 ὦ
1071 1126 1190 1212 ἀνδρες

179 1230 353 1317 Ἀθηναῖοι
384 1241 448 1298 νῶν
483 1229 712 1316 γεγενημένων
748 1229 974 1317 ἀγανακτεῖτε,
1009 1232 1096 1299 οὕτω
1127 1234 1189 1319 χρὴ

184 1339 369 1404 σπουδάσαι
396 1333 480 1422 ὑπὲρ
509 1345 570 1404 τοῦ
599 1339 642 1422 μὴ
671 1336 772 1402 πόλιν
798 1337 900 1403 ταύτδ
923 1341 1107 1424 συμβῆναι,
1133 1335 1190 1405 καλ

183 1446 329 1528 νομίζειν
359 1439 473 1528 μηδέν’
507 1445 595 1528 ἔχειν
625 1445 727 1526 λόγον
756 1444 860 1509 εἰπεῖν
888 1453 956 1510 τῶν
986 1447 1190 1530 συμβουλευ-

184 1552 291 1616 όντων
313 1558 482 1633 τοιοῶτον,
505 1547 541 1625 ὃς
563 1549 740 1632 δυνήσεται
767 1559 872 1614 σῶσαι
898 1549 939 1615 τά
960 1552 1108 1637 παρόντα
1129 1574 1191 1636 μη-

185 1657 281 1732 δενὸς
307 1652 403 1738 ὑμῶν
431 1651 536 1740 μηδὲν
566 1650 812 1740 συναραμένου·
846 1654 888 1721 ού
916 1655 980 1743 γδρ
1009 1655 1051 1722 ἀν
1080 1658 1191 1741 λόγος,

158 1759 268 1826 ’ἀλλὰ
294 1762 375 1837 θεός
401 1782 450 1836 τις
472 1760 490 1826 ὁ
517 1769 667 1836 τοιοῦτος
693 1764 754 1843 εῖη.
798 1756 904 1846 ἡμὲν
931 1756 993 1827 οὖν
1020 1759 1103 1849 ἀρχὴ
1129 1771 1191 1829 τοῦ

183 1863 281 1933 ταῦθ’
308 1865 412 1942 οὕτως
434 1867 522 1951 ἔχειν
545 1863 675 1930 ἐκεῖθεν
697 1866 846 1950 ἤρτηται,
868 1865 905 1932 ἐκ
926 1875 987 1933 τοῦ
1008 1876 1066 1952 τῆς
1086 1889 1192 1955 παρα·

183 1979 291 2059 χρῆμα
313 1972 395 2058 πρὸς
416 1967 502 2056 ὑμᾶς
523 1969 619 2036 ἕνεκα
645 1971 778 2057 χάριτος
805 1971 915 2049 ἐνίους
936 1982 1003 2038 τῶν
1026 1975 1191 2057 λεγόντων
1313 1980 1315 1991 “

185 2077 346 2144 ἐνταυθοῖ
366 2078 579 2164 δημηγορεῖν,
600 2077 645 2154 ὡς
666 2073 736 2143 οὔτ’
759 2075 924 2164 εἰσφέρειν
942 2077 1019 2144 οὔτε
1037 2079 1191 2166 στρατεύ-

185 2189 282 2249 εσθαι
313 2184 382 2268 δεῖ,
409 2181 516 2248 πάντα
546 2179 576 2248 δ’
609 2180 762 2268 αὐτόματ’
795 2183 893 2249 ἔσται.
941 2184 1009 2248 έδει
1038 2179 1100 2268 μέν
1128 2179 1192 2252 οὖν

183 2285 290 2354 ταῦθ’Ι
308 2285 364 2354 ὑπ’
392 2289 496 2355 ἀλλον
518 2290 609 2365 τινὸς
631 2286 858 2375 ἐξελέγχεσθαι
880 2289 960 2374 μετὰ
981 2298 1043 2356 τοῶ
1065 2294 1192 2358 λυσιτε-
1315 2276 1317 2347 ἶ

185 2399 323 2471 λοῶντος
347 2392 511 2480 [ἐλέγχου]
531 2401 570 2479 τῇ
588 2396 697 2460 πόλει·
720 2396 814 2460 δοκεῖ
834 2391 874 2459 δέ
892 2417 950 2480 μοι
970 2396 1095 2482 τρόπον
1116 2398 1191 2464 τινὰ

184 2497 240 2566 καὶ
261 2507 327 2566 νῶν
350 2498 495 2585 ἀμείνων
517 2498 538 2583 ἡ
560 2500 642 2586 τύχη
663 2498 739 2586 περὶ
764 2497 850 2585 ὑμᾶς
875 2510 943 2567 τῶν
965 2499 1191 2587 ἐφεστηκότων

159 2601 279 2672 θεῖναι.
315 2607 352 2672 τὸ
375 2601 437 2691 μέν
458 2606 521 2691 γὰρ
544 2601 651 2671 ἕκαστ’
678 2604 888 2672 ἀπόλλυσθαι
914 2614 971 2690 τῆς
992 2617 1059 2671 τῶν
1081 2605 1191 2692 έπιμε-

186 2709 358 2797 λαυμένων
384 2713 499 2789 κακίας
526 2721 664 2796 σημεῖον
695 2714 853 2798 προσήκει
879 2717 1060 2779 ποιεῖσθαι·
1086 2712 1123 2778 τὸ
1153 2707 1191 2779 δέ

186 2817 230 2901 μη
252 2817 354 2882 πύλαι
376 2814 470 2883 πέντ’
493 2814 701 2882 ἀπολωλέναι
722 2826 780 2902 τῆς
801 2814 957 2905 ὑμετέρας
977 2817 1077 2902 τύχης
1097 2817 1192 2904 εὐερ-

185 2919 297 3008 γέτημ’
330 2925 433 3007 ἔγωγε
462 2926 573 3008 κρίνω.
617 2920 655 2988 έν
677 2915 703 3011 ᾧ
726 2927 842 2990 τοίνυν
870 2923 892 3009 ἡ
920 2924 1000 3009 τύχη
1030 2925 1192 2992 διαλείπει

186 3026 241 3095 καλ
268 3032 347 3106 τοὺς
376 3028 518 3115 ἐχθρούς
547 3025 674 3113 ἀνέχει,
707 3039 774 3094 τῶν
808 3034 933 3096 λοιπῶν
963 3027 1191 3118 ἐπιμελήθητε.

187 3136 219 3199 εί
241 3129 280 3201 δέ
304 3135 367 3220 μὴ,
397 3129 546 3200 σκοπεῖθ’
576 3134 664 3212 ὅπως
687 3134 731 3219 μὴ
762 3135 828 3220 ἅμα
852 3136 929 3213 τούς
952 3129 981 3201 τ’
1009 3135 1191 3222 ἐφεστῶτας
1202 3158 1272 3207 1450

182 3237 335 3318 ’ἕκάστοις
358 3237 452 3324 ὑμεῖς
473 3249 625 3326 κρινεῖτε,
648 3237 703 3305 καὶ
724 3240 765 3306 τά
786 3237 954 3327 πράγμαθ’
975 3239 1070 3327 ὑμῶν
1088 3237 1113 3309 ὦ
1132 3243 1191 3309 ἀν·

189 3347 265 3431 δρες
281 3342 454 3430 ΙἈθηναῖοι
475 3350 590 3411 κλινεῖ.
630 3345 756 3431 οὐγὰρ
780 3343 853 3411 ἔσθ’
880 3347 967 3423 ὅπως
991 3344 1083 3414 ταῦτ’
1109 3349 1190 3416 ἀνευ

188 3447 444 3534 μεγάλουτινὸς
466 3452 628 3536 στήσεται,
650 3451 791 3537 μηδενὸς
812 3449 1146 3539 ἀντιλαμβανομενου.
