2654 3926
501 230 596 282 RATA
614 230 814 282 ωοωοεαον
831 230 873 283 κ,
1144 224 1188 289 85

176 401 245 455 τῶν
267 391 398 466 τούτοις
420 393 596 475 παρόντων
624 390 660 455 οί
680 392 816 466 ίδόντες.
856 388 897 454 ού
921 388 983 474 γὰρ
1012 385 1190 471 ἐξομνύναι

138 513 165 554 5⁹
178 498 337 579 θελησειυ
359 495 481 572 αὐτοὺς
504 503 623 580 οίομαι.
666 495 724 560 ἐὰν
751 493 782 560 δ’
809 497 874 580 ἄρα
899 503 997 560 τοῦτο
1024 486 1185 574 ποιήσωσ’

178 598 234 666 ὑπ’
270 599 454 684 ἀναιδείας,
485 604 668 687 πρόκλησιν
699 601 779 686 ὑμῖν
811 600 1050 682 ἀναγνώσεται,
1086 595 1119 675 ἐξ
1151 591 1190 679 ἧς

137 780 138 784 ¹
179 707 318 783 τούτους
340 705 367 771 τ’
396 706 630 791 ἐπιορκοῦντας
657 704 706 772 ἐπ’
734 690 917 794 αὐτοφώρῳ
945 707 1108 788 λήψεσθε,
1134 699 1190 767 καὶ

178 821 299 877 τοῦτον
333 811 456 895 ὁμοίως
490 809 706 898 ὑφῃρημένον
741 812 802 894 τὴν
834 814 1017 897 μαρτυρίαν
1049 813 1189 874 είσεσθε.

179 922 286 983 καίτοι
318 917 408 993 ὅστις
441 913 468 982 ὦ
504 919 624 1003 ἄνδρες
652 914 826 1000 Ἀθηναῖοι
861 927 972 981 κακῶν
1007 915 1189 1001 ἀλλοτρίων

179 1021 318 1106 κλέπτης
339 1020 486 1107 ὑπέμειν’
511 1023 752 1105 ὀνομασθῆναι,
773 1025 809 1087 τί
828 1020 870 1086 δυ
887 1021 1023 1104 ἡγεῖσθε
1043 1023 1191 1103 [ποιησαι

140 1147 167 1186 ⁶0
180 1132 312 1210 τοῦτον]
327 1125 411 1212 ὑπὲρ
425 1127 543 1206 αὑτούς
563 1125 636 1210 λέγε
654 1129 716 1212 την
734 1130 928 1212 μαρτυρίαν,
945 1121 1015 1191 είτα
1032 1127 1093 1210 τὴν
1110 1126 1191 1211 πρό-

110 1278 113 1285 -
179 1240 297 1319 κλησιν
319 1236 452 1318 ταύτην.

591 1339 780 1390 ΜΑΡΓΤΡΙΑ.

292 1455 490 1531 Μαρτνροῦσι
513 1451 596 1527 φίλοι
616 1444 693 1512 εἶναι
710 1448 760 1510 καί
778 1447 935 1527 ἐπιτήδειοι
955 1447 1119 1526 Φορμίωνι,
1140 1443 1189 1506 καί

224 1553 362 1625 παρεῖναι
384 1546 458 1627 πρὸς
479 1551 520 1632 τῷ
544 1547 673 1630 διαιτητῇ
699 1547 812 1629 Τεισία,
840 1545 886 1608 ὅτε
909 1537 948 1624 ἦν
967 1543 1116 1620 ἀπόφασις
1137 1551 1190 1620 της

227 1646 339 1722 διαίτης
364 1639 576 1730 Ἀπολλοδώρῳ
610 1643 684 1726 πρὸς
716 1643 887 1723 Φορμίωνα,
916 1640 967 1702 καί
997 1637 1105 1702 εἰδέναι
1135 1637 1189 1716 τὴν

226 1742 388 1821 μαρτυρίαν
401 1737 596 1825 ὑφηρημένον
610 1739 779 1818 Στέφανον,
792 1736 831 1818 ἣν
845 1739 970 1799 αἰτιᾶται
983 1737 1074 1798 αὑτὸν
1085 1732 1189 1798 Ἀπολ-

224 1838 354 1918 λόδωρος
370 1835 544 1914 ὑφελέσθαι

240 1955 291 2022 Ἢ
308 1953 510 2044 μαρτυρείί,
532 1955 553 2039 ἢ
577 1954 791 2040 ἐξομόσασθε.

585 2146 783 2206 ΕΞΩΜΟΣΙΑ.

142 2290 168 2330 ει
253 2263 323 2328 Οὐκ
342 2265 467 2348 ίίδηλου
485 2259 528 2346 ην
547 2258 573 2327 ὦ
593 2265 711 2348 ἄνδρες
730 2268 890 2349 δικασταί,
913 2266 964 2331 ότι
985 2261 1073 2332 τοῦτ’
1099 2267 1191 2349 ἐμελ-

183 2376 243 2436 λον
261 2371 425 2452 ποιήσειν,
447 2370 630 2453 προθύμως
648 2369 845 2453 ἐξομεῖσθαι.
882 2372 938 2436 ἵνα
955 2375 1071 2436 τοίνυν
1088 2391 1191 2454 παρα-

181 2472 278 2562 χρῆμ’
302 2469 514 2559 ἐξελεγχθώιί
538 2473 783 2559 ἐπιωρκηκότες,
806 2472 888 2559 λαβέ
908 2499 964 2561 μοι
986 2477 1108 2558 ταύτην
1130 2477 1191 2560 την

181 2585 365 2667 μαρτυρίαν
387 2579 442 2644 καί
465 2581 526 2663 τὴν
549 2581 743 2665 πρόκλησιν.
779 2579 1014 2664 αναγιγυωσκε.

463 2773 653 2828 ΜΑΡΤΤΡΙΑ.
680 2775 905 2828 ΠΡΟΚΛΗΣΙΣ.

291 2889 491 2967 Μαρτυρούσι
512 2891 664 2965 παρεῖναι,
693 2885 738 2946 ότε
758 2881 975 2968 Ἀπολλόδωρος
996 2885 1188 2966 προύκαλεῖιο

224 2980 383 3060 Στέφανον
405 2984 595 3060 παραδοῦναι
616 2983 668 3044 τὸν
689 2984 782 3044 παῖδα
804 2982 855 3044 τὸν
877 2981 1048 3044 ἀκόλουθον
1070 2983 1112 3056 είς
1135 2985 1189 3062 βοί-

225 3099 318 3142 σανου
341 3079 407 3158 περὶ
430 3089 482 3158 τῆς
504 3077 688 3160 ὑφαιρέσεως
714 3089 767 3144 τοῦ
794 3081 1002 3163 γραμματείου,
1025 3079 1075 3141 καὶ
1097 3081 1189 3163 γρύμ-

224 3200 299 3255 ματα
322 3170 361 3256 ἧν
383 3174 497 3256 ἕτοιμος
523 3177 650 3257 γρύφειυ
669 3171 903 3258 Ἀπολλόδωρος,
925 3172 997 3236 καθ’
1023 3176 1040 3238 ὅ
1060 3199 1087 3237 τι
1111 3177 1189 3239 ἔσται

224 3269 244 3351 ἡ
268 3275 405 3352 βάσανος.
442 3282 533 3334 ταῦτα
557 3271 588 3334 δὲ
610 3271 854 3353 προκαλουμένου
875 3269 1110 3353 Ἀπολλοδώρου,
1133 3274 1189 3334 οὑκ

225 3369 364 3450 ἐθελῆσαι
378 3371 567 3449 παραδοῦναι
580 3369 748 3446 Στέφανον,
767 3365 829 3430 ἀλλ’
851 3369 1071 3448 ἀποκρίνασθαι
1086 3365 1189 3430 Ἀπολ

224 3466 345 3552 λοδώρφ
369 3467 555 3546 δικάζεσθαι,
582 3467 610 3528 εί
630 3466 782 3546 βούλοιτο,
809 3467 839 3528 εί
856 3467 886 3527 τί
905 3483 998 3544 φησιν
1020 3463 1189 3524 ἀδικεῖσθαι

222 3559 277 3640 ὑφ’
302 3562 418 3626 ἑαυτοῦ.

1200 2780 1268 2830 112⁰
