<?xml version="1.0" encoding="UTF-8"?>
<!DOCTYPE html PUBLIC "-//W3C//DTD XHTML 1.0 Transitional//EN"
    "http://www.w3.org/TR/xhtml1/DTD/xhtml1-transitional.dtd">
<html xmlns="http://www.w3.org/1999/xhtml" xml:lang="en" lang="en">
 <head>
  <title>
</title>
<meta http-equiv="Content-Type" content="text/html;charset=utf-8" />
  <meta name='ocr-system' content='tesseract 3.04.00' />
  <meta name='ocr-capabilities' content='ocr_page ocr_carea ocr_par ocr_line ocrx_word'/>
</head>
<body>
  <div class='ocr_page' id='page_1' title='image "./orationes01demogoog_0513.png"; bbox 0 0 2656 3926; ppageno 0'>
   <div class='ocr_carea' id='block_1_1' title="bbox 180 177 821 242">
    <p class='ocr_par' dir='ltr' id='par_1_1' title="bbox 180 177 821 242">
     <span class='ocr_line' id='line_1_1' title="bbox 180 177 821 242; baseline 0 -10"><span class='ocrx_word' id='word_1_1' title='bbox 180 177 247 242; x_wconf 84' lang='grc'><strong><em>420</em></strong></span> <span class='ocrx_word' id='word_1_2' title='bbox 543 179 821 233; x_wconf 74' lang='grc' dir='ltr'>ΔΗΜΟΣΘΕΝΟΤΣ</span> 
     </span>
    </p>
   </div>
   <div class='ocr_carea' id='block_1_2' title="bbox 125 334 1311 3594">
    <p class='ocr_par' dir='ltr' id='par_1_2' title="bbox 125 334 1311 3594">
     <span class='ocr_line' id='line_1_2' title="bbox 182 334 1198 424; baseline -0.004 -20"><span class='ocrx_word' id='word_1_3' title='bbox 182 339 244 406; x_wconf 86' lang='grc' dir='ltr'><strong><em>ἀπὸ</em></strong></span> <span class='ocrx_word' id='word_1_4' title='bbox 274 348 331 423; x_wconf 78' lang='grc' dir='ltr'><strong><em>τῆς</em></strong></span> <span class='ocrx_word' id='word_1_5' title='bbox 360 338 458 421; x_wconf 77' lang='grc' dir='ltr'><strong><em>αὐτῆς</em></strong></span> <span class='ocrx_word' id='word_1_6' title='bbox 492 340 638 423; x_wconf 81' lang='grc' dir='ltr'><strong><em>σπονδῆς</em></strong></span> <span class='ocrx_word' id='word_1_7' title='bbox 666 337 721 406; x_wconf 81' lang='grc' dir='ltr'><strong><em>καὶ</em></strong></span> <span class='ocrx_word' id='word_1_8' title='bbox 755 335 977 424; x_wconf 87' lang='grc' dir='ltr'><strong><em>προαιρέσεως</em></strong></span> <span class='ocrx_word' id='word_1_9' title='bbox 1006 334 1060 404; x_wconf 85' lang='grc' dir='ltr'><strong><em>καί</em></strong></span> <span class='ocrx_word' id='word_1_10' title='bbox 1088 345 1198 402; x_wconf 87' lang='grc' dir='ltr'><strong><em>ταῦτα</em></strong></span> 
     </span>
     <span class='ocr_line' id='line_1_3' title="bbox 181 440 1197 531; baseline -0.003 -22"><span class='ocrx_word' id='word_1_11' title='bbox 181 445 315 510; x_wconf 81' lang='grc' dir='ltr'><strong><em>κάκεῖνα</em></strong></span> <span class='ocrx_word' id='word_1_12' title='bbox 342 454 400 531; x_wconf 78' lang='grc' dir='ltr'><strong><em>μιᾷ</em></strong></span> <span class='ocrx_word' id='word_1_13' title='bbox 427 445 541 530; x_wconf 82' lang='grc' dir='ltr'><strong><em>γνώμη</em></strong></span> <span class='ocrx_word' id='word_1_14' title='bbox 572 446 848 531; x_wconf 80' lang='grc' dir='ltr'><strong><em>πραγματεύομαι.</em></strong></span> <span class='ocrx_word' id='word_1_15' title='bbox 897 447 1043 530; x_wconf 83' lang='grc' dir='ltr'><strong><em>περίεστι</em></strong></span> <span class='ocrx_word' id='word_1_16' title='bbox 1071 440 1111 507; x_wconf 93' lang='grc' dir='ltr'><strong><em>δέ</em></strong></span> <span class='ocrx_word' id='word_1_17' title='bbox 1135 465 1197 525; x_wconf 91' lang='grc' dir='ltr'><strong><em>μοι</em></strong></span> 
     </span>
     <span class='ocr_line' id='line_1_4' title="bbox 181 541 1195 634; baseline -0.003 -18"><span class='ocrx_word' id='word_1_18' title='bbox 181 561 331 633; x_wconf 87' lang='grc' dir='ltr'><strong><em>τοιαῦτα,</em></strong></span> <span class='ocrx_word' id='word_1_19' title='bbox 354 541 408 615; x_wconf 83' lang='grc' dir='ltr'><strong><em>οἰα</em></strong></span> <span class='ocrx_word' id='word_1_20' title='bbox 430 562 498 626; x_wconf 80' lang='grc' dir='ltr'><strong><em>τοῖς</em></strong></span> <span class='ocrx_word' id='word_1_21' title='bbox 520 554 622 616; x_wconf 86' lang='grc' dir='ltr'><strong><em>κακόν</em></strong></span> <span class='ocrx_word' id='word_1_22' title='bbox 649 574 680 615; x_wconf 93' lang='grc' dir='ltr'><strong><em>τι</em></strong></span> <span class='ocrx_word' id='word_1_23' title='bbox 707 560 847 620; x_wconf 91' lang='grc' dir='ltr'><strong><em>νοοῦσιν</em></strong></span> <span class='ocrx_word' id='word_1_24' title='bbox 873 549 954 634; x_wconf 83' lang='grc' dir='ltr'><strong><em>ὑμῖν</em></strong></span> <span class='ocrx_word' id='word_1_25' title='bbox 976 545 1195 634; x_wconf 77' lang='grc' dir='ltr'><strong><em>περιγένοιτο.</em></strong></span> 
     </span>
     <span class='ocr_line' id='line_1_5' title="bbox 181 650 694 740; baseline -0.006 -17"><span class='ocrx_word' id='word_1_26' title='bbox 181 653 332 740; x_wconf 81' lang='grc' dir='ltr'><strong><em>καὶπερὶ</em></strong></span> <span class='ocrx_word' id='word_1_27' title='bbox 354 650 416 739; x_wconf 72' lang='grc' dir='ltr'><strong><em>μὲν</em></strong></span> <span class='ocrx_word' id='word_1_28' title='bbox 438 657 566 722; x_wconf 90' lang='grc' dir='ltr'><strong><em>τούτων</em></strong></span> <span class='ocrx_word' id='word_1_29' title='bbox 590 657 694 721; x_wconf 92' lang='grc' dir='ltr'><strong><em>ἰκανά.</em></strong></span> 
     </span>
     <span class='ocr_line' id='line_1_6' title="bbox 142 757 1194 850; baseline -0.002 -24"><span class='ocrx_word' id='word_1_30' title='bbox 142 778 167 819; x_wconf 76' lang='lat'><strong><em>³⁷</em></strong></span> <span class='ocrx_word' id='word_1_31' title='bbox 244 758 369 838; x_wconf 91' lang='grc' dir='ltr'><strong><em>Ἡδέως</em></strong></span> <span class='ocrx_word' id='word_1_32' title='bbox 387 758 419 827; x_wconf 91' lang='grc' dir='ltr'><strong><em>δ’</em></strong></span> <span class='ocrx_word' id='word_1_33' title='bbox 437 760 479 826; x_wconf 89' lang='grc' dir='ltr'><strong><em>ἀν</em></strong></span> <span class='ocrx_word' id='word_1_34' title='bbox 499 762 579 846; x_wconf 84' lang='grc' dir='ltr'><strong><em>ὑμῖν</em></strong></span> <span class='ocrx_word' id='word_1_35' title='bbox 596 763 658 846; x_wconf 81' lang='grc' dir='ltr'><strong><em>την</em></strong></span> <span class='ocrx_word' id='word_1_36' title='bbox 679 759 728 830; x_wconf 87' lang='grc' dir='ltr'><strong><em>ἐπ’</em></strong></span> <span class='ocrx_word' id='word_1_37' title='bbox 751 762 865 850; x_wconf 76' lang='grc' dir='ltr'><strong><em>εὐνοία</em></strong></span> <span class='ocrx_word' id='word_1_38' title='bbox 882 761 937 830; x_wconf 88' lang='grc' dir='ltr'><strong><em>καὶ</em></strong></span> <span class='ocrx_word' id='word_1_39' title='bbox 954 765 1049 848; x_wconf 82' lang='grc' dir='ltr'><strong><em>φιλίηι</em></strong></span> <span class='ocrx_word' id='word_1_40' title='bbox 1067 757 1194 844; x_wconf 75' lang='grc' dir='ltr'><strong><em>μέμψιν</em></strong></span> 
     </span>
     <span class='ocr_line' id='line_1_7' title="bbox 181 863 1195 956; baseline -0.002 -22"><span class='ocrx_word' id='word_1_41' title='bbox 181 871 383 952; x_wconf 79' lang='grc' dir='ltr'><strong><em>ποιησαίμην</em></strong></span> <span class='ocrx_word' id='word_1_42' title='bbox 405 879 469 934; x_wconf 89' lang='grc' dir='ltr'><strong><em>νῦν</em></strong></span> <span class='ocrx_word' id='word_1_43' title='bbox 494 863 555 952; x_wconf 71' lang='grc' dir='ltr'><strong><em>μὲν</em></strong></span> <span class='ocrx_word' id='word_1_44' title='bbox 581 866 617 934; x_wconf 87' lang='grc' dir='ltr'><strong><em>έν</em></strong></span> <span class='ocrx_word' id='word_1_45' title='bbox 642 871 826 956; x_wconf 85' lang='grc' dir='ltr'><strong><em>κεφαλαίφ,</em></strong></span> <span class='ocrx_word' id='word_1_46' title='bbox 853 869 971 952; x_wconf 91' lang='grc' dir='ltr'><strong><em>μικρὸν</em></strong></span> <span class='ocrx_word' id='word_1_47' title='bbox 993 863 1023 932; x_wconf 86' lang='grc' dir='ltr'><strong><em>δ’</em></strong></span> <span class='ocrx_word' id='word_1_48' title='bbox 1050 866 1195 951; x_wconf 75' lang='grc' dir='ltr'><strong><em>ὕστερον</em></strong></span> 
     </span>
     <span class='ocr_line' id='line_1_8' title="bbox 183 970 1194 1057; baseline -0.002 -20"><span class='ocrx_word' id='word_1_49' title='bbox 183 970 227 1037; x_wconf 82' lang='grc' dir='ltr'><strong><em>δι’</em></strong></span> <span class='ocrx_word' id='word_1_50' title='bbox 249 972 420 1056; x_wconf 77' lang='grc' dir='ltr'><strong><em>ἐπιστολῆς</em></strong></span> <span class='ocrx_word' id='word_1_51' title='bbox 443 981 583 1057; x_wconf 88' lang='grc' dir='ltr'><strong><em>μακρᾶς,</em></strong></span> <span class='ocrx_word' id='word_1_52' title='bbox 611 971 654 1054; x_wconf 73' lang='grc' dir='ltr'><strong><em>ἣν</em></strong></span> <span class='ocrx_word' id='word_1_53' title='bbox 677 971 796 1057; x_wconf 79' lang='grc' dir='ltr'><strong><em>ἐάνπερ</em></strong></span> <span class='ocrx_word' id='word_1_54' title='bbox 826 971 889 1054; x_wconf 81' lang='grc' dir='ltr'><strong><em>ἐγω</em></strong></span> <span class='ocrx_word' id='word_1_55' title='bbox 914 975 954 1050; x_wconf 82' lang='grc' dir='ltr'><strong><em>ζῶ</em></strong></span> <span class='ocrx_word' id='word_1_56' title='bbox 976 972 1194 1055; x_wconf 80' lang='grc' dir='ltr'><strong><em>προσδοκᾶτε,</em></strong></span> 
     </span>
     <span class='ocr_line' id='line_1_9' title="bbox 182 1075 1311 1168; baseline -0.003 -25"><span class='ocrx_word' id='word_1_57' title='bbox 182 1077 224 1143; x_wconf 91' lang='grc' dir='ltr'><strong><em>ἀν</em></strong></span> <span class='ocrx_word' id='word_1_58' title='bbox 252 1079 295 1163; x_wconf 81' lang='grc' dir='ltr'><strong><em>μη</em></strong></span> <span class='ocrx_word' id='word_1_59' title='bbox 323 1079 363 1143; x_wconf 90' lang='grc' dir='ltr'><strong><em>τά</em></strong></span> <span class='ocrx_word' id='word_1_60' title='bbox 390 1080 500 1144; x_wconf 90' lang='grc' dir='ltr'><strong><em>δίκαια</em></strong></span> <span class='ocrx_word' id='word_1_61' title='bbox 528 1081 685 1162; x_wconf 89' lang='grc' dir='ltr'><strong><em>γίγνηταί</em></strong></span> <span class='ocrx_word' id='word_1_62' title='bbox 710 1102 765 1162; x_wconf 88' lang='grc' dir='ltr'><strong><em>μοι</em></strong></span> <span class='ocrx_word' id='word_1_63' title='bbox 793 1075 869 1163; x_wconf 86' lang='grc' dir='ltr'><strong><em>παρ’</em></strong></span> <span class='ocrx_word' id='word_1_64' title='bbox 896 1077 990 1161; x_wconf 81' lang='grc' dir='ltr'><strong><em>ὑμῶν</em></strong></span> <span class='ocrx_word' id='word_1_65' title='bbox 1016 1079 1194 1162; x_wconf 88' lang='grc' dir='ltr'><strong><em>πρότερον·</em></strong></span> <span class='ocrx_word' id='word_1_66' title='bbox 1310 1137 1311 1168; x_wconf 49' lang='grc'><strong><em>,</em></strong></span> 
     </span>
     <span class='ocr_line' id='line_1_10' title="bbox 183 1169 1311 1272; baseline -0.004 -22"><span class='ocrx_word' id='word_1_67' title='bbox 183 1185 316 1269; x_wconf 83' lang='grc' dir='ltr'><strong><em>οἵτινες,</em></strong></span> <span class='ocrx_word' id='word_1_68' title='bbox 344 1180 369 1250; x_wconf 81' lang='grc' dir='ltr'><em>ὦ</em></span> <span class='ocrx_word' id='word_1_69' title='bbox 397 1181 446 1272; x_wconf 89' lang='grc' dir='ltr'><strong><em>(τί</em></strong></span> <span class='ocrx_word' id='word_1_70' title='bbox 466 1183 507 1249; x_wconf 88' lang='grc' dir='ltr'><strong><em>ἀν</em></strong></span> <span class='ocrx_word' id='word_1_71' title='bbox 530 1184 634 1249; x_wconf 83' lang='grc' dir='ltr'><strong><em>εἰπὼν</em></strong></span> <span class='ocrx_word' id='word_1_72' title='bbox 661 1181 742 1268; x_wconf 81' lang='grc' dir='ltr'><strong><em>μηθ’</em></strong></span> <span class='ocrx_word' id='word_1_73' title='bbox 770 1183 925 1269; x_wconf 80' lang='grc' dir='ltr'><strong><em>ἁμαρτεῖν</em></strong></span> <span class='ocrx_word' id='word_1_74' title='bbox 953 1185 1089 1266; x_wconf 81' lang='grc' dir='ltr'><strong><em>δοκοίην</em></strong></span> <span class='ocrx_word' id='word_1_75' title='bbox 1111 1185 1193 1266; x_wconf 82' lang='grc' dir='ltr'><strong><em>μήτε</em></strong></span> <span class='ocrx_word' id='word_1_76' title='bbox 1310 1169 1311 1262; x_wconf 78' lang='lat'><strong><em>3</em></strong></span> 
     </span>
     <span class='ocr_line' id='line_1_11' title="bbox 182 1263 1311 1376; baseline -0.003 -22"><span class='ocrx_word' id='word_1_77' title='bbox 182 1289 398 1376; x_wconf 83' lang='grc' dir='ltr'><strong><em>ψευσαίμην;)</em></strong></span> <span class='ocrx_word' id='word_1_78' title='bbox 434 1294 509 1356; x_wconf 90' lang='grc' dir='ltr'><strong><em>λίαν</em></strong></span> <span class='ocrx_word' id='word_1_79' title='bbox 539 1290 713 1376; x_wconf 88' lang='grc' dir='ltr'><strong><em>ὀλίγωροι,</em></strong></span> <span class='ocrx_word' id='word_1_80' title='bbox 750 1291 824 1356; x_wconf 88' lang='grc' dir='ltr'><strong><em>ούτε</em></strong></span> <span class='ocrx_word' id='word_1_81' title='bbox 854 1292 932 1366; x_wconf 82' lang='grc' dir='ltr'><strong><em>τοὺς</em></strong></span> <span class='ocrx_word' id='word_1_82' title='bbox 961 1290 1081 1365; x_wconf 84' lang='grc' dir='ltr'><strong><em>ἀλλους</em></strong></span> <span class='ocrx_word' id='word_1_83' title='bbox 1110 1285 1188 1353; x_wconf 78' lang='grc' dir='ltr'><strong><em>οὔθ’</em></strong></span> <span class='ocrx_word' id='word_1_84' title='bbox 1310 1263 1311 1330; x_wconf 83' lang='lat'><strong><em>3</em></strong></span> 
     </span>
     <span class='ocr_line' id='line_1_12' title="bbox 182 1375 1311 1482; baseline -0.004 -20"><span class='ocrx_word' id='word_1_85' title='bbox 182 1393 267 1480; x_wconf 83' lang='grc' dir='ltr'><strong><em>ὑμᾶς</em></strong></span> <span class='ocrx_word' id='word_1_86' title='bbox 289 1397 409 1473; x_wconf 82' lang='grc' dir='ltr'><strong><em>αὐτούς</em></strong></span> <span class='ocrx_word' id='word_1_87' title='bbox 432 1396 647 1482; x_wconf 82' lang='grc' dir='ltr'><strong><em>αἰσχύνεσθε,</em></strong></span> <span class='ocrx_word' id='word_1_88' title='bbox 675 1393 727 1482; x_wconf 89' lang='grc' dir='ltr'><strong><em>ἐφ’</em></strong></span> <span class='ocrx_word' id='word_1_89' title='bbox 755 1388 805 1472; x_wconf 83' lang='grc' dir='ltr'><strong><em>οἷς</em></strong></span> <span class='ocrx_word' id='word_1_90' title='bbox 823 1391 1071 1482; x_wconf 81' lang='grc' dir='ltr'><strong><em>Ἆριστογείτον’</em></strong></span> <span class='ocrx_word' id='word_1_91' title='bbox 1099 1393 1195 1478; x_wconf 88' lang='grc' dir='ltr'><strong><em>ἀφεί-</em></strong></span> <span class='ocrx_word' id='word_1_92' title='bbox 1310 1375 1311 1392; x_wconf 51' lang='lat'><em>3</em></span> 
     </span>
     <span class='ocr_line' id='line_1_13' title="bbox 143 1499 1194 1587; baseline -0.006 -17"><span class='ocrx_word' id='word_1_93' title='bbox 143 1519 170 1560; x_wconf 78' lang='lat'><strong><em>88</em></strong></span> <span class='ocrx_word' id='word_1_94' title='bbox 183 1526 270 1585; x_wconf 82' lang='grc' dir='ltr'><strong><em>κατε,</em></strong></span> <span class='ocrx_word' id='word_1_95' title='bbox 288 1501 341 1568; x_wconf 84' lang='grc' dir='ltr'><strong><em>ἐπὶ</em></strong></span> <span class='ocrx_word' id='word_1_96' title='bbox 359 1503 488 1578; x_wconf 77' lang='grc' dir='ltr'><strong><em>τούτοις</em></strong></span> <span class='ocrx_word' id='word_1_97' title='bbox 506 1499 733 1587; x_wconf 74' lang='grc' dir='ltr'><strong><em>Δημοσθένην</em></strong></span> <span class='ocrx_word' id='word_1_98' title='bbox 752 1501 995 1586; x_wconf 79' lang='grc' dir='ltr'><strong><em>ἐκβεβληκότες,</em></strong></span> <span class='ocrx_word' id='word_1_99' title='bbox 1012 1499 1066 1566; x_wconf 88' lang='grc' dir='ltr'><strong><em>καὶ</em></strong></span> <span class='ocrx_word' id='word_1_100' title='bbox 1085 1499 1105 1565; x_wconf 85' lang='grc' dir='ltr'><strong><em>ἀ</em></strong></span> <span class='ocrx_word' id='word_1_101' title='bbox 1122 1511 1194 1576; x_wconf 77' lang='grc' dir='ltr'><strong><em>τοῖς</em></strong></span> 
     </span>
     <span class='ocr_line' id='line_1_14' title="bbox 183 1602 1311 1692; baseline -0.002 -20"><span class='ocrx_word' id='word_1_102' title='bbox 183 1613 327 1690; x_wconf 87' lang='grc' dir='ltr'><strong><em>τολμῶσι</em></strong></span> <span class='ocrx_word' id='word_1_103' title='bbox 345 1604 448 1690; x_wconf 73' lang='grc' dir='ltr'><strong><em>μηδὲν</em></strong></span> <span class='ocrx_word' id='word_1_104' title='bbox 467 1605 561 1691; x_wconf 80' lang='grc' dir='ltr'><strong><em>ὑμῶν</em></strong></span> <span class='ocrx_word' id='word_1_105' title='bbox 577 1611 764 1691; x_wconf 82' lang='grc' dir='ltr'><strong><em>φροντίζειν</em></strong></span> <span class='ocrx_word' id='word_1_106' title='bbox 782 1609 826 1691; x_wconf 78' lang='grc' dir='ltr'><strong><em>μὴ</em></strong></span> <span class='ocrx_word' id='word_1_107' title='bbox 846 1611 985 1692; x_wconf 82' lang='grc' dir='ltr'><strong><em>λαβοῦσι</em></strong></span> <span class='ocrx_word' id='word_1_108' title='bbox 1003 1602 1080 1692; x_wconf 85' lang='grc' dir='ltr'><strong><em>παρ’</em></strong></span> <span class='ocrx_word' id='word_1_109' title='bbox 1096 1605 1192 1690; x_wconf 83' lang='grc' dir='ltr'><strong><em>ὑμῶν</em></strong></span> <span class='ocrx_word' id='word_1_110' title='bbox 1310 1667 1311 1670; x_wconf 74' lang='grc'><strong><em>,</em></strong></span> 
     </span>
     <span class='ocr_line' id='line_1_15' title="bbox 184 1703 1272 1798; baseline -0.003 -20"><span class='ocrx_word' id='word_1_111' title='bbox 184 1712 308 1790; x_wconf 80' lang='grc' dir='ltr'><strong><em>ἔξεστιν</em></strong></span> <span class='ocrx_word' id='word_1_112' title='bbox 331 1716 429 1798; x_wconf 79' lang='grc' dir='ltr'><strong><em>ἔχειν,</em></strong></span> <span class='ocrx_word' id='word_1_113' title='bbox 451 1709 541 1778; x_wconf 88' lang='grc' dir='ltr'><strong><em>ταῦτ’</em></strong></span> <span class='ocrx_word' id='word_1_114' title='bbox 569 1712 609 1777; x_wconf 86' lang='grc' dir='ltr'><strong><em>ού</em></strong></span> <span class='ocrx_word' id='word_1_115' title='bbox 633 1712 782 1789; x_wconf 86' lang='grc' dir='ltr'><strong><em>διδόντες</em></strong></span> <span class='ocrx_word' id='word_1_116' title='bbox 805 1712 894 1796; x_wconf 88' lang='grc' dir='ltr'><strong><em>ἐμοί,</em></strong></span> <span class='ocrx_word' id='word_1_117' title='bbox 916 1709 976 1797; x_wconf 81' lang='grc' dir='ltr'><strong><em>ἵν’,</em></strong></span> <span class='ocrx_word' id='word_1_118' title='bbox 1000 1712 1041 1777; x_wconf 86' lang='grc' dir='ltr'><strong><em>ἀν</em></strong></span> <span class='ocrx_word' id='word_1_119' title='bbox 1064 1703 1133 1788; x_wconf 84' lang='grc' dir='ltr'><strong><em>οἰός</em></strong></span> <span class='ocrx_word' id='word_1_120' title='bbox 1155 1707 1187 1776; x_wconf 88' lang='grc' dir='ltr'><strong><em>τ’</em></strong></span> <span class='ocrx_word' id='word_1_121' title='bbox 1204 1727 1272 1776; x_wconf 73' lang='grc'>1484</span> 
     </span>
     <span class='ocr_line' id='line_1_16' title="bbox 185 1813 1311 1904; baseline 0 -22"><span class='ocrx_word' id='word_1_122' title='bbox 185 1813 222 1901; x_wconf 79' lang='grc' dir='ltr'><strong><em>ὦ,</em></strong></span> <span class='ocrx_word' id='word_1_123' title='bbox 244 1818 284 1882; x_wconf 91' lang='grc' dir='ltr'><strong><em>τά</em></strong></span> <span class='ocrx_word' id='word_1_124' title='bbox 305 1814 333 1882; x_wconf 90' lang='grc' dir='ltr'><strong><em>τ’</em></strong></span> <span class='ocrx_word' id='word_1_125' title='bbox 357 1814 545 1904; x_wconf 83' lang='grc' dir='ltr'><strong><em>ὀφειλόμεν’</em></strong></span> <span class='ocrx_word' id='word_1_126' title='bbox 569 1817 743 1903; x_wconf 74' lang='grc' dir='ltr'><strong><em>εἰσπράξας</em></strong></span> <span class='ocrx_word' id='word_1_127' title='bbox 765 1816 821 1886; x_wconf 85' lang='grc' dir='ltr'><strong><em>καί</em></strong></span> <span class='ocrx_word' id='word_1_128' title='bbox 843 1819 921 1896; x_wconf 87' lang='grc' dir='ltr'><strong><em>τοῦς</em></strong></span> <span class='ocrx_word' id='word_1_129' title='bbox 943 1821 1061 1904; x_wconf 92' lang='grc' dir='ltr'><strong><em>φίλους</em></strong></span> <span class='ocrx_word' id='word_1_130' title='bbox 1083 1816 1192 1903; x_wconf 80' lang='grc' dir='ltr'><strong><em>ἐρανί-</em></strong></span> <span class='ocrx_word' id='word_1_131' title='bbox 1310 1885 1311 1892; x_wconf 22' lang='lat'><em>3</em></span> 
     </span>
     <span class='ocr_line' id='line_1_17' title="bbox 184 1921 1191 2010; baseline -0.001 -22"><span class='ocrx_word' id='word_1_132' title='bbox 184 1942 243 2001; x_wconf 92' lang='grc' dir='ltr'><strong><em>σας</em></strong></span> <span class='ocrx_word' id='word_1_133' title='bbox 264 1923 304 1989; x_wconf 89' lang='grc' dir='ltr'><strong><em>τά</em></strong></span> <span class='ocrx_word' id='word_1_134' title='bbox 325 1925 407 2009; x_wconf 89' lang='grc' dir='ltr'><strong><em>πρὸς</em></strong></span> <span class='ocrx_word' id='word_1_135' title='bbox 429 1924 513 2008; x_wconf 82' lang='grc' dir='ltr'><strong><em>ὑμᾶς</em></strong></span> <span class='ocrx_word' id='word_1_136' title='bbox 537 1925 710 2007; x_wconf 82' lang='grc' dir='ltr'><strong><em>διοικησω,</em></strong></span> <span class='ocrx_word' id='word_1_137' title='bbox 733 1922 789 1989; x_wconf 87' lang='grc' dir='ltr'><strong><em>καί</em></strong></span> <span class='ocrx_word' id='word_1_138' title='bbox 812 1925 856 2008; x_wconf 81' lang='grc' dir='ltr'><strong><em>μη</em></strong></span> <span class='ocrx_word' id='word_1_139' title='bbox 878 1932 981 2010; x_wconf 74' lang='grc' dir='ltr'><strong><em>γῆρας</em></strong></span> <span class='ocrx_word' id='word_1_140' title='bbox 1002 1921 1057 1988; x_wconf 85' lang='grc' dir='ltr'><strong><em>καί</em></strong></span> <span class='ocrx_word' id='word_1_141' title='bbox 1078 1923 1191 2007; x_wconf 76' lang='grc' dir='ltr'><strong><em>φυγὴν</em></strong></span> 
     </span>
     <span class='ocr_line' id='line_1_18' title="bbox 183 2026 1191 2118; baseline -0.004 -22"><span class='ocrx_word' id='word_1_142' title='bbox 183 2029 329 2118; x_wconf 82' lang='grc' dir='ltr'><strong><em>ἐπίχειρα</em></strong></span> <span class='ocrx_word' id='word_1_143' title='bbox 356 2041 422 2096; x_wconf 84' lang='grc' dir='ltr'><strong><em>τῶν</em></strong></span> <span class='ocrx_word' id='word_1_144' title='bbox 448 2026 531 2116; x_wconf 73' lang='grc' dir='ltr'><strong><em>ὑπὲρ</em></strong></span> <span class='ocrx_word' id='word_1_145' title='bbox 557 2029 652 2114; x_wconf 82' lang='grc' dir='ltr'><strong><em>ὑμῶν</em></strong></span> <span class='ocrx_word' id='word_1_146' title='bbox 683 2029 921 2114; x_wconf 84' lang='grc' dir='ltr'><strong><em>πεπονημένων</em></strong></span> <span class='ocrx_word' id='word_1_147' title='bbox 949 2032 1049 2116; x_wconf 83' lang='grc' dir='ltr'><strong><em>έχων,</em></strong></span> <span class='ocrx_word' id='word_1_148' title='bbox 1075 2030 1191 2094; x_wconf 89' lang='grc' dir='ltr'><strong><em>κοινὸν</em></strong></span> 
     </span>
     <span class='ocr_line' id='line_1_19' title="bbox 184 2134 1311 2222; baseline -0.004 -20"><span class='ocrx_word' id='word_1_149' title='bbox 184 2137 313 2212; x_wconf 81' lang='grc' dir='ltr'><strong><em>ὄνειδος</em></strong></span> <span class='ocrx_word' id='word_1_150' title='bbox 334 2147 400 2200; x_wconf 81' lang='grc' dir='ltr'><strong><em>τῶν</em></strong></span> <span class='ocrx_word' id='word_1_151' title='bbox 423 2134 669 2220; x_wconf 75' lang='grc' dir='ltr'><strong><em>ἀδικησάντων,</em></strong></span> <span class='ocrx_word' id='word_1_152' title='bbox 699 2134 752 2202; x_wconf 87' lang='grc' dir='ltr'><strong><em>ἐπὶ</em></strong></span> <span class='ocrx_word' id='word_1_153' title='bbox 781 2135 875 2219; x_wconf 83' lang='grc' dir='ltr'><strong><em>ξένης</em></strong></span> <span class='ocrx_word' id='word_1_154' title='bbox 895 2137 1033 2222; x_wconf 82' lang='grc' dir='ltr'><strong><em>περιιὼν</em></strong></span> <span class='ocrx_word' id='word_1_155' title='bbox 1056 2134 1192 2219; x_wconf 81' lang='grc' dir='ltr'><strong><em>ὁρῶμαι.</em></strong></span> <span class='ocrx_word' id='word_1_156' title='bbox 1310 2157 1311 2210; x_wconf 50' lang='lat'><em>4</em></span> 
     </span>
     <span class='ocr_line' id='line_1_20' title="bbox 144 2237 1192 2328; baseline -0.003 -20"><span class='ocrx_word' id='word_1_157' title='bbox 144 2261 171 2301; x_wconf 74' lang='lat'><strong><em>³⁹</em></strong></span> <span class='ocrx_word' id='word_1_158' title='bbox 183 2239 390 2327; x_wconf 88' lang='grc' dir='ltr'><strong><em>βουλομένου</em></strong></span> <span class='ocrx_word' id='word_1_159' title='bbox 413 2240 453 2308; x_wconf 89' lang='grc' dir='ltr'><strong><em>δέ</em></strong></span> <span class='ocrx_word' id='word_1_160' title='bbox 472 2266 537 2326; x_wconf 90' lang='grc' dir='ltr'><strong><em>μου</em></strong></span> <span class='ocrx_word' id='word_1_161' title='bbox 556 2241 593 2307; x_wconf 83' lang='grc' dir='ltr'><strong><em>ἐν</em></strong></span> <span class='ocrx_word' id='word_1_162' title='bbox 611 2237 671 2326; x_wconf 71' lang='grc' dir='ltr'><strong><em>μὲν</em></strong></span> <span class='ocrx_word' id='word_1_163' title='bbox 689 2240 846 2327; x_wconf 82' lang='grc' dir='ltr'><strong><em>ὑμετέρας</em></strong></span> <span class='ocrx_word' id='word_1_164' title='bbox 863 2244 994 2328; x_wconf 85' lang='grc' dir='ltr'><strong><em>χάριτος</em></strong></span> <span class='ocrx_word' id='word_1_165' title='bbox 1016 2239 1070 2306; x_wconf 85' lang='grc' dir='ltr'><strong><em>καὶ</em></strong></span> <span class='ocrx_word' id='word_1_166' title='bbox 1093 2263 1192 2324; x_wconf 89' lang='grc' dir='ltr'><strong><em>μεγα-</em></strong></span> 
     </span>
     <span class='ocr_line' id='line_1_21' title="bbox 183 2341 1311 2434; baseline -0.002 -21"><span class='ocrx_word' id='word_1_167' title='bbox 183 2352 343 2434; x_wconf 78' lang='grc' dir='ltr'><strong><em>λοιγυχίας</em></strong></span> <span class='ocrx_word' id='word_1_168' title='bbox 364 2347 452 2426; x_wconf 86' lang='grc' dir='ltr'><strong><em>τάξει</em></strong></span> <span class='ocrx_word' id='word_1_169' title='bbox 475 2349 536 2432; x_wconf 79' lang='grc' dir='ltr'><strong><em>την</em></strong></span> <span class='ocrx_word' id='word_1_170' title='bbox 555 2345 670 2414; x_wconf 85' lang='grc' dir='ltr'><strong><em>οἰκαδέ</em></strong></span> <span class='ocrx_word' id='word_1_171' title='bbox 686 2372 741 2432; x_wconf 91' lang='grc' dir='ltr'><strong><em>μοι</em></strong></span> <span class='ocrx_word' id='word_1_172' title='bbox 765 2346 878 2434; x_wconf 88' lang='grc' dir='ltr'><strong><em>ἀφιξιν</em></strong></span> <span class='ocrx_word' id='word_1_173' title='bbox 901 2346 1069 2432; x_wconf 88' lang='grc' dir='ltr'><strong><em>γενέσθαι,</em></strong></span> <span class='ocrx_word' id='word_1_174' title='bbox 1092 2346 1192 2430; x_wconf 86' lang='grc' dir='ltr'><strong><em>ἐμαυ-</em></strong></span> <span class='ocrx_word' id='word_1_175' title='bbox 1310 2341 1311 2400; x_wconf 78' lang='lat'><strong><em>3</em></strong></span> 
     </span>
     <span class='ocr_line' id='line_1_22' title="bbox 182 2451 1311 2544; baseline -0.002 -25"><span class='ocrx_word' id='word_1_176' title='bbox 182 2464 227 2542; x_wconf 75' lang='grc' dir='ltr'><strong><em>τῷ</em></strong></span> <span class='ocrx_word' id='word_1_177' title='bbox 259 2451 307 2526; x_wconf 70' lang='grc' dir='ltr'><strong><em>δέ,</em></strong></span> <span class='ocrx_word' id='word_1_178' title='bbox 325 2455 421 2519; x_wconf 90' lang='grc' dir='ltr'><strong><em>λύσιν</em></strong></span> <span class='ocrx_word' id='word_1_179' title='bbox 451 2462 507 2538; x_wconf 78' lang='grc' dir='ltr'><strong><em>τῆς</em></strong></span> <span class='ocrx_word' id='word_1_180' title='bbox 540 2459 716 2538; x_wconf 86' lang='grc' dir='ltr'><strong><em>γεγονυίας</em></strong></span> <span class='ocrx_word' id='word_1_181' title='bbox 750 2455 791 2521; x_wconf 87' lang='grc' dir='ltr'><strong><em>οὐ</em></strong></span> <span class='ocrx_word' id='word_1_182' title='bbox 822 2456 955 2530; x_wconf 90' lang='grc' dir='ltr'><strong><em>δικαίως</em></strong></span> <span class='ocrx_word' id='word_1_183' title='bbox 983 2457 1192 2539; x_wconf 80' lang='grc' dir='ltr'><strong><em>βλασφημίας</em></strong></span> <span class='ocrx_word' id='word_1_184' title='bbox 1310 2457 1311 2544; x_wconf 91' lang='lat'><strong><em>3</em></strong></span> 
     </span>
     <span class='ocr_line' id='line_1_23' title="bbox 183 2547 1311 2644; baseline -0.001 -19"><span class='ocrx_word' id='word_1_185' title='bbox 183 2563 397 2644; x_wconf 75' lang='grc' dir='ltr'><strong><em>πορίσασθαι,</em></strong></span> <span class='ocrx_word' id='word_1_186' title='bbox 419 2556 474 2623; x_wconf 85' lang='grc' dir='ltr'><strong><em>καὶ</em></strong></span> <span class='ocrx_word' id='word_1_187' title='bbox 499 2563 604 2643; x_wconf 88' lang='grc' dir='ltr'><strong><em>μόνον</em></strong></span> <span class='ocrx_word' id='word_1_188' title='bbox 628 2561 799 2637; x_wconf 82' lang='grc' dir='ltr'><strong><em>αἰτοῦντος</em></strong></span> <span class='ocrx_word' id='word_1_189' title='bbox 816 2561 931 2626; x_wconf 83' lang='grc' dir='ltr'><strong><em>ἀδειαν</em></strong></span> <span class='ocrx_word' id='word_1_190' title='bbox 950 2559 1092 2644; x_wconf 83' lang='grc' dir='ltr'><strong><em>ὅσονπερ</em></strong></span> <span class='ocrx_word' id='word_1_191' title='bbox 1114 2562 1191 2644; x_wconf 80' lang='grc' dir='ltr'><strong><em>χρό-</em></strong></span> <span class='ocrx_word' id='word_1_192' title='bbox 1310 2547 1311 2582; x_wconf 64' lang='lat'><em>³</em></span> 
     </span>
     <span class='ocr_line' id='line_1_24' title="bbox 182 2661 1192 2751; baseline -0.003 -21"><span class='ocrx_word' id='word_1_193' title='bbox 182 2689 245 2730; x_wconf 94' lang='grc' dir='ltr'><strong><em>νον</em></strong></span> <span class='ocrx_word' id='word_1_194' title='bbox 266 2666 328 2748; x_wconf 77' lang='grc' dir='ltr'><strong><em>τὴν</em></strong></span> <span class='ocrx_word' id='word_1_195' title='bbox 351 2666 491 2730; x_wconf 81' lang='grc' dir='ltr'><strong><em>ἔκτεισιν</em></strong></span> <span class='ocrx_word' id='word_1_196' title='bbox 514 2666 689 2749; x_wconf 85' lang='grc' dir='ltr'><strong><em>δεδώκατε,</em></strong></span> <span class='ocrx_word' id='word_1_197' title='bbox 711 2676 814 2732; x_wconf 88' lang='grc' dir='ltr'><strong><em>ταῦτα</em></strong></span> <span class='ocrx_word' id='word_1_198' title='bbox 836 2661 897 2749; x_wconf 73' lang='grc' dir='ltr'><strong><em>μὲν</em></strong></span> <span class='ocrx_word' id='word_1_199' title='bbox 919 2666 960 2732; x_wconf 87' lang='grc' dir='ltr'><strong><em>ού</em></strong></span> <span class='ocrx_word' id='word_1_200' title='bbox 982 2675 1192 2751; x_wconf 80' lang='grc' dir='ltr'><strong><em>συγχωρεῖτε,</em></strong></span> 
     </span>
     <span class='ocr_line' id='line_1_25' title="bbox 125 2765 1311 2858; baseline -0.004 -23"><span class='ocrx_word' id='word_1_201' title='bbox 125 2836 130 2844; x_wconf 83' lang='grc'><strong><em>,</em></strong></span> <span class='ocrx_word' id='word_1_202' title='bbox 185 2770 323 2858; x_wconf 84' lang='grc' dir='ltr'><strong><em>ἐρωτᾶτε</em></strong></span> <span class='ocrx_word' id='word_1_203' title='bbox 347 2767 391 2852; x_wconf 87' lang='grc' dir='ltr'><strong><em>δ’,</em></strong></span> <span class='ocrx_word' id='word_1_204' title='bbox 415 2771 459 2846; x_wconf 84' lang='grc' dir='ltr'><strong><em>ὡς</em></strong></span> <span class='ocrx_word' id='word_1_205' title='bbox 481 2768 717 2854; x_wconf 83' lang='grc' dir='ltr'><strong><em>ἀπαγγέλλεται</em></strong></span> <span class='ocrx_word' id='word_1_206' title='bbox 740 2773 822 2857; x_wconf 88' lang='grc' dir='ltr'><strong><em>πρὸς</em></strong></span> <span class='ocrx_word' id='word_1_207' title='bbox 844 2768 911 2855; x_wconf 91' lang='grc' dir='ltr'><strong><em>ἐμέ,</em></strong></span> <span class='ocrx_word' id='word_1_208' title='bbox 933 2775 982 2847; x_wconf 91' lang='grc' dir='ltr'><strong><em>τίς</em></strong></span> <span class='ocrx_word' id='word_1_209' title='bbox 1004 2765 1066 2836; x_wconf 81' lang='grc' dir='ltr'><strong><em>οὖν</em></strong></span> <span class='ocrx_word' id='word_1_210' title='bbox 1089 2769 1191 2836; x_wconf 87' lang='grc' dir='ltr'><strong><em>αύτὸν</em></strong></span> <span class='ocrx_word' id='word_1_211' title='bbox 1310 2767 1311 2830; x_wconf 73' lang='lat'><em>3</em></span> 
     </span>
     <span class='ocr_line' id='line_1_26' title="bbox 143 2875 1190 2963; baseline 0.004 -27"><span class='ocrx_word' id='word_1_212' title='bbox 143 2893 171 2936; x_wconf 86' lang='grc' dir='ltr'><strong><em>ω</em></strong></span> <span class='ocrx_word' id='word_1_213' title='bbox 185 2876 304 2942; x_wconf 88' lang='grc' dir='ltr'><strong><em>κωλύει</em></strong></span> <span class='ocrx_word' id='word_1_214' title='bbox 331 2887 483 2960; x_wconf 81' lang='grc' dir='ltr'><strong><em>παρεῖναι</em></strong></span> <span class='ocrx_word' id='word_1_215' title='bbox 515 2875 570 2942; x_wconf 85' lang='grc' dir='ltr'><strong><em>καὶ</em></strong></span> <span class='ocrx_word' id='word_1_216' title='bbox 601 2888 702 2944; x_wconf 88' lang='grc' dir='ltr'><strong><em>ταῦτα</em></strong></span> <span class='ocrx_word' id='word_1_217' title='bbox 734 2878 902 2963; x_wconf 86' lang='grc' dir='ltr'><strong><em>πράττειν;</em></strong></span> <span class='ocrx_word' id='word_1_218' title='bbox 929 2879 967 2942; x_wconf 84' lang='grc' dir='ltr'><strong><em>τὸ</em></strong></span> <span class='ocrx_word' id='word_1_219' title='bbox 994 2875 1190 2942; x_wconf 91' lang='grc' dir='ltr'><strong><em>ἐπίστασθαι</em></strong></span> 
     </span>
     <span class='ocr_line' id='line_1_27' title="bbox 184 2976 1190 3068; baseline -0.003 -20"><span class='ocrx_word' id='word_1_220' title='bbox 184 2983 400 3068; x_wconf 82' lang='grc' dir='ltr'><strong><em>αἰσχύνεσθαι</em></strong></span> <span class='ocrx_word' id='word_1_221' title='bbox 424 2976 449 3046; x_wconf 81' lang='grc' dir='ltr'><em>ὦ</em></span> <span class='ocrx_word' id='word_1_222' title='bbox 473 2983 592 3068; x_wconf 81' lang='grc' dir='ltr'><strong><em>ἀνδρες</em></strong></span> <span class='ocrx_word' id='word_1_223' title='bbox 611 2979 798 3067; x_wconf 76' lang='grc' dir='ltr'><strong><em>Ἀθηναῖοι,</em></strong></span> <span class='ocrx_word' id='word_1_224' title='bbox 826 2981 938 3049; x_wconf 85' lang='grc' dir='ltr'><strong><em>καὶτὸ</em></strong></span> <span class='ocrx_word' id='word_1_225' title='bbox 962 2981 1102 3060; x_wconf 80' lang='grc' dir='ltr'><strong><em>ἀναξίως</em></strong></span> <span class='ocrx_word' id='word_1_226' title='bbox 1123 2992 1190 3046; x_wconf 82' lang='grc' dir='ltr'><strong><em>τῶν</em></strong></span> 
     </span>
     <span class='ocr_line' id='line_1_28' title="bbox 183 3082 1311 3173; baseline -0.004 -19"><span class='ocrx_word' id='word_1_227' title='bbox 183 3085 266 3173; x_wconf 69' lang='grc' dir='ltr'><strong><em>ὑπὲρ</em></strong></span> <span class='ocrx_word' id='word_1_228' title='bbox 294 3088 387 3171; x_wconf 81' lang='grc' dir='ltr'><strong><em>ὑμῶν</em></strong></span> <span class='ocrx_word' id='word_1_229' title='bbox 413 3087 698 3172; x_wconf 88' lang='grc' dir='ltr'><strong><em>πεπολιτευμένων</em></strong></span> <span class='ocrx_word' id='word_1_230' title='bbox 726 3088 895 3173; x_wconf 89' lang='grc' dir='ltr'><strong><em>πράττειν,</em></strong></span> <span class='ocrx_word' id='word_1_231' title='bbox 918 3085 1031 3153; x_wconf 83' lang='grc' dir='ltr'><strong><em>καὶτὸ</em></strong></span> <span class='ocrx_word' id='word_1_232' title='bbox 1055 3087 1094 3152; x_wconf 84' lang='grc' dir='ltr'><strong><em>τά</em></strong></span> <span class='ocrx_word' id='word_1_233' title='bbox 1117 3082 1185 3151; x_wconf 78' lang='grc' dir='ltr'><strong><em>ὄντ’</em></strong></span> <span class='ocrx_word' id='word_1_234' title='bbox 1310 3143 1311 3172; x_wconf 38' lang='lat'><em>3</em></span> 
     </span>
     <span class='ocr_line' id='line_1_29' title="bbox 185 3187 1311 3278; baseline -0.003 -20"><span class='ocrx_word' id='word_1_235' title='bbox 185 3190 425 3258; x_wconf 85' lang='grc' dir='ltr'><strong><em>ἀπολωλεκέναι</em></strong></span> <span class='ocrx_word' id='word_1_236' title='bbox 456 3191 502 3257; x_wconf 88' lang='grc' dir='ltr'><strong><em>δι’</em></strong></span> <span class='ocrx_word' id='word_1_237' title='bbox 535 3194 609 3277; x_wconf 80' lang='grc' dir='ltr'><strong><em>οὓς,</em></strong></span> <span class='ocrx_word' id='word_1_238' title='bbox 643 3195 698 3260; x_wconf 87' lang='grc' dir='ltr'><strong><em>ίυα</em></strong></span> <span class='ocrx_word' id='word_1_239' title='bbox 727 3195 772 3278; x_wconf 79' lang='grc' dir='ltr'><strong><em>μὴ</em></strong></span> <span class='ocrx_word' id='word_1_240' title='bbox 803 3195 902 3259; x_wconf 86' lang='grc' dir='ltr'><strong><em>διπλᾶ</em></strong></span> <span class='ocrx_word' id='word_1_241' title='bbox 931 3200 1138 3260; x_wconf 79' lang='grc' dir='ltr'><strong><em>καταθῶνται</em></strong></span> <span class='ocrx_word' id='word_1_242' title='bbox 1168 3190 1189 3256; x_wconf 83' lang='grc' dir='ltr'><strong><em>ἀ</em></strong></span> <span class='ocrx_word' id='word_1_243' title='bbox 1310 3187 1311 3278; x_wconf 89' lang='lat'><strong><em>3</em></strong></span> 
     </span>
     <span class='ocr_line' id='line_1_30' title="bbox 186 3295 1189 3385; baseline -0.003 -22"><span class='ocrx_word' id='word_1_244' title='bbox 186 3299 246 3364; x_wconf 85' lang='grc' dir='ltr'><strong><em>οὐκ</em></strong></span> <span class='ocrx_word' id='word_1_245' title='bbox 268 3295 432 3383; x_wconf 82' lang='grc' dir='ltr'><strong><em>ἠδύνανθ’</em></strong></span> <span class='ocrx_word' id='word_1_246' title='bbox 456 3298 558 3382; x_wconf 82' lang='grc' dir='ltr'><strong><em>διπλᾶ,</em></strong></span> <span class='ocrx_word' id='word_1_247' title='bbox 586 3299 744 3383; x_wconf 86' lang='grc' dir='ltr'><strong><em>ἐπείσθην</em></strong></span> <span class='ocrx_word' id='word_1_248' title='bbox 768 3300 1026 3385; x_wconf 77' lang='grc' dir='ltr'><strong><em>ὑπογράψασθαι</em></strong></span> <span class='ocrx_word' id='word_1_249' title='bbox 1049 3299 1110 3382; x_wconf 78' lang='grc' dir='ltr'><strong><em>τὴν</em></strong></span> <span class='ocrx_word' id='word_1_250' title='bbox 1131 3296 1189 3382; x_wconf 84' lang='grc' dir='ltr'><strong><em>ἀρ·</em></strong></span> 
     </span>
     <span class='ocr_line' id='line_1_31' title="bbox 185 3398 1188 3490; baseline 0.002 -24"><span class='ocrx_word' id='word_1_251' title='bbox 185 3403 246 3486; x_wconf 82' lang='grc' dir='ltr'><strong><em>χὴν</em></strong></span> <span class='ocrx_word' id='word_1_252' title='bbox 276 3403 333 3479; x_wconf 88' lang='grc' dir='ltr'><strong><em>τάς</em></strong></span> <span class='ocrx_word' id='word_1_253' title='bbox 364 3405 566 3488; x_wconf 84' lang='grc' dir='ltr'><strong><em>καταβολάς,</em></strong></span> <span class='ocrx_word' id='word_1_254' title='bbox 604 3402 681 3490; x_wconf 90' lang='grc' dir='ltr'><strong><em>παρ’</em></strong></span> <span class='ocrx_word' id='word_1_255' title='bbox 714 3398 761 3469; x_wconf 81' lang='grc' dir='ltr'><strong><em>ὧν</em></strong></span> <span class='ocrx_word' id='word_1_256' title='bbox 788 3406 868 3489; x_wconf 90' lang='grc' dir='ltr'><strong><em>μετά</em></strong></span> <span class='ocrx_word' id='word_1_257' title='bbox 895 3400 955 3489; x_wconf 69' lang='grc' dir='ltr'><strong><em>μέν</em></strong></span> <span class='ocrx_word' id='word_1_258' title='bbox 987 3414 1043 3487; x_wconf 82' lang='grc' dir='ltr'><strong><em>της</em></strong></span> <span class='ocrx_word' id='word_1_259' title='bbox 1076 3401 1188 3488; x_wconf 83' lang='grc' dir='ltr'><strong><em>ῦμετέ-</em></strong></span> 
     </span>
     <span class='ocr_line' id='line_1_32' title="bbox 185 3497 1311 3594; baseline 0 -24"><span class='ocrx_word' id='word_1_260' title='bbox 185 3529 243 3586; x_wconf 88' lang='grc' dir='ltr'><strong><em>ρας</em></strong></span> <span class='ocrx_word' id='word_1_261' title='bbox 265 3507 396 3584; x_wconf 85' lang='grc' dir='ltr'><strong><em>εὐνοίας</em></strong></span> <span class='ocrx_word' id='word_1_262' title='bbox 420 3508 618 3593; x_wconf 84' lang='grc' dir='ltr'><strong><em>ἀφικόμενος</em></strong></span> <span class='ocrx_word' id='word_1_263' title='bbox 641 3507 753 3594; x_wconf 89' lang='grc' dir='ltr'><strong><em>μέρος,</em></strong></span> <span class='ocrx_word' id='word_1_264' title='bbox 781 3513 812 3576; x_wconf 91' lang='grc' dir='ltr'><strong><em>εἰ</em></strong></span> <span class='ocrx_word' id='word_1_265' title='bbox 835 3509 890 3576; x_wconf 88' lang='grc' dir='ltr'><strong><em>καί</em></strong></span> <span class='ocrx_word' id='word_1_266' title='bbox 912 3510 956 3593; x_wconf 83' lang='grc' dir='ltr'><strong><em>μη</em></strong></span> <span class='ocrx_word' id='word_1_267' title='bbox 978 3505 1086 3590; x_wconf 88' lang='grc' dir='ltr'><strong><em>πάντ’,</em></strong></span> <span class='ocrx_word' id='word_1_268' title='bbox 1111 3513 1189 3584; x_wconf 79' lang='grc' dir='ltr'><strong><em>ἴσως</em></strong></span> <span class='ocrx_word' id='word_1_269' title='bbox 1310 3497 1311 3546; x_wconf 72' lang='lat'><em>3</em></span> 
     </span>
    </p>
   </div>
   <div class='ocr_carea' id='block_1_3' title="bbox 0 0 1333 3926">
    <p class='ocr_par' dir='ltr' id='par_1_3' title="bbox 0 0 1333 3926">
     <span class='ocr_line' id='line_1_33' title="bbox 0 0 1333 3926; baseline 0 0"><span class='ocrx_word' id='word_1_270' title='bbox 0 0 1333 3926; x_wconf 95' lang='lat' dir='ltr'><strong><em> </em></strong></span> 
     </span>
    </p>
   </div>
  </div>
 </body>
</html>
