2654 3926
214 147 257 212 30
512 150 610 204 xum.
633 144 937 219 [ΔΗαοΣουΝουΣ]

83 361 89 371 .,
173 319 314 376 ωταῦτα
341 306 378 374 δὲ
405 305 499 374 πάντ’
527 307 631 384 ἀδεῶς
658 310 770 390 ἔλεγεν
793 306 812 372 6
836 309 1045 390 Θεόπομπος,
1072 302 1233 388 μάρτυρα

213 411 274 499 μὲν
305 413 426 480 οὐδένα
455 416 721 501 παρασχόμενος,
751 413 839 488 ὅστις
867 414 1002 495 ἔμελλεν
1031 406 1234 483 ὑπεύθυνος

213 518 293 602 ἡμῖν
321 522 472 602 ἔσεσθαι,
500 523 810 602 συνομολογοῦντας
837 513 867 580 δ’
902 513 1005 602 ἐαυτῷ
1034 515 1118 599 ἔχων
1145 514 1233 588 τοὺς

212 626 406 708 κοινωνούς,
430 629 465 690 οἳ
479 619 565 708 ἦσαν
584 623 738 708 ἀλλήλοις
756 619 1000 705 συναγωνισταὶ
1017 618 1073 685 καὶ
1095 619 1232 683 ἅπαντα

214 730 373 814 ἔπραττον
390 737 497 814 κοινή,
520 729 609 806 ὅπως
626 727 812 813 ἀφέλωνται
830 729 891 812 τήν
909 738 1050 811 γυναῖκα
1067 726 1129 808 τὴν
1146 746 1231 789 του-

213 831 286 898 τουὶ
315 833 438 921 μητέρα
466 845 526 901 τοῦ
555 836 673 911 παιδὸς
701 837 760 900 τὸν
787 840 929 920 κλῆρον,
957 831 997 898 ὃν
1023 831 1117 916 ὑμεῖς
1139 829 1229 916 αὐτῇ

174 965 199 1006 οι
214 938 431 1024 ἐψηφίσασθε.
476 941 638 1025 βούλομαι
665 935 727 1005 οὐν
755 935 780 1004 ὦ
810 941 929 1025 ἀνδρες
951 940 1119 1022 δικασταί,
1147 935 1229 1021 περὶ

217 1039 264 1110 ὧν
286 1053 401 1130 είρηκα
423 1048 506 1130 πρὸς
527 1044 631 1129 ὑμᾶς,
661 1049 842 1130 μαρτυρίας
868 1042 1110 1131 παρασχέσθαι,
1135 1053 1229 1127 πρῶ-

214 1175 273 1217 τον
301 1149 362 1236 μὲν
392 1152 436 1228 ὡς
461 1151 590 1234 ἐνίκησε
619 1158 680 1215 τοῦ
714 1153 838 1235 κλήρου
868 1160 927 1215 τοῦ
951 1147 1086 1232 Ἁγνίου
1110 1148 1130 1232 ή
1156 1151 1227 1213 Ευ-

215 1259 375 1341 βουλίδου
404 1257 556 1341 θυγάτηρ
584 1256 783 1340 Φυλομάχη,
814 1253 903 1338 γάνει
932 1249 1016 1322 οὐσα
1046 1253 1227 1337 ε’γγυτάτω,

216 1365 325 1428 ἔπειτα
355 1361 431 1449 περὶ
461 1373 527 1428 τῶν
560 1363 671 1427 ἀλλων
702 1359 865 1426 ἁπάντων.
910 1359 1134 1446 ἀναγίγνωσκε
1159 1361 1225 1443 τήν

215 1472 407 1554 μαρτυρίαν.

620 1588 809 1642 ΜΑΡΓΤΡΙΑ.

325 1695 523 1771 Μαρτυρούσι
544 1697 684 1770 παρεῖναι
705 1689 779 1769 πρὸς
800 1695 840 1776 τῷ
864 1692 994 1774 διαιτητῇ
1018 1688 1066 1750 ἐπὶ
1083 1689 1223 1768 Νικοφή-

259 1810 318 1867 μου
341 1785 490 1868 ἀρχοντος,
513 1787 559 1850 ὅτε
581 1786 697 1866 ἐνίκησε
722 1788 883 1868 Φυλομάχη
905 1783 925 1866 ή
948 1786 1140 1866 Εὐβουλίδου
1162 1793 1223 1847 θυ-

259 1885 349 1966 γάτηρ
367 1893 420 1946 τού
438 1882 550 1965 κλήρου
568 1893 620 1946 τοῦ
638 1881 761 1966 Ἁγνίου
779 1885 849 1959 τοὺς
871 1884 1130 1966 ἀμφισβητοῦντας
1148 1883 1222 1969 αὐτή

259 1983 379 2055 πάντας.

175 2129 202 2169 ω
272 2100 344 2166 Ὅτι
367 2097 428 2186 μὲν
450 2101 580 2186 ἐνίκησε
600 2104 779 2188 Φυλομάχη
798 2103 818 2186 ή
837 2103 1049 2187 Εὐβουλίδου
1071 2101 1221 2188 θυγάτηρ

214 2217 275 2274 τοῦ
296 2208 422 2294 κλήρου
444 2217 504 2272 τοῦ
522 2205 668 2292 Ἁγνίου,
691 2207 849 2293 ἀκηκόατε
873 2202 898 2272 ὦ
922 2209 1041 2294 ἀνδρες
1063 2210 1220 2276 δικασταί.

215 2311 270 2378 καὶ
288 2313 370 2396 αὐτη
385 2312 535 2398 ἐνίκησεν
555 2313 695 2401 οὐδεμιᾷ
713 2322 901 2400 παρασκευῇ
920 2311 1023 2402 ἀδίκῳ
1042 2310 1121 2380 οὐδὲ
1143 2331 1222 2380 συν-

216 2425 354 2507 ωμοσίᾳ,
373 2417 444 2485 ἀλλ’
463 2420 507 2497 ὡς
521 2412 642 2486 οἷόντε
657 2421 858 2503 δικαιότατα,
881 2419 1111 2499 ἐπιδειξάντων
1128 2420 1221 2504 ήμῶν

215 2525 265 2589 ὅτι
284 2523 372 2608 γένει
391 2525 555 2609 ἐγγυτάτω
573 2520 616 2610 ἧν
635 2523 761 2613 Ἁγνίᾳ,
784 2521 824 2592 οὗ
843 2525 933 2591 ἐστιν
956 2526 974 2592 6
996 2531 1126 2611 κλῆρος,
1149 2525 1220 2592 ἀνε-

214 2639 296 2710 ήιοῦ
324 2641 401 2708 παῖς
430 2625 513 2698 οὐσα
541 2633 623 2717 πρὸς
650 2633 770 2717 πατρὸς
796 2630 851 2696 καὶ
880 2630 917 2698 ἐκ
938 2642 998 2698 τοῦ
1021 2638 1115 2698 οίκου
1138 2629 1220 2698 οὐσα

175 2769 201 2808 aa
215 2746 275 2802 τοῦ
294 2733 438 2820 Ἁγνίου.
475 2735 609 2802 ἐπειδάν
623 2731 685 2802 οὐν
702 2735 780 2823 λέγη
793 2737 1022 2822 Μακάρτατος,
1045 2737 1095 2803 ὅτι
1113 2737 1288 2822 §vinu-1060

216 2858 274 2907 σεν
291 2841 394 2906 αὐτοῦ
409 2839 427 2907 6
441 2843 547 2928 πατὴρ
563 2844 756 2926 Θεόπομπος
769 2852 829 2908 τοῦ
846 2845 972 2929 κλήρου
987 2844 1119 2927 τούτου,
1140 2843 1218 2911 ὐπο-

216 2948 396 3032 λαμβάνετε
425 2947 513 3036 αὐτῷ
541 2947 637 3032 ὑμεῖς
662 2943 689 3013 ὦ
713 2949 832 3033 ἀνδρες
859 2950 1024 3033 δικασταί,
1051 2949 1102 3020 ὅτι
1123 2946 1178 3015 καὶ
1198 2950 1217 3034 ή

215 3055 300 3138 γυνη
324 3052 454 3138 ἐνίκησε
476 3057 638 3140 πρότερον
660 3053 682 3138 ἣ
706 3057 899 3139 Θεόπομπος
922 3054 941 3120 6
962 3055 1083 3121 τούτου
1104 3059 1218 3141 πατήρ,

215 3158 269 3225 καὶ
294 3159 343 3224 ότι
372 3161 506 3237 δικαίως
534 3158 686 3243 ἐνίκησεν
708 3160 729 3244 ή
752 3162 837 3244 γυνη
866 3160 902 3226 ἐκ
927 3169 988 3227 τοῦ
1015 3167 1109 3226 οίκου
1138 3156 1217 3227 οὐσα

214 3276 275 3332 τοῦ
292 3262 446 3349 Ἁγνίου,
467 3265 681 3350 Εὐβουλίδου
703 3266 854 3352 θυγάτηρ
878 3261 977 3350 οὐσα,
998 3277 1058 3333 τοῦ
1081 3265 1219 3346 ἀνεψιοῦ

214 3380 274 3437 τοῦ
292 3368 443 3457 Ἁγνίου,
470 3371 489 3437 6
513 3368 551 3437 δὲ
574 3375 767 3457 Θεόπομπος
789 3372 840 3438 ὅτι
862 3372 924 3438 οὐκ
946 3372 1111 3458 ἐνίκησεν,
1138 3372 1217 3440 ἀλλὰ

214 3479 472 3566 παρεκρούσατο,
496 3473 569 3543 οὐδ’
596 3478 644 3543 δν
667 3477 703 3544 ἐκ
727 3487 787 3544 τοῦ
810 3485 903 3544 οίκου
925 3480 963 3547 τὸ
984 3478 1139 3556 παροίνιον
1159 3490 1216 3546 τοῦ
