2650 3918
215 183 281 248 300
520 185 592 238 mx.
618 182 921 254 [Λειοιοτοεαονε]

261 346 369 430 μένην,
392 345 432 422 ὥς
455 345 574 430 ἑταίραν
601 337 695 409 οὐσαν
720 355 781 410 τῶν
804 352 1050 429 μισθαρνουσῶν,
1074 343 1127 407 καί
1153 362 1230 424 συμ-
1312 397 1313 404 ,

258 446 357 507 πίνειν
379 441 413 506 ἐν
434 445 579 532 Κορίνθῳ
598 442 731 527 Νέαιραν
754 439 826 525 μεθ’
851 442 943 506 αὐτοῦ
964 441 1015 506 καί
1036 439 1231 511 Ξενοκλείδου

258 551 312 604 τοῦ
334 549 468 621 ποιητοῦ.

175 679 201 721 τι
281 660 378 726 Μετὰ
404 669 507 727 ταῦτα
533 663 650 727 τοίνυν
677 659 778 744 αὐτῆς
803 663 975 744 γίγνονται
998 655 1130 745 ἐρασταί
1152 659 1231 744 δύο,

220 767 442 851 Τιμανορίδας
466 789 502 832 τε
530 767 549 833 ὁ
572 769 757 852 Κορίνθιος
786 763 843 831 καὶ
864 765 1037 851 Εὐκράτης
1058 765 1077 834 δ
1099 766 1231 831 Λευκά-

217 873 299 956 διος,
322 875 358 938 ολ
379 872 553 958 ἐπειδήπερ
576 873 759 958 πολυτελὴς
776 866 820 957 ἣν
837 871 859 956 ἡ
876 869 1044 958 Νικαρέτη
1068 883 1137 949 τοῖς
1159 869 1230 937 ἐπι-

215 977 390 1062 τάγμασιν,
411 976 550 1057 ἀξιοῦσα
572 978 613 1043 τά
634 974 712 1044 καθ’
734 975 861 1065 ἡμέραν
879 975 1077 1063 ἀναλώματα
1100 977 1231 1044 ἅπαντα

124 1089 126 1093 ’
215 1093 254 1170 τῇ
282 1087 371 1173 οίκίρι
397 1081 475 1170 παρ’
502 1083 613 1151 αὐτῶν
644 1084 844 1169 λαμβάνειν,
869 1081 1103 1150 κατατιθέασιν
1129 1081 1231 1168 αὐτῆς

216 1191 316 1276 τιμὴν
338 1189 515 1277 τριάκοντα
537 1199 622 1275 μνᾶς
647 1199 707 1258 τοῦ
730 1191 880 1275 σώματος
900 1199 940 1277 τῇ
962 1187 1147 1276 Νικαρέτη,
1173 1188 1231 1256 καὶ

216 1295 381 1363 ὠνοῦνται
410 1295 515 1382 αὐτὴν
544 1293 622 1383 παρ’
654 1295 755 1382 αὐτῆς
788 1298 881 1386 νόμω
916 1299 1042 1374 πόλεως
1075 1295 1229 1374 καθάπαξ

176 1419 203 1460 ⁸0
217 1402 327 1467 αὐτῶν
346 1402 473 1486 δούλην
490 1397 586 1469 εἶναι.
621 1400 677 1468 καὶ
696 1398 786 1489 εἶχον
799 1399 855 1467 καὶ
868 1401 1012 1488 έχρῶντο
1028 1400 1111 1468 ὅσον
1128 1401 1230 1487 ἠβού-

216 1513 315 1574 λοντο
339 1506 421 1593 αὐτῇ
444 1511 576 1594 χρόνον.
613 1507 788 1594 μέλλοντες
811 1502 848 1573 δέ
870 1519 1004 1592 γαμεῖν,
1025 1507 1231 1594 προαγορεύ·

216 1629 313 1679 ουσιν
344 1611 446 1698 αὐτῇ,
483 1612 534 1678 ὅτι
566 1612 607 1679 οὐ
638 1614 817 1699 βούλονται
853 1611 956 1697 αὐτὴν
993 1623 1087 1698 σφῶν
1119 1611 1230 1678 αὐτῶν

216 1715 350 1804 ἑταίραν
379 1715 603 1803 γεγενημένην
637 1718 720 1805 ὁρᾶν
750 1718 787 1786 ἐν
816 1720 978 1806 Κορίνθῳ
1008 1715 1229 1804 ἐργαζομένην

216 1819 289 1889 οὐδ’
315 1822 380 1889 ὐπὸ
409 1828 626 1913 πορνοβοσκῷ
658 1819 764 1892 οὖσαν
771 1874 782 1909 ,
811 1820 883 1890 ἀλλ’
908 1822 1014 1907 ἡδέως
1042 1823 1084 1890 ἀν
1116 1824 1229 1902 αὐτοῖς

216 1936 267 2014 εἴη
297 1931 432 1996 ἔλαττόν
461 1953 496 1997 τε
526 1929 708 2017 τάργύριον
736 1933 939 2014 κομίσασθαι
967 1927 1045 2016 παρ’
1078 1929 1180 2015 αὐτῆς
1208 1931 1228 2016 ἢ

215 2033 410 2122 κατέθεσαν,
431 2033 487 2102 καλ
505 2037 609 2123 αὐτὴν
627 2037 751 2121 ταύτην
769 2037 852 2123 δρᾶν
870 2060 903 2101 τι
921 2035 1051 2120 ἀγαθὸν
1075 2039 1227 2124 ἔχουσαν.

215 2140 350 2229 ἀφιέναι
372 2137 435 2210 οὐν
458 2142 539 2230 αὐτῇ
568 2146 695 2229 ἔφασαν
723 2144 771 2220 είς
797 2141 992 2229 ἐλευθερίαν
1019 2147 1127 2229 χιλίας
1149 2145 1228 2231 δρα-

214 2249 313 2337 χμάς,
339 2254 555 2327 πεντακοσίας
582 2247 746 2336 ἑκάτερος·
774 2248 832 2325 τάς
859 2243 890 2314 δ’
916 2254 1021 2314 είκοσι
1048 2258 1133 2334 μνᾶς
1161 2249 1228 2317 ἐκέ-

215 2337 316 2422 λενον
334 2354 442 2441 αὐτὴν
466 2353 667 2442 ἐξευροῦσαν
694 2353 806 2430 αὐτοῖς
829 2352 1023 2421 ἀποδοῦναι.
1060 2353 1229 2423 ἀκούσασα

215 2458 245 2527 δ’
273 2459 355 2544 αύτη
385 2463 463 2537 τοὺς
488 2463 609 2544 λόγους
637 2460 775 2536 τούτους
802 2468 863 2526 τοῦ
891 2482 927 2526 τε
952 2459 1146 2546 Εὐκράτους
1173 2461 1229 2528 καὶ

219 2567 460 2652 Τιμανορίδου,
487 2563 726 2651 μεταπέμπεται
753 2567 800 2642 είς
827 2566 888 2651 τὴν
910 2569 1085 2654 Κόρινθον
1106 2568 1298 2647 ἀλλουςιεσσ

214 2695 248 2736 τε
272 2682 338 2737 τῶν
362 2670 508 2756 ἐραστῶν
526 2682 593 2737 τῶν
611 2669 843 2756 γεγενημένων
861 2672 943 2758 αὐτῇ
966 2669 1022 2738 καί
1046 2677 1229 2759 Φρυνίωνα

213 2779 272 2844 τὸν
295 2771 476 2862 Παιανιέα,
498 2779 664 2861 Δήμωνος
690 2773 751 2862 μέν
780 2780 859 2845 ὄντα
885 2779 979 2861 υίόν,
1006 2779 1229 2867 Δημοχάρους

215 2878 252 2948 δέ
276 2881 439 2969 ἀδελφόν,
467 2883 612 2966 ἀσελγῶς
639 2879 676 2949 δὲ
698 2880 754 2948 καὶ
775 2889 963 2960 πολυτελῶς
986 2883 1146 2968 διάγοντα
1167 2889 1228 2952 τὸν

174 3008 199 3048 ετ
214 2991 307 3075 βίον,
335 2989 380 3066 ὡς
405 2989 501 3073 ὑμῶν
528 2989 565 3055 οί
587 2990 805 3076 πρεσβύτεροι
832 2991 1110 3074 μνημονεύουσιν.
1151 2990 1228 3078 ἀφι-

213 3092 357 3180 κομένου
381 3090 412 3160 δ’
439 3096 483 3173 ὡς
505 3095 609 3180 αὐτὴν
627 3105 688 3161 τοῦ
713 3099 924 3182 Φρυνίωνος,
951 3092 1039 3179 λέγει
1061 3098 1145 3183 πρὸς
1167 3098 1228 3164 αὐ-

213 3204 272 3269 τὸν
290 3204 368 3278 τοὺς
386 3203 506 3284 λόγους
524 3200 583 3277 οὓς
606 3195 701 3266 εἶπον
722 3201 805 3288 πρὸς
827 3200 932 3286 αὐτὴν
955 3200 974 3266 ὅ
996 3225 1031 3267 τε
1053 3201 1228 3290 Εὐκράτης
1307 3261 1308 3291 ρ

212 3305 267 3372 καί
290 3306 522 3392 Τιμανορίδας,
544 3302 600 3370 καὶ
618 3307 757 3372 δίδωσιν
781 3305 869 3395 αὐτῷ
891 3306 1073 3393 τάργύριον
1096 3307 1115 3374 ὃ
1137 3310 1227 3394 παρά

213 3424 279 3478 τῶν
312 3414 423 3478 ἀλλων
456 3409 602 3496 ἐραστῶν
635 3411 901 3497 ἐδασμολόγησεν
933 3415 1054 3498 ἔρανον
1085 3415 1133 3492 είς
1163 3416 1226 3500 τὴν

214 3517 409 3602 ἐλευθερίαν
429 3512 646 3600 συλλέγουσα,
668 3514 723 3583 καὶ
745 3523 780 3583 εί
797 3540 829 3582 τι
851 3519 915 3604 ἀρα
938 3518 1019 3602 αὐτὴ
1037 3523 1226 3606 περιεποιη-
1306 3511 1307 3563 λ
