2658 3922
199 201 265 266 204
503 202 577 256 Lm
604 200 907 271 [εεαοευεεοονε]

199 361 298 440 αὐτὸς
319 357 417 440 οὗτος
437 359 681 448 προύξένησεν,
703 358 756 427 ἐπὶ
780 362 864 427 ὀκτὼ
888 361 1021 445 ὀβολοῖς
1042 360 1104 444 τήν
1127 367 1218 443 μνᾶν

200 469 390 534 δανείσαντι
409 477 469 534 τοῦ
487 470 592 552 μηνὸς
614 465 763 534 ἑκάστου.
799 468 913 552 λαβὼν
930 461 969 533 δέ
985 465 1023 533 τὸ
1041 463 1219 551 ἀργύριον,

200 570 262 658 ούχ
284 571 373 649 ὅπως
399 573 496 660 χάριν
523 573 598 639 τινά
626 596 683 657 μοι
710 571 915 640 ἀποδίδωσιν
942 566 990 639 ὧν
1016 565 1055 637 εὖ
1077 573 1219 656 ἔπαθεν,
1317 603 1318 614 ¹

199 675 273 744 ἀλλ’
299 676 425 757 εύθέως
448 675 648 764 ἐπεβούλευέ
668 702 742 764 μοι,
768 675 814 744 ἵν’
840 677 1073 764 ἀποστερήσειε
1094 674 1219 763 τάργύ·

200 804 276 868 ριον
298 781 354 849 καλ
376 786 424 862 είς
445 786 572 871 ἐχθραν
594 787 789 870 κατασταίη,
817 781 872 850 καὶ
899 782 1127 871 ἀπορούμενος
1148 780 1217 866 ἐγὼ

199 898 269 964 τοῖς
297 888 466 974 πράγμασι
495 888 570 968 νέος
599 890 648 956 ὢν
675 889 694 956 ὅ
722 913 754 955 τι
782 893 967 976 χρησαίμην
995 886 1052 956 καὶ
1080 889 1218 974 άπειρος

201 993 418 1079 πραγμάτων,
451 995 540 1073 ὅπως
567 997 613 1081 μή
644 994 870 1081 εἰσπράττοιμι
902 993 1006 1061 αύτδν
1033 991 1217 1080 τάργύριον

163 1119 189 1160 ιι
203 1093 245 1165 οὗ
266 1098 288 1183 ῆ
311 1103 464 1167 συνοικία
486 1098 595 1186 ἐτέθη,
624 1097 697 1166 ἀλλ’
722 1099 842 1186 ἀφείην
864 1099 964 1188 αύτῷ.
998 1111 1132 1184 πρῶτον
1153 1095 1216 1184 μὲν
1319 1137 1320 1148 1

202 1198 265 1271 οὖν
288 1202 496 1290 ἐπιβουλεύει
523 1231 580 1292 μοι
607 1207 687 1292 μετά
715 1216 782 1272 τῶν
804 1204 1000 1290 ἀντιδίκων,
1025 1202 1081 1271 καὶ
1103 1208 1217 1271 πίστιν

203 1310 316 1388 αὐτοῖς
333 1311 487 1378 δίδωσιν·
514 1309 614 1378 ἔπειτ’
634 1311 775 1396 ἀγόνων
792 1333 850 1396 μοι
868 1313 1117 1395 συνεστηκότων
1133 1309 1218 1396 πρὸς
1226 1330 1294 1380 1251

203 1416 335 1501 αὐτούς,
352 1418 431 1494 τούς
448 1440 483 1482 τε
501 1421 624 1501 λόγους
638 1415 769 1504 ἐκφέρει
786 1440 852 1502 μου
865 1417 973 1500 είδώς,
989 1413 1045 1483 καὶ
1058 1415 1218 1503 ἐγγράφει

202 1531 248 1610 τῷ
287 1523 435 1611 δημοσίω
471 1520 700 1608 ἀπρόσκλητον
732 1521 766 1601 ἐξ
798 1522 956 1608 ἐμφανῶν
990 1520 1218 1599 καταστάσεως

203 1625 361 1710 ἐπιβολήν
392 1624 562 1706 ἑξακοσίας
589 1625 645 1694 καὶ
675 1625 755 1695 δέκα
785 1628 949 1714 δραχμάς,
978 1627 1034 1694 διδ
1062 1628 1216 1694 Λυκίδου

202 1739 263 1797 τοῦ
295 1736 477 1816 μυλωθροῦ
508 1733 730 1817 ποιησάμενος
759 1736 821 1820 τήν
854 1735 961 1819 δίκην.
1006 1737 1151 1819 κλητῆρα
1177 1729 1216 1800 δὲ

202 1833 274 1902 κατ’
300 1835 382 1921 ἐμοῦ
404 1840 462 1905 τόν
484 1862 519 1904 τε
542 1839 690 1925 ἀδελφὸν
712 1841 772 1906 τὸν
795 1839 898 1906 αὑτοῦ
920 1841 980 1907 τδν
998 1835 1215 1925 Ἀρεθούσιον

202 1951 323 2009 τοῦτον
355 1939 584 2030 ἐπιγράφεται,
620 1940 723 2030 ούπέρ
757 1943 826 2011 ἐστι
856 1943 1071 2032 τάνδράποδα
1101 1954 1215 2029 ταῦτα,

204 2044 259 2113 κοιλ
282 2049 385 2114 ἀλλον
406 2049 494 2114 τινά·
517 2047 572 2116 καὶ
594 2051 890 2136 παρεσκευάζοντο,
918 2051 951 2116 εί
976 2048 1216 2136 ἀνακρινοίμην

204 2155 286 2221 κατά
315 2165 383 2220 τῶν
412 2157 543 2222 οίκείων
572 2167 639 2222 τῶν
669 2155 877 2235 ἀδικούντων
906 2179 946 2240 με
974 2156 1033 2234 τὰς
1058 2156 1152 2234 δίκας
1177 2155 1216 2233 ἃς

205 2262 348 2347 είλήχειν
371 2259 495 2344 αύτοίς,
516 2260 727 2328 ἐνδεικνύναι
754 2284 794 2347 με
822 2261 868 2339 ὡς
890 2261 1067 2347 ὀφείλοντα
1088 2267 1134 2349 τῷ
1158 2263 1215 2346 δη·

165 2381 192 2424 1⁶
205 2371 310 2458 μοσίφ
335 2363 391 2432 καί
409 2365 584 2452 ἐμβάλλειν
606 2368 654 2444 είς
675 2369 712 2434 τὸ
736 2367 970 2452 δεσμωτήριον.
1005 2369 1053 2432 ἐτι
1076 2362 1113 2432 δέ
1135 2370 1216 2452 πρὸς

204 2474 334 2550 τούτοις
356 2473 375 2539 ό
399 2469 641 2557 [Ἀρεθούσιος]
671 2470 899 2558 ἀπρόσκλητόν
926 2495 992 2557 μου
1015 2469 1215 2557 <ἐξακοσίων

205 2575 282 2661 καὶ>
305 2576 385 2644 δέκα
408 2578 564 2664 δραχμῶν
592 2578 690 2663 δίκην
715 2578 1016 2662 καταδικασάμενος
1038 2575 1116 2660 (καί
1136 2587 1216 2658 ψευ·

207 2683 296 2765 oete>
319 2687 482 2769 κλητῆρας
508 2682 789 2770 ἐπιγραψάμενος,
815 2681 871 2750 καὶ
892 2684 1055 2760 είσελθδον
1082 2684 1130 2761 είς
1154 2685 1217 2768 τήν

206 2790 316 2854 οίκίαν
337 2790 394 2874 βίᾳ
416 2788 457 2853 τά
479 2790 578 2874 σκεύη
601 2790 708 2856 πάντα
729 2788 923 2875 ἐξεφόρησε,
944 2787 1046 2856 πλέον
1068 2788 1090 2873 ή
1112 2793 1217 2856 είκοσι

206 2903 299 2977 μνῶν
321 2890 412 2976 ἀξια,
437 2891 493 2959 καὶ
521 2892 595 2960 οὐδ’
620 2895 735 2962 ὁτιοῦν
761 2892 944 2962 κατέλιτιεν.
980 2895 1035 2962 ὅτε
1058 2890 1096 2961 δέ
1118 2917 1217 2980 τιμω-

207 3004 339 3083 ρεῖσθαι
358 2995 453 3086 φ’ίμην
470 2999 554 3084 δεῖν,
576 2997 631 3066 καὶ
654 2999 801 3079 ἐκτείσας
817 3009 863 3089 τῷ
883 3001 1031 3089 δημοσίῳ
1054 3001 1091 3067 τὸ
1115 3001 1217 3086 όφλη·

206 3128 263 3188 μοι,
285 3102 399 3188 ἐπειδή
420 3102 596 3190 ἐπυθόμην
622 3107 684 3192 τήν
711 3106 885 3192 ἐπιβολήν,
908 3106 1060 3192 ἐβάδιζον
1082 3103 1136 3172 ἐπὶ
1157 3107 1217 3172 τὸν

205 3212 352 3295 κλητῆρα
373 3212 434 3278 τὸν
456 3209 684 3295 ὁμολογοῦντα
710 3208 960 3298 κεκλητευκέναι
980 3213 1040 3279 τὸν
1059 3207 1217 3297 Ἀρεθού-

205 3331 282 3380 σιον
311 3323 368 3398 τῆς
396 3315 654 3400 ψευδοκλητείας
682 3317 765 3384 κατά
793 3320 853 3386 τὸν
882 3321 1007 3405 νόμον,
1037 3316 1149 3383 ἐλθὼν
1170 3317 1218 3394 είς

206 3423 244 3488 τὸ
276 3425 399 3507 χωρίον
430 3429 488 3505 τῆς
518 3425 653 3506 νυκτός,
689 3422 751 3489 ὅσα
788 3422 867 3508 ἐνῆν
901 3423 990 3509 φυτά
1020 3422 1217 3510 ἀκροδρύων

207 3530 372 3611 γενναίων
396 3525 621 3612 ἐμβεβλημένα
643 3526 698 3594 καλ
719 3529 778 3605 τάς
800 3527 1049 3616 ἀναδενδράδας
1070 3524 1217 3612 ἐξέκοψε,
