2650 3918
507 203 603 255 RATA
620 204 785 258 ΝΕΑΙΡΑΣ.
1082 203 1149 268 293

133 364 280 446 πόλεμος
302 355 337 450 ᾖ,
358 362 400 429 τά
417 366 574 448 περιόντα
591 364 741 450 χρήματα
762 372 819 448 τῆς
842 365 1034 449 διοικήσεως
1056 381 1153 450 στρα-
1244 403 1247 407 -

134 468 271 534 τιωτωιά
290 464 387 552 εἶναι,
405 469 523 556 κάρων
539 467 569 535 δ’
583 470 768 554 ἡγούμενος
783 470 855 535 δεῖν
870 473 930 537 τὸν
944 472 1051 554 δήμου
1065 465 1152 536 εἶναι
1185 463 1187 468 ’

133 571 213 661 περὶ
239 584 307 639 τῶν
329 575 433 642 αὑτοῦ
456 575 475 640 ὅ
497 599 530 640 τι
553 574 595 641 διν
623 577 783 660 βούληται
810 575 946 661 πρᾶξαι,
974 577 1154 662 ὀμωμοκὼς

136 674 176 745 δὲ
195 680 236 746 τά
254 678 406 764 βέλτιστα
424 682 621 765 βουλεύσειν
640 690 685 770 τῷ
705 683 799 772 δήμφ
821 690 867 769 τῷ
887 679 1087 768 Ἀθηναίων,
1109 682 1154 759 ὡς

106 785 232 869 οὑμεῖς
249 785 369 863 πάντες
387 785 632 874 ἐμαρτυρήσατε
651 786 688 853 ἐν
707 787 822 877 ἐκείνφ
845 795 890 875 τῷ
914 797 1028 877 καιρῷ.
1059 811 1154 873 χενο-

134 888 238 976 μένης
255 891 395 978 γάρτής
415 893 687 978 διαχειροτονίας,
709 889 820 969 οὐδεὶς
843 890 1152 979 ἀντεχειροτόνησεν

134 997 181 1074 ὡς
204 995 245 1061 οὐ
264 997 318 1062 δεῖ
333 1007 402 1072 τοῖς
419 999 564 1083 χρήμασι
581 997 712 1073 τούτοις
729 1009 974 1083 στρατιωτικοῖς
995 1006 1152 1085 χρῆσθαι,

135 1102 221 1170 ἀλλὰ
242 1100 298 1168 καλ
319 1110 385 1168 νῦν
408 1104 474 1185 ἔτι,
503 1102 547 1166 άν
567 1124 634 1168 που
657 1105 756 1185 λόχος
777 1100 930 1187 γένηται,
959 1104 1048 1190 παρά
1069 1105 1151 1170 πάν-

135 1231 204 1275 των
227 1208 452 1292 ὁμολογεῖται,
480 1207 524 1284 ὡς
545 1208 586 1272 τά
608 1205 760 1292 βέλτιστα
793 1209 896 1274 είπὼν
917 1209 1016 1274 άδικα
1037 1209 1152 1276 πάθοι.

134 1322 181 1403 τῷ
206 1309 269 1380 οὖν
292 1311 529 1398 ἐξαπατήσαντι
556 1322 601 1401 τῷ
626 1316 714 1403 λόγῳ
743 1315 822 1390 τοὺς
844 1314 1001 1392 δικαστάς
1022 1316 1153 1381 δίκαιον

136 1422 345 1507 ὀργίζεσθαι,
381 1419 423 1486 οὐ
455 1431 523 1496 τοῖς
556 1419 798 1504 ἐξαπατηθεῖσα
847 1421 1059 1507 γραψάμενος
1088 1423 1152 1508 γάρ
1163 1431 1230 1482 1³4¹!

135 1529 340 1614 παρανόμων
358 1527 395 1592 τὸ
414 1527 569 1612 ψήφισμα
587 1523 761 1612 Στέφανος
778 1525 895 1593 οὑτοσὶ
911 1525 968 1593 καὶ
989 1529 1153 1594 είσελθὼν

136 1636 185 1710 είς
206 1634 244 1699 τὸ
263 1633 489 1720 δικαστήριον,
512 1629 566 1698 ἐπὶ
585 1633 724 1718 διαβολή
747 1635 881 1711 ψευδεῖς
903 1633 1071 1720 μάρτυρας
1092 1655 1153 1700 πα-

137 1742 355 1826 ρασχόμενος,
383 1737 428 1817 ὡς
451 1734 540 1825 ὦφλε
569 1747 615 1827 τῷ
640 1740 789 1828 δημοσίῳ
813 1738 848 1805 ἐκ
870 1738 967 1806 πέντε
989 1739 1045 1805 καλ
1067 1747 1153 1808 είκο-

137 1863 192 1910 σιν
216 1843 316 1929 ἐτῶν,
337 1840 393 1909 καί
416 1843 477 1924 ἐξω
500 1853 557 1928 τῆς
579 1853 709 1930 χραφής
730 1845 836 1910 πολλά
858 1858 1062 1932 κατηγορῶν,
1084 1839 1152 1912 εἷλε

108 1953 174 2017 ιτὸ
196 1947 360 2035 ψήφισμα.
396 1947 571 2015 καὶτοῦτο
594 1945 656 2033 μὲν
679 1951 710 2014 εί
731 1949 820 2038 αὐτῷ
845 1950 952 2016 ἐδόκει
975 1952 1152 2036 διαπράξα-

136 2062 235 2139 σθαι,
263 2055 304 2120 οὐ
327 2059 476 2141 χαλεπῶς
503 2051 663 2140 φέρομεν·
691 2052 762 2120 ἀλλ’
791 2055 903 2140 ἐπειδή
925 2055 1001 2142 περὶ
1023 2067 1083 2122 τοῦ
1105 2081 1152 2123 τι-

136 2163 284 2246 μήματος
306 2157 495 2243 ἐλάμβανον
517 2161 578 2242 τήν
601 2168 716 2243 ψήφου
738 2160 774 2225 οί
795 2162 961 2246 δικασταί,
984 2160 1152 2245 δεομένων

136 2267 232 2350 ἡμῶν
256 2273 466 2352 συγχωρήσαι
490 2264 551 2330 οὐκ
573 2265 713 2348 ήθελεν,
736 2263 819 2330 άλλδι
841 2267 1075 2332 πεντεκαίδεκα
1097 2291 1153 2334 τα-

137 2370 268 2436 λάντων
285 2369 430 2454 ἐτιμᾶτο,
452 2370 509 2435 ἵνα
527 2368 721 2454 ἀτιμώσειεν
740 2369 841 2437 αὐτὸν
859 2369 915 2436 καὶ
936 2374 1057 2448 παῖδας
1075 2375 1152 2451 τοὺς
1259 2417 1260 2420 ¹

136 2475 278 2562 ἐκείνου,
300 2465 355 2541 καί
377 2475 439 2560 τήν
462 2473 611 2559 ἀδελφήν
633 2475 694 2559 τήν
718 2474 801 2560 ἐμήν
823 2474 879 2542 καὶ
900 2477 986 2562 ἡμᾶς
1007 2478 1153 2556 ἅπαντας

136 2585 184 2661 είς
201 2585 263 2668 τήν
275 2581 417 2669 ἐσχάτην
436 2580 579 2668 ἀπορίαν
596 2581 807 2666 καταστήσειε
825 2580 881 2647 καὶ
898 2585 1030 2649 ἔνδειαν
1049 2583 1151 2651 ἁπάν-

110 2712 213 2756 ττων.
253 2689 284 2774 ή
298 2686 359 2775 μὲν
382 2689 446 2776 γάρ
470 2687 567 2754 οὐσία
590 2683 670 2753 οὐδὲ
692 2698 794 2773 τριῶν
816 2688 985 2754 ταλάντων
1007 2689 1097 2756 πάνυ
1119 2715 1151 2756 τι

136 2790 191 2880 ἦν,
215 2797 296 2861 ὥστε
316 2798 506 2880 δυνηθήναι
524 2793 666 2859 ἐκτεῖσαι
683 2804 843 2860 τοσοῦτον
863 2795 1011 2880 ὄφλημα·
1031 2797 1075 2882 μή
1100 2796 1151 2862 ἐκ-

136 2900 326 2979 τεισθέντος
355 2897 392 2968 δέ
421 2910 482 2967 τοῦ
511 2900 700 2985 ὀφλήματος
729 2897 783 2965 ἐπὶ
811 2908 868 2983 τῆς
891 2900 1006 2985 ἐνάτης
1027 2922 1150 2987 πρυτα-

136 3011 238 3091 νείας,
261 3008 403 3074 διπλοῦν
426 3009 563 3092 ἔμελλεν
581 3008 717 3071 ἔσεσθαι
739 3007 776 3073 τὸ
800 3007 933 3092 ὄφλημα
955 3005 1009 3072 καὶ
1033 3007 1150 3094 ἐγγρα-

33 3125 35 3132 ’
137 3115 305 3198 φήσεσθαι
325 3109 573 3198 Ἀπολλόδωρος
585 3111 762 3197 τριάκοντα
779 3111 922 3178 τάλαντα
936 3113 1081 3199 ὀφείλων
1104 3123 1149 3203 τρδ

138 3220 300 3308 δημοσίφ·
326 3217 593 3304 ἐγγεγραμμένου
612 3213 650 3284 δέ
668 3225 713 3306 τῷ
738 3219 898 3308 δημοσίῳ,
921 3217 1151 3305 ἀπογραφήσε-

138 3332 221 3391 σθαι
237 3327 372 3410 ἔμελλεν
388 3323 409 3407 ή
425 3325 620 3410 ὑπάρχουσα
641 3323 740 3390 οὐσία
754 3319 992 3413 Ἀπολλοδώρῳ
1007 3327 1150 3408 δημοσία

139 3427 243 3516 εἶναι,
272 3434 456 3516 πραθείσης
485 3427 514 3494 δ’
542 3430 659 3513 αὐτῆς,
689 3433 736 3507 είς
757 3431 818 3513 τήν
842 3428 984 3514 ἐσχάτην
1006 3427 1150 3514 ἀπορίαν

137 3537 401 3622 καταστήσεσθαι
414 3532 470 3601 καὶ
485 3535 583 3612 αὐτὸς
599 3533 655 3600 καί
672 3537 787 3610 παῖδες
800 3536 837 3600 οί
852 3533 981 3599 ἐκείνου
995 3529 1050 3596 καλ
1063 3535 1148 3616 γυνη
1219 3545 1221 3550 ·
