2654 3926
456 131 556 182 ΠΡΟΣ
573 129 756 182 ΛΕΩΧΑΡΗ.
1067 124 1109 190 57

95 299 143 376 τῷ
172 287 328 376 Ἀρχιάδη
357 289 447 355 υίόν·
482 287 595 373 ἐπειδή
630 285 659 354 δ’
693 289 786 374 ἡμεῖς
820 299 991 372 συγγενεῖς
1020 289 1112 364 ὄντες

96 394 225 477 ήκομεν
247 395 295 469 εἰς
316 395 353 459 τὸ
377 391 489 477 μέσον,
511 403 690 477 τηνικαῦτα
713 396 871 476 είσποεῖς,
894 395 950 458 ἵνα
972 395 1033 477 τήν
1056 393 1112 459 ού-

98 503 177 564 σίαν
200 500 370 585 κατάσχῃς.
407 497 462 564 καὶ
484 496 550 585 φῂς
572 495 633 582 μὲν
652 495 752 565 οὐδὲν
771 494 857 564 εἶναι
879 507 924 586 τῶ
946 495 1112 585 Ἀρχιάδῃ,

95 607 182 689 πρὸς
205 603 245 670 δν
268 606 493 689 εἰσεποιήθης,
521 606 751 689 διαμαρτυρεῖς
779 601 816 670 δδ
842 607 925 691 πρὸς
947 603 1046 688 ἡμᾶς,
1074 604 1112 670 τὸ

99 711 371 793 ὁμολογούμενον
398 707 493 792 γένος
520 707 717 786 ἐξελαύνων·
741 711 773 772 εί
799 709 863 795 γάρ
890 709 996 794 μηδέν
1023 708 1113 774 ἐστιν
1122 719 1190 769 1⁰89

99 815 137 881 ἐν
161 825 206 902 τῷ
230 822 326 904 οίκφ,
355 818 390 881 τί
410 817 452 880 σὺ
476 813 607 880 ἐλαττοῖ
630 824 690 879 τοῦ
714 816 856 898 μηδενὸς
876 814 972 899 ἡμῶν
994 820 1113 899 κληρο·

61 942 85 981 ιε
99 922 333 1005 νομησάντων;
368 919 452 985 ἀλλά
482 921 544 1005 γάρ
573 919 594 1002 ἡ
625 918 777 984 ἀναίδεια
807 918 862 985 καὶ
890 919 911 1004 ἡ
941 920 1113 999 πλεονεξία

99 1029 235 1111 τοιαύτη
255 1023 345 1092 ἐστὶν
363 1026 466 1092 αὐτοῦ
486 1020 511 1090 ὦ
530 1026 649 1111 ἀνδρες
668 1026 829 1108 δικασταί,
852 1022 935 1091 ὥσθ’
957 1027 1113 1110 ήμεῖσθαι

100 1135 173 1198 δεῖν
197 1131 234 1197 ἐν
253 1128 467 1208 Ἐλευσινίοις
493 1154 528 1196 τε
557 1132 619 1215 τήν
645 1126 804 1217 πατρῴαν
831 1131 949 1196 ούσίαν
979 1131 1114 1197 ἐπανελ-

20 1253 22 1284 ⁸
99 1240 176 1303 θὼν
199 1240 298 1323 ἔχειν,
321 1233 373 1323 ἐφ’
400 1238 422 1302 ά
443 1234 471 1303 τ’
494 1239 700 1320 εἰσεποιήθη,
723 1237 768 1320 μή
786 1237 881 1312 ὄντος
904 1235 941 1301 ἐν
963 1246 1009 1324 τῷ
1033 1244 1113 1325 οῖκφ

21 1395 22 1444 χ
101 1345 190 1426 υίοῦ,
213 1341 268 1409 καὶ
290 1344 419 1408 τούτων
446 1344 560 1429 κύριος
586 1345 754 1426 γενέσθαι.
795 1339 850 1406 καὶ
876 1351 979 1408 ταῦτα
1005 1342 1113 1407 πάντα

21 1449 22 1458 ’
102 1448 225 1536 ῥηιδίως
247 1450 433 1514 διοικεῖται·
455 1451 537 1535 πρὸς
559 1449 622 1533 γάρ
646 1447 846 1534 ἀνθρώπους
867 1447 952 1532 ἡμᾶς
973 1446 1114 1532 πένητας

101 1553 156 1619 καὶ
189 1553 374 1632 ἀδυνάτους
409 1557 494 1640 ἔχων
531 1553 721 1620 ἀναλίσκειν
758 1553 794 1618 ἐκ
830 1565 897 1618 τῶν
929 1552 1112 1640 ἀλλοτρίων

101 1663 187 1726 πολύ
209 1663 384 1744 περίεστιν.
425 1660 540 1746 διόπερ
566 1655 657 1744 οἶμαι
679 1661 764 1743 ὑμᾶς
786 1660 858 1724 δεῖν
881 1663 1021 1744 βοηθεῖν
1043 1670 1113 1736 τοῖς

101 1766 147 1849 μή
174 1769 408 1851 πλεονεκτῆσαί
434 1789 466 1831 τι
493 1764 726 1850 βουλομένοις,
755 1762 826 1830 ἀλλ’
853 1763 1025 1849 ἀγαπῶσιν
1054 1764 1112 1832 ἐάν

63 1893 88 1932 ιο
101 1894 152 1947 τις
172 1871 256 1955 ημᾶς
278 1884 344 1938 τῶν
366 1875 479 1956 νόμων
503 1872 541 1960 ἐᾷ
564 1872 749 1956 τυγχάνειν.
789 1874 824 1935 τί
843 1871 906 1956 γάρ
930 1872 984 1936 δεῖ
1004 1882 1113 1936 ποιεῖν

101 1977 186 2060 ἡμᾶς
208 1973 234 2041 ὦ
258 1979 377 2063 ἀνδρες
395 1979 547 2043 δικασταί
550 2004 559 2057 ;
583 1979 638 2042 διά
656 1989 757 2061 τριῶν
776 1985 833 2060 τῆς
850 1979 998 2060 ποήσεως
1016 1975 1113 2061 όμμε-

19 2011 23 2138 δ
101 2084 241 2165 νούσης,
263 2081 318 2148 καὶ
341 2092 410 2170 ταῶ
423 2086 611 2149 τελευταίου
634 2081 965 2166 ἐγκαταλειφθέντος,
992 2083 1112 2148 τούτου

101 2189 242 2262 ἄπαιδος
273 2189 552 2269 τετελευτηκότος,
588 2189 631 2270 μή
667 2192 870 2271 κομίσασθαι
905 2186 944 2251 τὰ
980 2185 1108 2271 ἡμέτερ’

101 2295 215 2360 αὐτῶν
243 2296 352 2379 χρόνῳ
379 2288 472 2368 ποτέ;
500 2301 597 2357 τοῦτο
624 2296 740 2357 τοίνυν
768 2295 898 2377 ἔχοντες
924 2292 961 2356 τὸ
985 2291 1113 2357 δίκαιον

102 2399 265 2484 ἐλάχομεν
296 2405 356 2462 τοῦ
388 2398 511 2480 κλήρου
542 2397 624 2480 πρὸς
651 2399 710 2461 τὸν
742 2399 894 2482 άρχοντα.
940 2393 1054 2461 οὑτοσί
1076 2393 1113 2462 δὲ

102 2503 282 2589 Λεωχάρης
309 2513 478 2587 προπετῶς
505 2502 770 2587 διαμαρτυρήσας
799 2502 838 2566 τδι
860 2502 985 2585 ήευδή,
1012 2509 1114 2568 οῖεται

104 2614 176 2676 δεῖν
199 2610 287 2694 παρά
309 2609 433 2685 πάντας
459 2610 537 2684 τοὺς
563 2610 687 2692 νόμους
710 2596 930 2694 ἀποστερῆσαι
952 2606 1036 2692 ἡμᾶς
1057 2619 1114 2694 τῆς

103 2719 333 2800 κληρονομίας.

67 2841 92 2880 ³0
169 2826 311 2906 Πρῶτον
334 2818 395 2905 μὲν
419 2815 498 2904 οὖν,
526 2819 577 2885 ὅτι
604 2820 644 2886 τά
665 2842 700 2886 τε
723 2818 798 2906 περὶ
824 2820 881 2897 τάς
902 2823 1037 2904 ποήσεις
1058 2819 1114 2886 καὶ

106 2930 141 2994 τὸ
168 2927 264 3010 γένος
290 2929 327 2992 τὸ
354 2928 481 2993 τούτων
509 2925 618 3010 ἀληθῆ
646 2927 833 3010 είρήκαμεν,
855 2923 910 2991 καὶ
932 2927 952 3010 ἡ
977 2932 1113 3012 λουτρο-

106 3035 207 3118 φόρος
230 3030 406 3117 ἐφέστηκεν
430 3029 483 3097 ἐπὶ
505 3040 550 3118 τῷ
578 3041 638 3097 τοῦ
657 3028 832 3118 Ἀρχιάδου
855 3036 1014 3117 μνήματι,
1036 3033 1113 3096 ταύ-

106 3161 161 3214 τας
182 3139 262 3221 ὑμῖν
284 3139 341 3214 τάς
363 3141 544 3224 μαρτυρίας
570 3134 751 3223 βουλόμεθ’
779 3137 982 3221 ἀναγνῶναι·
1010 3134 1108 3203 ἔπειτ’

107 3245 167 3328 ήδη
190 3242 245 3309 καὶ
267 3245 307 3309 τά
329 3245 427 3311 λοιπά
447 3255 560 3328 σαφῶς
579 3243 754 3328 διδάξομεν
772 3246 868 3328 ὑμᾶς,
892 3241 967 3310 ὥστ’
990 3241 1114 3327 ἐξελίμ-

107 3349 157 3426 ξαι
188 3351 325 3426 τούτους
355 3351 395 3416 τά
430 3351 537 3433 ήευδή
575 3351 926 3436 διαμεμαρτυρηκότας.
970 3353 1029 3416 καί
1057 3372 1115 3435 μοι

107 3450 184 3538 λαβὲ
206 3455 263 3532 τάς
285 3460 465 3542 μαρτυρίας
488 3455 526 3532 ἃς
549 3454 643 3540 λέγω.
