2650 3918
489 188 677 241 IIPOOIMIA.
706 189 727 240 1.
746 189 782 243 11.
1074 185 1139 250 359

132 358 264 434 πρῶτον
287 343 348 431 μὲν
371 341 433 414 οὖν
455 347 541 432 ὑμᾶς
563 345 669 413 ἐκεῖνο
688 344 865 432 ἐγνωκέναι
889 347 951 432 δεῖ,
974 347 1020 424 ὡς
1040 342 1142 414 οὐδὲν

134 448 182 519 ὧν
209 450 340 519 ἐποιεῖτ’
367 451 420 519 ἐπὶ
448 463 509 520 τοῦ
535 457 692 536 πολεμεῖν
719 453 812 530 ὀντες
837 461 899 519 τοῦ
919 457 1038 519 λοιποῦ
1060 472 1142 537 πρα-

134 558 228 625 κτέον
247 557 348 642 ἐστίν,
366 557 450 652 ἀλλά
463 559 570 624 πάντα
583 557 754 624 τάναντία·
772 560 804 623 εί
820 559 884 645 γάρ
903 557 1012 624 ἐκεῖνα
1030 560 1142 642 φαῦλα

133 668 288 750 πεποίηκε
310 665 350 730 τὰ
371 665 556 750 πράγματα,
578 660 726 730 τάναντί’
748 665 836 741 είκὸς
857 667 975 749 βελτίω
997 671 1142 747 ποιῆσαι.

106 774 243 836 ιὲπειτα
271 767 446 855 νομιστέον
475 770 537 856 οὐχ
566 769 602 846 ὃς
630 769 673 835 ἂν
701 768 782 853 ὑμῖν
811 769 833 854 ἢ
862 767 967 854 μηδὲν
994 770 1015 855 ἦ
1041 768 1142 854 μικρὰ

133 875 334 962 προστάττῃ,
362 885 483 942 τοῦτον
512 875 622 962 ὀρθῶς
656 873 779 959 λέγειν·
814 875 910 962 ὁρᾶτε
939 875 1003 961 γάρ
1032 874 1077 951 ὡς
1105 870 1143 938 ἐκ

133 993 201 1047 τῶν
222 983 382 1048 τοιοάτων
400 979 545 1047 ἐλπίδων
567 978 622 1046 καὶ
645 983 755 1065 λόγων
777 983 824 1058 είς
845 989 912 1047 πάν
933 982 1142 1066 προελήλυθε

133 1091 317 1173 μοχθηρίας
338 1087 379 1152 τὰ
400 1089 560 1172 παρόντα·
584 1083 656 1152 ἀλλ’
684 1086 721 1163 ὃς
744 1085 786 1153 ἂν
808 1088 846 1153 τὸ
868 1089 1060 1174 χαρίζεσθαι
1082 1107 1143 1150 πα-

132 1195 212 1276 ρείς,
234 1191 255 1257 ἃ
279 1189 407 1257 δεῖκαὶ
430 1188 476 1257 δι’
504 1185 551 1257 ὧν
573 1190 774 1277 παυσαίμεθ’
797 1193 841 1258 ἂν
862 1193 1025 1278 αἰσχύνην
1048 1191 1143 1278 ὀφλι-
1171 1273 1173 1276 Ι

133 1299 310 1375 σαίνοντες
335 1295 391 1363 καὶ
419 1299 646 1382 ζημιούμενοι,
673 1307 775 1364 ταῦτα
803 1295 890 1385 λέχη.
930 1295 986 1364 καὶ
1013 1298 1076 1383 γὰρ
1098 1297 1143 1373 ὡς

132 1403 278 1489 άληθῶς,
301 1405 333 1469 εί
353 1400 426 1489 μὲν,
449 1400 499 1468 ὅτ’
527 1402 570 1468 ἂν
591 1411 637 1492 τῷ
665 1406 756 1494 λόγῳ
779 1427 828 1482 τις
849 1405 977 1491 ὑπερβῇ
999 1409 1144 1488 λυπῆσαι

0 1505 1 1508 “
132 1513 177 1597 μη
196 1513 409 1596 βουλόμενος,
427 1507 483 1576 καὶ
500 1510 540 1575 τὰ
556 1506 726 1596 πράγμαθ’
743 1509 974 1596 ὑπερβήσεται,
992 1511 1047 1575 δεῖ
1061 1511 1144 1596 πρὸς

132 1617 260 1702 ἡδονὴν
287 1616 502 1702 δημηγορεῖν·
526 1617 558 1680 εί
584 1611 615 1680 δ’
640 1615 662 1700 ἡ
689 1623 756 1682 τῶν
786 1619 897 1699 λόγων
919 1616 1028 1703 χάρις,
1055 1607 1142 1702 άνῇ

134 1723 178 1807 μὴ
207 1723 438 1809 προσήκουσα,
466 1723 553 1810 ἔργω
583 1723 679 1806 ζημία
707 1721 873 1806 γίγνεται,
908 1724 1045 1807 αίσχρόν
1074 1719 1144 1788 ἐστι

134 1831 319 1913 φενακίζειν
352 1825 506 1910 ἑαυτούς,
541 1824 598 1892 καὶ
628 1828 709 1912 μετὰ
740 1835 798 1912 τῆς
833 1826 969 1914 ἐσχάτης
1000 1825 1144 1912 ἀνάγκης

133 1931 253 2021 πρᾶξαι
275 1930 374 2000 ταῦθ’
400 1933 421 1998 δ
443 1933 544 1998 πάλαι
565 1929 727 2011 θέλοντας
748 1941 914 2018 προσῆκεν
936 1944 1056 1999 ποιεῖν.

620 2110 658 2174 Β.

204 2245 288 2333 Οὐχὶ
319 2246 423 2312 ταύτά
453 2248 651 2330 γιγνώσκειν
679 2243 705 2312 ὦ
733 2249 854 2335 άνδρες
881 2245 1055 2333 Ἀθηναῖοι
1084 2271 1145 2315 πα-

134 2355 288 2442 ρίσταταί
311 2375 386 2437 μοι,
415 2351 496 2418 ὅταν
522 2374 557 2418 τε
583 2353 621 2418 τὸ
649 2360 706 2436 τῆς
732 2357 898 2431 πολιτείας
924 2351 1018 2440 ὄνομ’
1050 2356 1146 2440 ὑμῶν

134 2461 284 2544 άκοάσω,
310 2456 365 2524 καὶ
392 2458 472 2524 ὅταν
498 2460 559 2525 τὸν
584 2461 707 2544 τρόπον
731 2458 771 2525 δν
792 2458 1043 2547 προσφέρονταί
1058 2483 1146 2540 τινες

133 2567 230 2652 ὑμῶν
257 2575 327 2642 τοῖς
355 2559 439 2650 ὑπὲρ
468 2563 588 2649 ταύτης
617 2561 772 2648 λέγουσιν
803 2567 874 2630 ίδω.
915 2566 976 2650 την
998 2562 1059 2650 μὲν
1080 2567 1144 2653 γάρ

134 2675 303 2740 πολιτείαν
317 2670 552 2756 δημοκρατίαν,
571 2669 681 2756 ὥσπερ
700 2671 842 2747 ἅπαντες
861 2668 939 2756 ἴστ’,
957 2672 1145 2756 ὀνομάζετε·

134 2791 201 2846 τῶν
224 2775 262 2844 δὲ
284 2776 440 2843 τάναντία
461 2776 564 2863 ταάτη
592 2779 758 2859 λεγόντων
786 2776 896 2854 ἐνίους
922 2777 1020 2861 ἥδιον
1047 2778 1144 2846 ἀκοά-

110 2906 234 2962 ιοντας
265 2885 341 2970 δρῶ.
391 2879 410 2948 ὀ
439 2879 494 2947 καὶ
525 2881 685 2966 θαυμάζω
721 2885 771 2960 τίς
805 2878 885 2948 ποθ’
920 2882 941 2966 ἡ
971 2886 1144 2968 πρόφασις.

4 3063 13 3077 ο
136 2994 277 3077 πότερον
303 2999 422 3074 προῖκα
450 2985 560 3071 λέγειν
591 2982 681 3054 ταῦτ’
712 2987 833 3065 αὐτοὺς
859 2993 983 3073 οἴεσθε,
1011 2987 1085 3055 ἀλλ’
1112 2991 1148 3056 ολ

136 3107 205 3161 τῶν
230 3094 444 3180 ὀλιγαρχιῶν,
470 3089 553 3180 ὑπὲρ
582 3087 629 3160 ὧν
657 3089 749 3160 οὗτοι
777 3092 927 3178 λέγουσι,
953 3095 1063 3181 κύριοι
1090 3094 1146 3162 καὶ
1156 3111 1224 3160 1420

136 3201 238 3268 πλείω
253 3208 359 3284 σιωπῇ
377 3204 504 3282 μᾶλλον
518 3199 560 3265 ἂν
575 3201 677 3266 δοῖεν.
713 3199 797 3266 άλλά
816 3204 934 3285 βελτίω
952 3197 1042 3266 ταῦτ’
1059 3196 1146 3267 εἶναι

137 3320 204 3374 τῶν
231 3303 352 3392 ἑτέρων
380 3303 594 3390 ὑπειλήφατες
622 3308 763 3391 βελτίων
789 3304 841 3392 ἄρ’
867 3306 948 3390 ὑμῖν
975 3305 1147 3392 ὀλιγαρχία

138 3415 358 3500 δημοκρατίας
370 3414 531 3498 φαίνεται.
563 3408 635 3477 ἀλλ’
653 3412 775 3489 αὐτοὺς
793 3407 878 3476 εἶναι
892 3413 1042 3495 βελτίους
1058 3409 1147 3493 ἡγεῖ-

138 3527 216 3600 σθες
245 3516 301 3584 καὶ
329 3520 379 3594 τίς
413 3514 456 3582 άν
489 3518 627 3602 χρηστὸς
659 3513 718 3603 ὑφ’
750 3517 846 3601 ὑμῶν
873 3512 1029 3598 νομίζοιτ’
1062 3517 1147 3580 είκό-
