2654 3926
215 143 258 208 58
509 145 603 197 xmv.
632 141 936 214 [Δωωοεοωαουε]

617 301 821 354 ΜΑΡΤΤΡΙΑΙ.

176 428 202 469 τι
279 407 314 473 Ὁ
338 405 399 493 μέν
421 412 537 475 τοίνυν
559 417 620 474 τοῦ
642 409 831 495 πράγματος
853 409 951 490 λόγος
968 402 1078 472 καὶτὸ
1097 403 1226 472 ἁπλοῦν

216 517 345 581 δίκαιον
376 513 452 602 περὶ
483 524 540 599 τῆς
570 517 790 600 κληρονομίας
821 513 924 589 οὕτως
954 515 1022 598 έχει
1053 508 1078 577 ὦ
1106 513 1227 595 ἄνδρες

215 622 381 706 δικασταί,
417 633 484 686 τῶν
519 645 554 686 τε
589 618 828 707 πεπραγμένων
862 618 896 697 ἐξ
934 617 1036 704 ἀρχῆς
1072 617 1154 684 αὐτά
1185 619 1227 682 τά
1238 638 1324 690 1090

213 727 375 812 κεφάλαια
394 728 513 813 σχεδόν
536 751 567 791 τι
591 725 758 810 άκηκόατε.
794 721 872 790 άόέ
890 726 970 809 μετὰ
992 726 1053 809 τήν
1070 733 1130 788 τοῦ
1148 725 1226 807 κλή-

215 855 278 916 ρου
301 830 394 916 λῆξιν
416 834 612 915 πεποιήκασι
635 829 689 896 καὶ
716 831 756 896 ὃν
783 834 906 916 τρόπον
928 830 1009 914 ήμίν
1030 826 1227 915 κεχρημένοι

216 939 313 1020 εἰσίν,
336 937 517 1021 άναγκαίον
534 940 657 1021 νομίζω
676 939 793 1002 εἰπεῖν·
817 933 908 1021 οἶμαι
927 937 989 1022 γάρ
1007 933 1082 1019 περὶ
1100 935 1226 1020 κλήρου

176 1061 202 1104 ιε
215 1042 328 1126 άγῶνα
342 1043 485 1128 μηδένας
498 1045 620 1120 άλλους
632 1049 925 1129 παρανενομῆσθαι
934 1033 1088 1125 οἷαήμᾶς.
1112 1039 1225 1126 ἐπειδὴ

214 1149 278 1233 γάρ
302 1148 511 1233 ἐτελεύτησεν
533 1149 552 1214 ὁ
575 1149 772 1235 Λεωκράτης
793 1147 886 1232 καλή
905 1149 991 1234 ταφή
1014 1145 1143 1230 ἐγένετο
1168 1147 1227 1212 αὐ-

214 1263 272 1341 τῷ,
294 1252 528 1339 πορευομένων
549 1253 643 1339 ήμῶν
666 1257 713 1332 εἰς
735 1255 774 1319 τὰ
796 1258 941 1338 κτήματα
962 1253 1019 1318 διὰ
1040 1255 1078 1319 τὸ
1102 1254 1227 1318 άπαιὸά

214 1382 249 1426 τε
284 1362 343 1426 τὸν
377 1361 484 1445 άνὸρα
517 1358 572 1425 καὶ
606 1361 734 1444 άγαμον
772 1358 1054 1444 τετελευτηκέναι,
1088 1357 1225 1443 ἐξήγαγε

98 1550 101 1555 ἱ
214 1467 429 1552 Λεώστρατος
456 1464 570 1532 οὑτοσὶ
597 1467 733 1550 φάσκων
761 1467 864 1533 αὑτοῦ
890 1462 985 1531 εἶναι.
1026 1463 1140 1531 καὶτὸ
1163 1462 1225 1550 μὲν

214 1583 310 1635 ποεῖν
333 1595 364 1635 τι
386 1582 453 1636 τῶν
480 1570 705 1656 νομιζομένων
732 1577 879 1639 κωλῦσαι
906 1572 990 1656 ἡμᾶς
1012 1580 1058 1661 τῷ
1081 1576 1226 1638 τετελευ-

215 1679 343 1760 τηκότι,
370 1678 476 1763 πατὴρ
505 1677 552 1742 ὢν
578 1677 679 1754 αὐτὸς
706 1677 854 1763 ἐκείνου,
881 1681 947 1765 ἐχει
970 1681 1087 1762 λόγον,
1109 1681 1226 1764 καίπερ

216 1781 312 1858 όντος
334 1786 528 1866 παρανόμου
552 1793 612 1849 τοῦ
636 1786 749 1869 ἔργου·
772 1792 818 1872 τῷ
841 1784 904 1869 γὰρ
927 1785 1027 1868 φύσει
1048 1781 1147 1868 πατρὶ
1169 1793 1227 1867 τῆς

215 1896 320 1970 ταφῆς
338 1889 399 1971 τήν
418 1887 605 1972 ἐπιμέλειαν
622 1891 869 1975 παραδίδοσθαι
888 1891 975 1966 εἰκός
993 1887 1093 1971 ἐστιν,
1115 1891 1226 1954 ἔπειτα

215 1989 328 2076 μέντοι
357 1991 412 2058 καὶ
440 2005 509 2070 τοίς
536 1997 669 2072 οἰκείοις
695 1995 790 2080 ἡμῖν,
818 1989 865 2059 ὧν
891 1989 934 2078 ήυ
960 1995 1122 2078 συγγενής
1142 1995 1225 2060 κατὰ

176 2117 202 2158 τε
215 2099 276 2182 τήν
305 2102 426 2183 πόησιν
455 2099 473 2166 ό
503 2103 745 2185 τετελευτηκώς.
794 2098 864 2166 ἐπεὶ
893 2095 931 2182 δὲ
959 2100 998 2164 τά
1027 2103 1225 2184 νομιζόμενα

216 2202 357 2289 ἐγένετο,
379 2206 460 2270 κατὰ
482 2216 581 2272 ποῖον
603 2210 709 2290 νόμον
726 2193 879 2293 φανεῖται
902 2204 1025 2293 ἐρήμου
1048 2207 1143 2284 ὄντος
1165 2216 1225 2273 τοῦ

216 2317 309 2377 οἰκου
340 2313 417 2387 τοὺς
446 2310 612 2395 ἐγγυτάτω
642 2311 760 2396 γένους
793 2312 877 2396 ήμᾶς
906 2310 1074 2396 ἐξαγαγὼν
1103 2310 1140 2377 ἐκ
1168 2321 1226 2396 τῆς

216 2416 343 2495 οὐσίας;
381 2417 432 2481 ὅτι
464 2419 506 2502 νή
539 2421 607 2482 Δία
638 2419 744 2502 πατήρ
778 2414 822 2502 ἦν
856 2427 930 2496 τοῦΙ
952 2422 1225 2502 τετελευτηκότος.

215 2521 433 2606 ἀπεληλυθώς
454 2519 485 2607 γ’
512 2525 561 2600 εἰς
582 2526 641 2590 τὸν
663 2533 816 2611 πατρῷον
844 2519 937 2590 οἰκον
959 2521 1014 2588 καὶ
1037 2521 1147 2589 οὐκέτι
1168 2532 1226 2607 τῆς

217 2628 343 2712 οὐσίας,
366 2625 418 2713 ἐφ’
446 2622 467 2716 ᾗ
496 2629 684 2713 ἐγκατέλιπε
714 2631 773 2695 τὸν
794 2629 888 2714 υἰόν,
910 2629 1024 2713 κύριος
1047 2631 1107 2694 ὥν·
1134 2631 1166 2694 εἰ
1187 2626 1225 2695 δὲ

176 2749 203 2794 ει
216 2734 272 2817 μή,
294 2737 329 2798 τί
348 2745 414 2799 τῶν
436 2738 550 2818 νόμων
574 2737 708 2820 ὄφελος;
735 2733 916 2819 γενομένης
942 2729 1005 2800 οὖν
1027 2744 1083 2819 της
1105 2733 1225 2818 ἐξαγω-

215 2848 285 2925 γῆς,
307 2841 363 2905 ίνα
386 2841 579 2907 τὰπλεῖστα
597 2845 782 2927 παραλίπω,
806 2840 965 2926 ἐλάχομεν
982 2843 1064 2925 πρὸς
1086 2843 1144 2908 τὸν
1167 2842 1225 2925 άρ-

214 2969 314 3032 χοντα
345 2956 405 3012 τοῦ
436 2949 577 3032 κλήρου,
607 2948 684 3012 οὔτε
716 2950 821 3035 γόνῳ,
853 2948 964 3031 ὥσπερ
995 2942 1105 3030 εἶπον,
1135 2946 1226 3025 υἰέος

215 3053 352 3130 οὐδενὸς
374 3054 470 3129 όντος
491 3061 536 3140 τῷ
557 3056 811 3137 τετελευτηκότι,
834 3049 903 3119 οὔτ’
926 3055 1116 3136 εἰσποιητοῦ
1133 3075 1225 3136 γεγε·

214 3156 361 3242 νημέυου
379 3159 460 3224 κατά
478 3162 556 3236 τοὺς
573 3162 706 3244 νόμους.
743 3158 823 3243 μετὰ
842 3155 997 3223 δὲταῦτα
1010 3160 1225 3243 Λεώστρατος

215 3261 328 3329 οὑτοσὶ
346 3265 631 3349 παρακαταβάλλει
650 3263 695 3340 ὡς
711 3265 784 3340 υίὸς
799 3260 974 3348 Ἀρχιάδου
998 3261 1138 3346 ἐκείνου,
1161 3264 1225 3330 οὐκ
1235 3286 1306 3340 1091

215 3367 484 3454 ἐπιλογισάμενος
507 3366 583 3436 οὔθ’
612 3370 661 3434 ότι
685 3367 924 3453 ἐπανεληλύθει
947 3371 994 3445 εἰς
1016 3371 1094 3446 τοὺς
1113 3365 1224 3434 Ἐλευ-

216 3477 353 3556 σινίους,
376 3471 453 3541 οὔθ’
481 3476 532 3541 ότι
555 3476 591 3542 οἰ
610 3473 790 3557 εἰσποιητοὶ
813 3475 874 3540 οὐκ
897 3472 992 3540 αὐτοὶ
1014 3471 1073 3559 ὑφ’
1101 3474 1225 3553 αὐτῶν,
