<?xml version="1.0" encoding="UTF-8"?>
<!DOCTYPE html PUBLIC "-//W3C//DTD XHTML 1.0 Transitional//EN"
    "http://www.w3.org/TR/xhtml1/DTD/xhtml1-transitional.dtd">
<html xmlns="http://www.w3.org/1999/xhtml" xml:lang="en" lang="en">
 <head>
  <title>
</title>
<meta http-equiv="Content-Type" content="text/html;charset=utf-8" />
  <meta name='ocr-system' content='tesseract 3.04.00' />
  <meta name='ocr-capabilities' content='ocr_page ocr_carea ocr_par ocr_line ocrx_word'/>
</head>
<body>
  <div class='ocr_page' id='page_1' title='image "./orationes01demogoog_0114.png"; bbox 0 0 2654 3926; ppageno 0'>
   <div class='ocr_carea' id='block_1_1' title="bbox 435 191 1123 254">
    <p class='ocr_par' dir='ltr' id='par_1_1' title="bbox 435 191 1123 254">
     <span class='ocr_line' id='line_1_1' title="bbox 435 191 1123 254; baseline 0.009 -6"><span class='ocrx_word' id='word_1_1' title='bbox 435 197 535 250; x_wconf 71' lang='grc' dir='ltr'>ΠΡΟΣ</span> <span class='ocrx_word' id='word_1_2' title='bbox 553 197 802 250; x_wconf 75' lang='lat' dir='ltr'><strong>MAKAPTATON.</strong></span> <span class='ocrx_word' id='word_1_3' title='bbox 1083 191 1123 254; x_wconf 85' lang='lat'><strong><em>21</em></strong></span> 
     </span>
    </p>
   </div>
   <div class='ocr_carea' id='block_1_2' title="bbox 129 349 1126 655">
    <p class='ocr_par' dir='ltr' id='par_1_2' title="bbox 129 349 1126 655">
     <span class='ocr_line' id='line_1_2' title="bbox 129 349 1121 443; baseline -0.002 -24"><span class='ocrx_word' id='word_1_4' title='bbox 129 356 251 422; x_wconf 87' lang='grc' dir='ltr'><strong><em>ίιιετεύω</em></strong></span> <span class='ocrx_word' id='word_1_5' title='bbox 277 356 401 434; x_wconf 78' lang='grc' dir='ltr'><strong><em>πάντας</em></strong></span> <span class='ocrx_word' id='word_1_6' title='bbox 426 357 512 441; x_wconf 82' lang='grc' dir='ltr'><strong><em>ὑμᾶς</em></strong></span> <span class='ocrx_word' id='word_1_7' title='bbox 539 358 659 443; x_wconf 80' lang='grc' dir='ltr'><strong><em>ἄνδρες</em></strong></span> <span class='ocrx_word' id='word_1_8' title='bbox 685 357 851 440; x_wconf 86' lang='grc' dir='ltr'><strong><em>δικασταί,</em></strong></span> <span class='ocrx_word' id='word_1_9' title='bbox 877 351 932 419; x_wconf 83' lang='grc' dir='ltr'><strong><em>καί</em></strong></span> <span class='ocrx_word' id='word_1_10' title='bbox 959 354 1000 418; x_wconf 84' lang='grc' dir='ltr'><strong><em>τά</em></strong></span> <span class='ocrx_word' id='word_1_11' title='bbox 1023 349 1121 418; x_wconf 90' lang='grc' dir='ltr'><strong><em>δίκαι’</em></strong></span> 
     </span>
     <span class='ocr_line' id='line_1_3' title="bbox 129 457 1126 554; baseline -0.002 -28"><span class='ocrx_word' id='word_1_12' title='bbox 129 463 256 549; x_wconf 80' lang='grc' dir='ltr'><strong><em>είρηκδος</em></strong></span> <span class='ocrx_word' id='word_1_13' title='bbox 279 460 396 547; x_wconf 86' lang='grc' dir='ltr'><strong><em>δέομαι</em></strong></span> <span class='ocrx_word' id='word_1_14' title='bbox 414 465 584 547; x_wconf 68' lang='grc' dir='ltr'><strong><em>βοηθῆσαί</em></strong></span> <span class='ocrx_word' id='word_1_15' title='bbox 602 486 659 547; x_wconf 92' lang='grc' dir='ltr'><strong><em>μοι</em></strong></span> <span class='ocrx_word' id='word_1_16' title='bbox 680 459 736 527; x_wconf 85' lang='grc' dir='ltr'><strong><em>καί</em></strong></span> <span class='ocrx_word' id='word_1_17' title='bbox 759 463 803 554; x_wconf 82' lang='grc' dir='ltr'><strong><em>μη</em></strong></span> <span class='ocrx_word' id='word_1_18' title='bbox 826 483 865 546; x_wconf 87' lang='grc' dir='ltr'><strong><em>με</em></strong></span> <span class='ocrx_word' id='word_1_19' title='bbox 887 457 1126 546; x_wconf 76' lang='grc' dir='ltr'><strong><em>περιελαθέντα</em></strong></span> 
     </span>
     <span class='ocr_line' id='line_1_4' title="bbox 129 569 526 655; baseline 0.003 -22"><span class='ocrx_word' id='word_1_20' title='bbox 129 570 279 655; x_wconf 76' lang='grc' dir='ltr'><em>περιιδεῖν</em></span> <span class='ocrx_word' id='word_1_21' title='bbox 300 569 366 635; x_wconf 80' lang='grc' dir='ltr'><strong><em>ὑπὸ</em></strong></span> <span class='ocrx_word' id='word_1_22' title='bbox 388 570 526 635; x_wconf 88' lang='grc' dir='ltr'><strong><em>τούτων.</em></strong></span> 
     </span>
    </p>
   </div>
   <div class='ocr_carea' id='block_1_3' title="bbox 516 765 725 776">
    <p class='ocr_par' dir='ltr' id='par_1_3' title="bbox 516 765 725 776">
     <span class='ocr_line' id='line_1_5' title="bbox 516 765 725 776; baseline 0.01 -3"><span class='ocrx_word' id='word_1_23' title='bbox 516 765 725 776; x_wconf 74' lang='lat'><strong><em>———</em></strong></span> 
     </span>
    </p>
   </div>
   <div class='ocr_carea' id='block_1_4' title="bbox 564 902 679 968">
    <p class='ocr_par' dir='ltr' id='par_1_4' title="bbox 564 902 679 968">
     <span class='ocr_line' id='line_1_6' title="bbox 564 902 679 968; baseline 0 0"><span class='ocrx_word' id='word_1_24' title='bbox 564 902 679 968; x_wconf 75' lang='grc' dir='ltr'><strong><em>ΧΙιΙΠ.</em></strong></span> 
     </span>
    </p>
   </div>
   <div class='ocr_carea' id='block_1_5' title="bbox 178 1039 1077 1238">
    <p class='ocr_par' dir='ltr' id='par_1_5' title="bbox 178 1039 1077 1238">
     <span class='ocr_line' id='line_1_7' title="bbox 178 1039 1077 1122; baseline -0.006 -3"><span class='ocrx_word' id='word_1_25' title='bbox 178 1044 317 1122; x_wconf 86' lang='grc' dir='ltr'>ΠΡΟΣ</span> <span class='ocrx_word' id='word_1_26' title='bbox 347 1042 708 1120; x_wconf 82' lang='lat' dir='ltr'>MAKAPTATON</span> <span class='ocrx_word' id='word_1_27' title='bbox 733 1043 858 1118; x_wconf 87' lang='grc' dir='ltr'>ΠΕΡΙ</span> <span class='ocrx_word' id='word_1_28' title='bbox 882 1039 1077 1117; x_wconf 79' lang='grc' dir='ltr'>ΑΓΝΙΟΤ</span> 
     </span>
     <span class='ocr_line' id='line_1_8' title="bbox 505 1162 737 1238; baseline 0.004 -2"><span class='ocrx_word' id='word_1_29' title='bbox 505 1162 737 1238; x_wconf 79' lang='grc' dir='ltr'><strong><em>ΚΛΗΡΟΤ.</em></strong></span> 
     </span>
    </p>
   </div>
   <div class='ocr_carea' id='block_1_6' title="bbox 522 1350 721 1405">
    <p class='ocr_par' dir='ltr' id='par_1_6' title="bbox 522 1350 721 1405">
     <span class='ocr_line' id='line_1_9' title="bbox 522 1350 721 1405; baseline 0.01 -3"><span class='ocrx_word' id='word_1_30' title='bbox 522 1350 721 1405; x_wconf 81' lang='grc' dir='ltr'><strong><em>ΤΠΟΘΕΣΙΣ.</em></strong></span> 
     </span>
    </p>
   </div>
   <div class='ocr_carea' id='block_1_7' title="bbox 106 1470 1206 3401">
    <p class='ocr_par' dir='ltr' id='par_1_7' title="bbox 106 1470 1206 3401">
     <span class='ocr_line' id='line_1_10' title="bbox 182 1470 1128 1564; baseline -0.007 -22"><span class='ocrx_word' id='word_1_31' title='bbox 182 1477 302 1564; x_wconf 90' lang='grc' dir='ltr'><strong><em>Ἁγνίας</em></strong></span> <span class='ocrx_word' id='word_1_32' title='bbox 315 1477 366 1542; x_wconf 86' lang='grc' dir='ltr'><strong><em>καί</em></strong></span> <span class='ocrx_word' id='word_1_33' title='bbox 379 1477 571 1560; x_wconf 77' lang='grc' dir='ltr'><strong><em>Εὐβουλίδης</em></strong></span> <span class='ocrx_word' id='word_1_34' title='bbox 589 1471 666 1558; x_wconf 74' lang='grc' dir='ltr'><strong><em>ἦσαν</em></strong></span> <span class='ocrx_word' id='word_1_35' title='bbox 685 1477 813 1558; x_wconf 81' lang='grc' dir='ltr'><strong><em>ἀνεψιοί.</em></strong></span> <span class='ocrx_word' id='word_1_36' title='bbox 845 1478 958 1540; x_wconf 88' lang='grc' dir='ltr'><strong><em>τούτων</em></strong></span> <span class='ocrx_word' id='word_1_37' title='bbox 972 1470 999 1538; x_wconf 87' lang='grc' dir='ltr'><strong><em>δ’</em></strong></span> <span class='ocrx_word' id='word_1_38' title='bbox 1010 1470 1128 1558; x_wconf 78' lang='grc' dir='ltr'><strong><em>Ἁγνίας</em></strong></span> 
     </span>
     <span class='ocr_line' id='line_1_11' title="bbox 123 1561 1128 1658; baseline -0.005 -18"><span class='ocrx_word' id='word_1_39' title='bbox 123 1577 305 1658; x_wconf 79' lang='grc' dir='ltr'><strong><em>ἐτελεύτησεν</em></strong></span> <span class='ocrx_word' id='word_1_40' title='bbox 323 1561 425 1649; x_wconf 86' lang='grc' dir='ltr'><strong><em>άπαις·</em></strong></span> <span class='ocrx_word' id='word_1_41' title='bbox 449 1573 465 1638; x_wconf 86' lang='grc' dir='ltr'><strong><em>ό</em></strong></span> <span class='ocrx_word' id='word_1_42' title='bbox 485 1571 512 1636; x_wconf 82' lang='grc' dir='ltr'><strong><em>δ’</em></strong></span> <span class='ocrx_word' id='word_1_43' title='bbox 533 1574 724 1656; x_wconf 75' lang='grc' dir='ltr'><strong><em>Εὐβουλίδης</em></strong></span> <span class='ocrx_word' id='word_1_44' title='bbox 746 1573 895 1658; x_wconf 76' lang='grc' dir='ltr'><strong><em>θυγατέρα</em></strong></span> <span class='ocrx_word' id='word_1_45' title='bbox 912 1571 1043 1636; x_wconf 81' lang='grc' dir='ltr'><strong><em>κατέλιπε</em></strong></span> <span class='ocrx_word' id='word_1_46' title='bbox 1065 1576 1128 1634; x_wconf 89' lang='grc' dir='ltr'><strong><em>Φυ-</em></strong></span> 
     </span>
     <span class='ocr_line' id='line_1_12' title="bbox 123 1662 1128 1754; baseline -0.004 -20"><span class='ocrx_word' id='word_1_47' title='bbox 123 1674 262 1754; x_wconf 89' lang='grc' dir='ltr'><strong><em>λομάχην,</em></strong></span> <span class='ocrx_word' id='word_1_48' title='bbox 284 1673 348 1752; x_wconf 80' lang='grc' dir='ltr'><strong><em>η’τις</em></strong></span> <span class='ocrx_word' id='word_1_49' title='bbox 371 1671 553 1746; x_wconf 83' lang='grc' dir='ltr'><strong><em>έπεδικάζετο</em></strong></span> <span class='ocrx_word' id='word_1_50' title='bbox 571 1679 624 1734; x_wconf 81' lang='grc' dir='ltr'><strong><em>τού</em></strong></span> <span class='ocrx_word' id='word_1_51' title='bbox 642 1671 753 1754; x_wconf 81' lang='grc' dir='ltr'><strong><em>κλήρου</em></strong></span> <span class='ocrx_word' id='word_1_52' title='bbox 771 1681 824 1734; x_wconf 79' lang='grc' dir='ltr'><strong><em>τού</em></strong></span> <span class='ocrx_word' id='word_1_53' title='bbox 836 1667 967 1753; x_wconf 91' lang='grc' dir='ltr'><strong><em>Ἁγνίου,</em></strong></span> <span class='ocrx_word' id='word_1_54' title='bbox 990 1669 1031 1744; x_wconf 82' lang='grc' dir='ltr'><strong><em>ὡς</em></strong></span> <span class='ocrx_word' id='word_1_55' title='bbox 1053 1662 1128 1732; x_wconf 80' lang='grc' dir='ltr'><strong><em>οὐσα</em></strong></span> 
     </span>
     <span class='ocr_line' id='line_1_13' title="bbox 123 1764 1128 1856; baseline -0.007 -24"><span class='ocrx_word' id='word_1_56' title='bbox 123 1771 262 1853; x_wconf 80' lang='grc' dir='ltr'><strong><em>ἐγγύτατα</em></strong></span> <span class='ocrx_word' id='word_1_57' title='bbox 283 1774 324 1856; x_wconf 78' lang='grc' dir='ltr'><strong><em>τῷ</em></strong></span> <span class='ocrx_word' id='word_1_58' title='bbox 348 1767 434 1852; x_wconf 88' lang='grc' dir='ltr'><strong><em>γένει.</em></strong></span> <span class='ocrx_word' id='word_1_59' title='bbox 475 1767 684 1850; x_wconf 76' lang='grc' dir='ltr'><strong><em>ἠμφισβήτουν</em></strong></span> <span class='ocrx_word' id='word_1_60' title='bbox 709 1764 736 1831; x_wconf 86' lang='grc' dir='ltr'><strong><em>δ’</em></strong></span> <span class='ocrx_word' id='word_1_61' title='bbox 762 1769 835 1854; x_wconf 78' lang='grc' dir='ltr'><strong><em>αὐτη</em></strong></span> <span class='ocrx_word' id='word_1_62' title='bbox 858 1769 992 1841; x_wconf 74' lang='grc' dir='ltr'><strong><em>Γλαῦκός</em></strong></span> <span class='ocrx_word' id='word_1_63' title='bbox 1013 1790 1056 1840; x_wconf 90' lang='grc' dir='ltr'><strong><em>τις</em></strong></span> <span class='ocrx_word' id='word_1_64' title='bbox 1077 1765 1128 1828; x_wconf 85' lang='grc' dir='ltr'><strong><em>καλ</em></strong></span> 
     </span>
     <span class='ocr_line' id='line_1_14' title="bbox 123 1863 1126 1951; baseline -0.004 -22"><span class='ocrx_word' id='word_1_65' title='bbox 123 1867 282 1946; x_wconf 87' lang='grc' dir='ltr'><strong><em>Γλαύκων,</em></strong></span> <span class='ocrx_word' id='word_1_66' title='bbox 313 1865 370 1928; x_wconf 83' lang='grc' dir='ltr'><strong><em>οὐκ</em></strong></span> <span class='ocrx_word' id='word_1_67' title='bbox 392 1864 538 1951; x_wconf 73' lang='grc' dir='ltr'><strong><em>ἀγχιστεία</em></strong></span> <span class='ocrx_word' id='word_1_68' title='bbox 559 1864 680 1948; x_wconf 82' lang='grc' dir='ltr'><strong><em>γένους,</em></strong></span> <span class='ocrx_word' id='word_1_69' title='bbox 709 1865 782 1928; x_wconf 83' lang='grc' dir='ltr'><strong><em>άλλόι</em></strong></span> <span class='ocrx_word' id='word_1_70' title='bbox 809 1866 966 1946; x_wconf 78' lang='grc' dir='ltr'><strong><em>διαθήκαις</em></strong></span> <span class='ocrx_word' id='word_1_71' title='bbox 988 1863 1126 1947; x_wconf 81' lang='grc' dir='ltr'><strong><em>ἰσχυριζό-</em></strong></span> 
     </span>
     <span class='ocr_line' id='line_1_15' title="bbox 123 1954 1126 2048; baseline -0.004 -22"><span class='ocrx_word' id='word_1_72' title='bbox 123 1988 212 2043; x_wconf 85' lang='grc' dir='ltr'><strong><em>μενοι.</em></strong></span> <span class='ocrx_word' id='word_1_73' title='bbox 253 1954 297 2024; x_wconf 80' lang='grc' dir='ltr'><strong><em>ὦν</em></strong></span> <span class='ocrx_word' id='word_1_74' title='bbox 323 1961 356 2024; x_wconf 82' lang='grc' dir='ltr'><strong><em>έν</em></strong></span> <span class='ocrx_word' id='word_1_75' title='bbox 383 1966 423 2047; x_wconf 80' lang='grc' dir='ltr'><strong><em>τῷ</em></strong></span> <span class='ocrx_word' id='word_1_76' title='bbox 451 1963 627 2048; x_wconf 77' lang='grc' dir='ltr'><strong><em>δικαστηρίῳ</em></strong></span> <span class='ocrx_word' id='word_1_77' title='bbox 654 1965 778 2042; x_wconf 81' lang='grc' dir='ltr'><strong><em>ψευδῶν</em></strong></span> <span class='ocrx_word' id='word_1_78' title='bbox 805 1963 1010 2046; x_wconf 83' lang='grc' dir='ltr'><strong><em>έλεγχθεισῶν,</em></strong></span> <span class='ocrx_word' id='word_1_79' title='bbox 1032 1983 1126 2042; x_wconf 70' lang='grc' dir='ltr'><strong><em>παρα-</em></strong></span> 
     </span>
     <span class='ocr_line' id='line_1_16' title="bbox 124 2055 1126 2143; baseline -0.002 -20"><span class='ocrx_word' id='word_1_80' title='bbox 124 2061 265 2143; x_wconf 79' lang='grc' dir='ltr'><strong><em>λαμβάνει</em></strong></span> <span class='ocrx_word' id='word_1_81' title='bbox 286 2058 337 2121; x_wconf 84' lang='grc' dir='ltr'><strong><em>τόν</em></strong></span> <span class='ocrx_word' id='word_1_82' title='bbox 359 2064 469 2139; x_wconf 74' lang='grc' dir='ltr'><strong><em>κλῆρον</em></strong></span> <span class='ocrx_word' id='word_1_83' title='bbox 490 2055 511 2138; x_wconf 76' lang='grc' dir='ltr'><strong><em>η</em></strong></span> <span class='ocrx_word' id='word_1_84' title='bbox 533 2061 702 2141; x_wconf 80' lang='grc' dir='ltr'><strong><em>Φυλομάχη.</em></strong></span> <span class='ocrx_word' id='word_1_85' title='bbox 739 2059 838 2124; x_wconf 75' lang='grc' dir='ltr'><strong><em>εἰσιὼν</em></strong></span> <span class='ocrx_word' id='word_1_86' title='bbox 856 2057 883 2124; x_wconf 88' lang='grc' dir='ltr'><strong><em>δ’</em></strong></span> <span class='ocrx_word' id='word_1_87' title='bbox 905 2058 921 2123; x_wconf 85' lang='grc' dir='ltr'><strong><em>ό</em></strong></span> <span class='ocrx_word' id='word_1_88' title='bbox 943 2060 1126 2141; x_wconf 88' lang='grc' dir='ltr'><strong><em>Θεόπομπος,</em></strong></span> 
     </span>
     <span class='ocr_line' id='line_1_17' title="bbox 124 2154 1127 2250; baseline -0.004 -28"><span class='ocrx_word' id='word_1_89' title='bbox 124 2159 231 2250; x_wconf 77' lang='grc' dir='ltr'><strong><em>αὐτούς</em></strong></span> <span class='ocrx_word' id='word_1_90' title='bbox 257 2180 287 2220; x_wconf 87' lang='grc' dir='ltr'><strong><em>τε</em></strong></span> <span class='ocrx_word' id='word_1_91' title='bbox 314 2157 437 2230; x_wconf 78' lang='grc' dir='ltr'><strong><em>τούτους</em></strong></span> <span class='ocrx_word' id='word_1_92' title='bbox 463 2157 533 2230; x_wconf 83' lang='grc' dir='ltr'><strong><em>τούς</em></strong></span> <span class='ocrx_word' id='word_1_93' title='bbox 559 2154 739 2236; x_wconf 75' lang='grc' dir='ltr'><strong><em>ἡττημένους</em></strong></span> <span class='ocrx_word' id='word_1_94' title='bbox 770 2155 951 2239; x_wconf 80' lang='grc' dir='ltr'><strong><em>παραλαβὼν</em></strong></span> <span class='ocrx_word' id='word_1_95' title='bbox 977 2156 1026 2220; x_wconf 85' lang='grc' dir='ltr'><strong><em>καλ</em></strong></span> <span class='ocrx_word' id='word_1_96' title='bbox 1053 2157 1127 2237; x_wconf 82' lang='grc' dir='ltr'><strong><em>πρὸς</em></strong></span> 
     </span>
     <span class='ocr_line' id='line_1_18' title="bbox 124 2249 1127 2334; baseline 0 -20"><span class='ocrx_word' id='word_1_97' title='bbox 124 2257 235 2328; x_wconf 88' lang='grc' dir='ltr'><strong><em>τούτοις</em></strong></span> <span class='ocrx_word' id='word_1_98' title='bbox 254 2251 443 2332; x_wconf 84' lang='grc' dir='ltr'><strong><em>Εὐπόλεμον,</em></strong></span> <span class='ocrx_word' id='word_1_99' title='bbox 464 2249 689 2334; x_wconf 88' lang='grc' dir='ltr'><strong><em>προσεκαλέσατ’</em></strong></span> <span class='ocrx_word' id='word_1_100' title='bbox 711 2254 752 2328; x_wconf 86' lang='grc' dir='ltr'><strong><em>είς</em></strong></span> <span class='ocrx_word' id='word_1_101' title='bbox 776 2254 961 2315; x_wconf 89' lang='grc' dir='ltr'><strong><em>διαδικασίαν</em></strong></span> <span class='ocrx_word' id='word_1_102' title='bbox 983 2262 1036 2315; x_wconf 80' lang='grc' dir='ltr'><strong><em>τοῦ</em></strong></span> <span class='ocrx_word' id='word_1_103' title='bbox 1058 2252 1127 2332; x_wconf 82' lang='grc' dir='ltr'><strong><em>κλή-</em></strong></span> 
     </span>
     <span class='ocr_line' id='line_1_19' title="bbox 125 2348 1127 2436; baseline -0.003 -22"><span class='ocrx_word' id='word_1_104' title='bbox 125 2373 175 2429; x_wconf 89' lang='grc' dir='ltr'><strong><em>ρου</em></strong></span> <span class='ocrx_word' id='word_1_105' title='bbox 202 2351 260 2430; x_wconf 79' lang='grc' dir='ltr'><strong><em>την</em></strong></span> <span class='ocrx_word' id='word_1_106' title='bbox 290 2350 482 2430; x_wconf 83' lang='grc' dir='ltr'><strong><em>Φυλομάχην·</em></strong></span> <span class='ocrx_word' id='word_1_107' title='bbox 514 2349 615 2412; x_wconf 77' lang='grc' dir='ltr'><strong><em>ἐδίδου</em></strong></span> <span class='ocrx_word' id='word_1_108' title='bbox 647 2349 703 2432; x_wconf 86' lang='grc' dir='ltr'><strong><em>γὰρ</em></strong></span> <span class='ocrx_word' id='word_1_109' title='bbox 730 2348 746 2412; x_wconf 83' lang='grc' dir='ltr'>ὁ</span> <span class='ocrx_word' id='word_1_110' title='bbox 773 2349 865 2431; x_wconf 89' lang='grc' dir='ltr'><strong><em>νόμος</em></strong></span> <span class='ocrx_word' id='word_1_111' title='bbox 890 2355 930 2436; x_wconf 77' lang='grc' dir='ltr'><strong><em>τῷ</em></strong></span> <span class='ocrx_word' id='word_1_112' title='bbox 957 2349 1127 2436; x_wconf 79' lang='grc' dir='ltr'><strong><em>βουλομένῳ</em></strong></span> 
     </span>
     <span class='ocr_line' id='line_1_20' title="bbox 126 2446 1127 2529; baseline -0.001 -18"><span class='ocrx_word' id='word_1_113' title='bbox 126 2453 355 2529; x_wconf 82' lang='grc' dir='ltr'><strong><em>προσκαλεῖσθαι</em></strong></span> <span class='ocrx_word' id='word_1_114' title='bbox 372 2446 424 2510; x_wconf 85' lang='grc' dir='ltr'><strong><em>τόν</em></strong></span> <span class='ocrx_word' id='word_1_115' title='bbox 441 2447 616 2526; x_wconf 86' lang='grc' dir='ltr'><strong><em>νενικηκότα</em></strong></span> <span class='ocrx_word' id='word_1_116' title='bbox 633 2446 682 2508; x_wconf 88' lang='grc' dir='ltr'><strong><em>καί</em></strong></span> <span class='ocrx_word' id='word_1_117' title='bbox 700 2446 802 2528; x_wconf 82' lang='grc' dir='ltr'><strong><em>έχοντα</em></strong></span> <span class='ocrx_word' id='word_1_118' title='bbox 819 2446 870 2508; x_wconf 84' lang='grc' dir='ltr'><strong><em>τόν</em></strong></span> <span class='ocrx_word' id='word_1_119' title='bbox 887 2452 1006 2528; x_wconf 74' lang='grc' dir='ltr'><strong><em>κλῆρον.</em></strong></span> <span class='ocrx_word' id='word_1_120' title='bbox 1041 2471 1127 2510; x_wconf 87' lang='grc' dir='ltr'><strong><em>κατα-</em></strong></span> 
     </span>
     <span class='ocr_line' id='line_1_21' title="bbox 127 2539 1127 2624; baseline 0.003 -20"><span class='ocrx_word' id='word_1_121' title='bbox 127 2547 338 2624; x_wconf 88' lang='grc' dir='ltr'><strong><em>σκευασθείσης</em></strong></span> <span class='ocrx_word' id='word_1_122' title='bbox 357 2540 389 2605; x_wconf 76' lang='grc' dir='ltr'><strong><em>δὲ</em></strong></span> <span class='ocrx_word' id='word_1_123' title='bbox 406 2542 480 2624; x_wconf 86' lang='grc' dir='ltr'><strong><em>πρός</em></strong></span> <span class='ocrx_word' id='word_1_124' title='bbox 497 2539 613 2623; x_wconf 80' lang='grc' dir='ltr'><strong><em>ἀπάτην</em></strong></span> <span class='ocrx_word' id='word_1_125' title='bbox 630 2553 683 2624; x_wconf 81' lang='grc' dir='ltr'><strong><em>της</em></strong></span> <span class='ocrx_word' id='word_1_126' title='bbox 701 2545 795 2624; x_wconf 89' lang='grc' dir='ltr'><strong><em>δίκης,</em></strong></span> <span class='ocrx_word' id='word_1_127' title='bbox 813 2544 853 2618; x_wconf 76' lang='grc' dir='ltr'><strong><em>ὥς</em></strong></span> <span class='ocrx_word' id='word_1_128' title='bbox 871 2563 946 2624; x_wconf 88' lang='grc' dir='ltr'><strong><em>φησι</em></strong></span> <span class='ocrx_word' id='word_1_129' title='bbox 963 2546 1127 2624; x_wconf 85' lang='grc' dir='ltr'><strong><em>Σωσίθεος,</em></strong></span> 
     </span>
     <span class='ocr_line' id='line_1_22' title="bbox 106 2635 1206 2722; baseline 0.004 -22"><span class='ocrx_word' id='word_1_130' title='bbox 106 2650 117 2688; x_wconf 77' lang='lat'>²</span> <span class='ocrx_word' id='word_1_131' title='bbox 128 2638 258 2722; x_wconf 74' lang='grc' dir='ltr'><strong><em>ἐνίκησεν</em></strong></span> <span class='ocrx_word' id='word_1_132' title='bbox 272 2639 288 2704; x_wconf 82' lang='grc' dir='ltr'>ὁ</span> <span class='ocrx_word' id='word_1_133' title='bbox 305 2640 487 2721; x_wconf 87' lang='grc' dir='ltr'><strong><em>Θεόπομπος.</em></strong></span> <span class='ocrx_word' id='word_1_134' title='bbox 523 2635 657 2715; x_wconf 88' lang='grc' dir='ltr'><strong><em>κάκεῖνος</em></strong></span> <span class='ocrx_word' id='word_1_135' title='bbox 670 2637 724 2721; x_wconf 77' lang='grc' dir='ltr'><strong><em>μὲν</em></strong></span> <span class='ocrx_word' id='word_1_136' title='bbox 738 2641 918 2720; x_wconf 78' lang='grc' dir='ltr'><strong><em>ἐτελεύτησεν</em></strong></span> <span class='ocrx_word' id='word_1_137' title='bbox 931 2641 999 2704; x_wconf 88' lang='grc' dir='ltr'><strong><em>υίὸν</em></strong></span> <span class='ocrx_word' id='word_1_138' title='bbox 1012 2646 1128 2704; x_wconf 62' lang='grc' dir='ltr'><strong><em>καταλιι</em></strong></span> <span class='ocrx_word' id='word_1_139' title='bbox 1138 2660 1206 2712; x_wconf 78' lang='grc' dir='ltr'><strong><em>1οω</em></strong></span> 
     </span>
     <span class='ocr_line' id='line_1_23' title="bbox 128 2734 1128 2824; baseline 0 -25"><span class='ocrx_word' id='word_1_140' title='bbox 128 2735 188 2799; x_wconf 73' lang='grc' dir='ltr'><strong><em>πίον</em></strong></span> <span class='ocrx_word' id='word_1_141' title='bbox 197 2738 413 2819; x_wconf 86' lang='grc' dir='ltr'><strong><em>Μακάρτατον·</em></strong></span> <span class='ocrx_word' id='word_1_142' title='bbox 427 2745 461 2822; x_wconf 76' lang='grc' dir='ltr'><strong><em>τῇ</em></strong></span> <span class='ocrx_word' id='word_1_143' title='bbox 472 2734 503 2798; x_wconf 76' lang='grc' dir='ltr'><strong><em>δὲ</em></strong></span> <span class='ocrx_word' id='word_1_144' title='bbox 516 2738 677 2824; x_wconf 84' lang='grc' dir='ltr'><strong><em>Φυλομάχη</em></strong></span> <span class='ocrx_word' id='word_1_145' title='bbox 690 2739 817 2820; x_wconf 76' lang='grc' dir='ltr'><strong><em>γίγνεται</em></strong></span> <span class='ocrx_word' id='word_1_146' title='bbox 830 2744 911 2818; x_wconf 87' lang='grc' dir='ltr'><strong><em>παῖς,</em></strong></span> <span class='ocrx_word' id='word_1_147' title='bbox 925 2735 960 2800; x_wconf 78' lang='grc' dir='ltr'><strong><em>ὃν</em></strong></span> <span class='ocrx_word' id='word_1_148' title='bbox 974 2735 1128 2818; x_wconf 78' lang='grc' dir='ltr'><strong><em>ὠνόμασεν</em></strong></span> 
     </span>
     <span class='ocr_line' id='line_1_24' title="bbox 129 2833 1128 2922; baseline 0.001 -26"><span class='ocrx_word' id='word_1_149' title='bbox 129 2833 318 2914; x_wconf 79' lang='grc' dir='ltr'><strong><em>Εὐβουλίδην</em></strong></span> <span class='ocrx_word' id='word_1_150' title='bbox 336 2833 386 2896; x_wconf 85' lang='grc' dir='ltr'><strong><em>κοιλ</em></strong></span> <span class='ocrx_word' id='word_1_151' title='bbox 404 2835 584 2914; x_wconf 85' lang='grc' dir='ltr'><strong><em>εἰσεποίησεν</em></strong></span> <span class='ocrx_word' id='word_1_152' title='bbox 602 2834 670 2896; x_wconf 83' lang='grc' dir='ltr'><strong><em>υἱόν</em></strong></span> <span class='ocrx_word' id='word_1_153' title='bbox 687 2835 862 2922; x_wconf 86' lang='grc' dir='ltr'><strong><em>Εὐβουλίδη</em></strong></span> <span class='ocrx_word' id='word_1_154' title='bbox 884 2841 924 2922; x_wconf 79' lang='grc' dir='ltr'><strong><em>τῷ</em></strong></span> <span class='ocrx_word' id='word_1_155' title='bbox 947 2834 1053 2916; x_wconf 75' lang='grc' dir='ltr'><strong><em>ἑαυτῆς</em></strong></span> <span class='ocrx_word' id='word_1_156' title='bbox 1074 2834 1128 2915; x_wconf 78' lang='grc' dir='ltr'><strong><em>μὲν</em></strong></span> 
     </span>
     <span class='ocr_line' id='line_1_25' title="bbox 129 2927 1128 3019; baseline 0.006 -31"><span class='ocrx_word' id='word_1_157' title='bbox 129 2935 223 3014; x_wconf 88' lang='grc' dir='ltr'><strong><em>πατρί,</em></strong></span> <span class='ocrx_word' id='word_1_158' title='bbox 254 2928 370 3019; x_wconf 76' lang='grc' dir='ltr'><strong><em>άνεηιαβ</em></strong></span> <span class='ocrx_word' id='word_1_159' title='bbox 394 2930 426 2994; x_wconf 81' lang='grc' dir='ltr'><strong><em>δὲ</em></strong></span> <span class='ocrx_word' id='word_1_160' title='bbox 443 2927 564 3014; x_wconf 88' lang='grc' dir='ltr'><strong><em>Ἁγνίου</em></strong></span> <span class='ocrx_word' id='word_1_161' title='bbox 587 2940 640 2994; x_wconf 81' lang='grc' dir='ltr'><strong><em>τοῦ</em></strong></span> <span class='ocrx_word' id='word_1_162' title='bbox 666 2931 718 2994; x_wconf 87' lang='grc' dir='ltr'><strong><em>τὸν</em></strong></span> <span class='ocrx_word' id='word_1_163' title='bbox 746 2938 856 3013; x_wconf 80' lang='grc' dir='ltr'><strong><em>κλῆρον</em></strong></span> <span class='ocrx_word' id='word_1_164' title='bbox 882 2932 1128 3006; x_wconf 86' lang='grc' dir='ltr'><strong><em>καταλελοιπότος.</em></strong></span> 
     </span>
     <span class='ocr_line' id='line_1_26' title="bbox 131 3025 1127 3112; baseline 0.008 -28"><span class='ocrx_word' id='word_1_165' title='bbox 131 3025 315 3110; x_wconf 81' lang='grc' dir='ltr'><strong><em>είσποιησασα</em></strong></span> <span class='ocrx_word' id='word_1_166' title='bbox 334 3025 360 3091; x_wconf 88' lang='grc' dir='ltr'><strong><em>δ’</em></strong></span> <span class='ocrx_word' id='word_1_167' title='bbox 382 3029 534 3112; x_wconf 78' lang='grc' dir='ltr'><strong><em>εἰσήγαγεν</em></strong></span> <span class='ocrx_word' id='word_1_168' title='bbox 557 3029 599 3102; x_wconf 91' lang='grc' dir='ltr'><strong><em>είς</em></strong></span> <span class='ocrx_word' id='word_1_169' title='bbox 616 3027 685 3102; x_wconf 84' lang='grc' dir='ltr'><strong><em>τούς</em></strong></span> <span class='ocrx_word' id='word_1_170' title='bbox 703 3030 847 3110; x_wconf 85' lang='grc' dir='ltr'><strong><em>φράτερας</em></strong></span> <span class='ocrx_word' id='word_1_171' title='bbox 865 3037 917 3092; x_wconf 77' lang='grc' dir='ltr'><strong><em>τοῦ</em></strong></span> <span class='ocrx_word' id='word_1_172' title='bbox 936 3030 1127 3111; x_wconf 85' lang='grc' dir='ltr'><strong><em>Εὐβουλίδου</em></strong></span> 
     </span>
     <span class='ocr_line' id='line_1_27' title="bbox 130 3121 1128 3210; baseline 0.005 -27"><span class='ocrx_word' id='word_1_173' title='bbox 130 3122 174 3184; x_wconf 83' lang='grc' dir='ltr'><strong><em>καί</em></strong></span> <span class='ocrx_word' id='word_1_174' title='bbox 189 3121 320 3210; x_wconf 90' lang='grc' dir='ltr'><strong><em>Ἁγνίου,</em></strong></span> <span class='ocrx_word' id='word_1_175' title='bbox 341 3124 392 3188; x_wconf 83' lang='grc' dir='ltr'><strong><em>καί</em></strong></span> <span class='ocrx_word' id='word_1_176' title='bbox 414 3127 446 3188; x_wconf 81' lang='grc' dir='ltr'><strong><em>οἱ</em></strong></span> <span class='ocrx_word' id='word_1_177' title='bbox 465 3127 604 3208; x_wconf 86' lang='grc' dir='ltr'><strong><em>φράτερες</em></strong></span> <span class='ocrx_word' id='word_1_178' title='bbox 622 3123 756 3200; x_wconf 83' lang='grc' dir='ltr'><strong><em>έδίξανθ’</em></strong></span> <span class='ocrx_word' id='word_1_179' title='bbox 782 3125 822 3200; x_wconf 82' lang='grc' dir='ltr'><strong><em>ὡς</em></strong></span> <span class='ocrx_word' id='word_1_180' title='bbox 841 3127 961 3200; x_wconf 90' lang='grc' dir='ltr'><strong><em>δικαίως</em></strong></span> <span class='ocrx_word' id='word_1_181' title='bbox 979 3126 1128 3209; x_wconf 85' lang='grc' dir='ltr'><strong><em>εἰσαγόμε-</em></strong></span> 
     </span>
     <span class='ocr_line' id='line_1_28' title="bbox 132 3221 1128 3305; baseline 0.005 -24"><span class='ocrx_word' id='word_1_182' title='bbox 132 3239 188 3282; x_wconf 81' lang='grc' dir='ltr'><strong><em>νον.</em></strong></span> <span class='ocrx_word' id='word_1_183' title='bbox 219 3225 331 3287; x_wconf 91' lang='grc' dir='ltr'><strong><em>τούτων</em></strong></span> <span class='ocrx_word' id='word_1_184' title='bbox 350 3221 383 3285; x_wconf 81' lang='grc' dir='ltr'><strong><em>δὲ</em></strong></span> <span class='ocrx_word' id='word_1_185' title='bbox 400 3221 593 3305; x_wconf 90' lang='grc' dir='ltr'><strong><em>πραχθέντων</em></strong></span> <span class='ocrx_word' id='word_1_186' title='bbox 612 3221 628 3285; x_wconf 84' lang='grc' dir='ltr'>ὁ</span> <span class='ocrx_word' id='word_1_187' title='bbox 646 3230 715 3297; x_wconf 81' lang='grc' dir='ltr'><strong><em>παῖς</em></strong></span> <span class='ocrx_word' id='word_1_188' title='bbox 728 3225 769 3297; x_wconf 81' lang='grc' dir='ltr'><strong><em>εἰς</em></strong></span> <span class='ocrx_word' id='word_1_189' title='bbox 783 3225 970 3286; x_wconf 89' lang='grc' dir='ltr'><strong><em>διαδικασίαν</em></strong></span> <span class='ocrx_word' id='word_1_190' title='bbox 988 3233 1040 3286; x_wconf 84' lang='grc' dir='ltr'><strong><em>τού</em></strong></span> <span class='ocrx_word' id='word_1_191' title='bbox 1058 3224 1128 3303; x_wconf 80' lang='grc' dir='ltr'><strong><em>κλή-</em></strong></span> 
     </span>
     <span class='ocr_line' id='line_1_29' title="bbox 133 3318 1127 3401; baseline 0.002 -23"><span class='ocrx_word' id='word_1_192' title='bbox 133 3335 182 3392; x_wconf 82' lang='grc' dir='ltr'><strong><em>ρου</em></strong></span> <span class='ocrx_word' id='word_1_193' title='bbox 194 3319 404 3401; x_wconf 85' lang='grc' dir='ltr'><strong><em>προσκέκληται</em></strong></span> <span class='ocrx_word' id='word_1_194' title='bbox 417 3321 619 3401; x_wconf 88' lang='grc' dir='ltr'><strong><em>Μακάρτατον</em></strong></span> <span class='ocrx_word' id='word_1_195' title='bbox 636 3319 687 3381; x_wconf 88' lang='grc' dir='ltr'><strong><em>τὸν</em></strong></span> <span class='ocrx_word' id='word_1_196' title='bbox 705 3320 773 3382; x_wconf 85' lang='grc' dir='ltr'><strong><em>υίδν</em></strong></span> <span class='ocrx_word' id='word_1_197' title='bbox 786 3329 839 3382; x_wconf 78' lang='grc' dir='ltr'><strong><em>τοῦ</em></strong></span> <span class='ocrx_word' id='word_1_198' title='bbox 857 3320 1042 3399; x_wconf 85' lang='grc' dir='ltr'><strong><em>Θεοπόμπου.</em></strong></span> <span class='ocrx_word' id='word_1_199' title='bbox 1078 3318 1127 3380; x_wconf 86' lang='grc' dir='ltr'><strong><em>καί</em></strong></span> 
     </span>
    </p>
   </div>
   <div class='ocr_carea' id='block_1_8' title="bbox 134 3407 1039 3501">
    <p class='ocr_par' dir='ltr' id='par_1_8' title="bbox 134 3407 1039 3501">
     <span class='ocr_line' id='line_1_30' title="bbox 134 3407 1039 3501; baseline 0.001 -25"><span class='ocrx_word' id='word_1_200' title='bbox 134 3407 201 3492; x_wconf 71' lang='grc' dir='ltr'><strong><em>λέγει</em></strong></span> <span class='ocrx_word' id='word_1_201' title='bbox 220 3417 271 3481; x_wconf 82' lang='grc' dir='ltr'><strong><em>τόν</em></strong></span> <span class='ocrx_word' id='word_1_202' title='bbox 293 3417 384 3501; x_wconf 89' lang='grc' dir='ltr'><strong><em>λόγον</em></strong></span> <span class='ocrx_word' id='word_1_203' title='bbox 406 3419 561 3490; x_wconf 85' lang='grc' dir='ltr'><strong><em>Σωσίθεος</em></strong></span> <span class='ocrx_word' id='word_1_204' title='bbox 584 3415 600 3480; x_wconf 83' lang='grc' dir='ltr'>ὁ</span> <span class='ocrx_word' id='word_1_205' title='bbox 623 3417 711 3496; x_wconf 87' lang='grc' dir='ltr'><strong><em>φύσει</em></strong></span> <span class='ocrx_word' id='word_1_206' title='bbox 733 3415 828 3496; x_wconf 71' lang='grc' dir='ltr'><strong><em>πατὴρ</em></strong></span> <span class='ocrx_word' id='word_1_207' title='bbox 851 3424 904 3477; x_wconf 84' lang='grc' dir='ltr'><strong><em>τού</em></strong></span> <span class='ocrx_word' id='word_1_208' title='bbox 926 3415 1039 3490; x_wconf 86' lang='grc' dir='ltr'><strong><em>παιδός.</em></strong></span> 
     </span>
    </p>
   </div>
   <div class='ocr_carea' id='block_1_9' title="bbox 521 3572 731 3584">
    <p class='ocr_par' dir='ltr' id='par_1_9' title="bbox 521 3572 731 3584">
     <span class='ocr_line' id='line_1_31' title="bbox 521 3572 731 3584; baseline -0.005 0"><span class='ocrx_word' id='word_1_209' title='bbox 521 3572 731 3584; x_wconf 76' lang='grc' dir='ltr'><strong><em>-ι-ο-ιιι-</em></strong></span> 
     </span>
    </p>
   </div>
   <div class='ocr_carea' id='block_1_10' title="bbox 0 0 1343 3926">
    <p class='ocr_par' dir='ltr' id='par_1_10' title="bbox 0 0 1343 3926">
     <span class='ocr_line' id='line_1_32' title="bbox 0 0 1343 3926; baseline 0 0"><span class='ocrx_word' id='word_1_210' title='bbox 0 0 1343 3926; x_wconf 95' lang='lat' dir='ltr'><strong><em> </em></strong></span> 
     </span>
    </p>
   </div>
  </div>
 </body>
</html>
