2650 3918
495 195 590 246 ΚΑΤΑ
607 195 772 248 ΝΕΑΙΡΔΣ.
1073 189 1139 256 295

117 357 142 439 ἢ
174 358 254 442 ποία
281 355 422 441 αἰσχύνη
454 353 517 420 οὐκ
544 352 586 420 ἀν
613 350 669 420 καὶ
701 361 858 442 συμφορᾷ
888 352 1140 441 περιπεπτωκὼς

74 480 105 520 ιι
121 456 185 544 ἦνς
209 461 493 546 παρακαλούντων
517 461 559 544 δή
583 482 623 543 με
646 458 817 543 ἁπάντων,
840 462 910 548 ίδίφ
931 460 1217 541 προσιόντωνιοεῦ

119 590 195 651 μοι,
217 562 271 631 ἐπὶ
293 568 454 652 τιμωρίαν
476 562 661 651 τραπέσθαι
684 559 732 630 ὧν
754 564 924 649 ἐπάθομεν
945 563 1002 634 ὑπ’
1024 564 1140 649 αὐτοῦ,

119 670 181 738 καί
208 671 440 750 ὀνειδιζόντων
467 694 524 756 μοι
551 670 798 757 ἀνανδρότατον
824 670 1015 758 ἀνθρώπων
1042 667 1140 755 εἶναι,

120 781 155 844 εί
179 777 284 856 οὕτως
306 778 435 855 οἰκείως
461 780 547 864 ἔχων
574 777 615 844 τὰ
640 778 724 863 πρὸς
749 778 903 861 τούτους,
926 779 970 863 μὴ
993 780 1141 863 λήψομαι

121 885 224 968 δίκην
245 879 329 970 ὑπὲρ
352 883 497 970 ἀδελφῆς
523 880 580 950 καί
606 885 768 968 κηδεστοῦ
795 881 851 950 καὶ
873 883 1062 970 ἀδελφιδῶν
1085 879 1141 949 καὶ

121 991 283 1074 γυναικὸς
301 989 456 1075 ἐμαυτοῦ,
479 984 563 1074 μηδὲ
581 991 642 1073 τήν
659 1001 849 1076 περιφανῶς
871 993 918 1068 είς
939 993 1018 1067 τοὺς
1038 991 1141 1067 θεοὺς

122 1096 314 1181 ἀσεβοῦσαν
335 1093 392 1162 καὶ
413 1097 462 1172 είς
483 1096 546 1180 τήν
567 1097 667 1161 πόλιν
689 1095 895 1181 ὑβρίζουσαν
915 1093 972 1162 καὶ
994 1107 1062 1162 τῶν
1083 1097 1141 1161 νό-

122 1226 199 1287 μων
211 1209 489 1288 καταφρονοῦσαν
503 1209 571 1266 τῶν
592 1197 773 1288 ὑμετέρων,
794 1202 979 1285 εἰσαγαγὼν
995 1203 1043 1279 είς
1056 1200 1142 1285 ὑμᾶς

122 1307 181 1375 καὶ
204 1305 371 1392 ἐξελέγξας
392 1313 438 1394 τῷ
462 1308 551 1395 λόγςο
575 1305 620 1382 ὡς
642 1305 765 1391 ἀδικεῖ,
792 1309 928 1394 κυρίους
949 1308 1140 1390 καταστήσω

84 1415 145 1480 1οὸ
168 1438 201 1480 τι
223 1412 276 1479 ἀν.
289 1413 459 1497 βούλησθε
478 1417 624 1498 χρῆσθαι
643 1412 738 1498 αὐτή·
761 1409 817 1480 καὶ
840 1413 950 1499 ὥσπερ
969 1411 1141 1499 Στέφανος

125 1519 241 1588 οὑτοσί
265 1513 322 1603 ἐμὲ
345 1517 502 1604 ἀφῃρεῖτο
530 1519 609 1594 τοὺς
638 1519 781 1595 οίκείους
807 1518 896 1605 παρὰ
918 1521 996 1596 τοὺς
1018 1521 1142 1602 νόμους

124 1612 243 1693 καὶτὰ
264 1628 459 1711 ψηφίσματα
486 1624 526 1689 τὰ
553 1621 710 1712 ὑμέτερα,
737 1624 824 1690 οὕτω
852 1622 908 1690 καὶ
935 1624 999 1709 ἐγὼ
1021 1633 1141 1690 τοῦτον

124 1733 194 1818 ήκω
214 1730 387 1810 ἐπιδείξων
404 1732 453 1808 είς
469 1728 566 1816 ὑμᾶς,
589 1727 665 1818 ξένη
689 1726 750 1815 μὲν
768 1729 902 1815 γυναικὶ
920 1739 1140 1797 συνοικοῦντα

125 1839 215 1925 παρά
241 1839 300 1904 τὸν
327 1841 455 1922 νόμον,
487 1834 682 1921 ἀλλοτρίους
713 1831 751 1901 δέ
777 1839 897 1914 παῖδας
923 1839 1141 1920 είσαγαγόντα

125 1951 174 2022 είς
196 1967 230 2010 τε
252 1947 331 2021 τοὺς
352 1942 515 2030 φράτερας
537 1940 592 2007 καὶ
619 1943 667 2019 είς
694 1945 772 2020 τοῦς
794 1944 948 2027 δημότας,
971 1942 1141 2028 ἐγγυῶντα

127 2047 165 2116 δέ
186 2051 245 2127 τάς
265 2061 332 2116 τῶν
356 2047 496 2134 ἑταιρῶν
518 2045 707 2132 θυγατέρας
729 2048 774 2125 ὡς
796 2048 900 2115 αὑτοῦ
923 2051 1038 2133 οὔσας,
1064 2049 1141 2134 ήσε-

127 2159 250 2242 βηκότα
277 2152 309 2220 δ’
340 2157 388 2231 είς
413 2155 494 2230 τοὺς
525 2154 644 2237 θεούς,
677 2154 803 2240 ἀκυρον
831 2149 869 2219 δέ
895 2165 1055 2221 ποιοῦντα
1080 2157 1140 2222 τὸν

128 2263 235 2345 δῆμον
263 2269 330 2324 τῶν
359 2259 483 2343 αὑτοῦ,
512 2258 554 2323 ἀν
584 2281 660 2323 τινα
688 2260 848 2343 βούληται
877 2245 1017 2344 πολίτην
1046 2263 1140 2346 ποιή-

129 2372 268 2433 σασθαι·
299 2368 349 2442 τίς
379 2365 443 2451 γάρ
475 2363 517 2430 ἀν
554 2365 603 2430 ἐτι
638 2365 726 2448 παρὰ
758 2374 819 2431 τοῦ
855 2367 963 2450 δήμου
996 2368 1139 2451 ζητήσειε

129 2476 243 2557 λαβεῖν
270 2471 430 2556 δωρειάν,
457 2471 537 2555 μετά
564 2474 698 2536 πολλῶν
725 2469 950 2557 ἀναλωμάτων
977 2470 1033 2538 καί
1058 2494 1140 2559 πρα·

128 2581 280 2664 γματείας
298 2579 434 2660 πολίτης
452 2573 583 2661 μέλλων
602 2577 749 2662 ἔσεσθαι,
768 2576 844 2656 ἐξὸν
860 2578 948 2663 παρά
962 2579 1139 2665 Στεφάνου

129 2682 184 2750 ἀπ’
206 2684 380 2760 ἐλάττονος
397 2681 623 2766 ἀναλώματος,
646 2687 681 2747 εί
698 2705 736 2766 γε
758 2683 796 2749 τὸ
820 2682 901 2750 αὐτὸ
924 2693 1021 2751 τοῦτο
1043 2687 1139 2770 γενή-

130 2808 217 2858 σεται
241 2791 345 2878 αὐτοῖς

94 2915 118 2954 ιι
186 2895 226 2961 “A
253 2892 314 2981 μέν
341 2890 403 2962 οὖν
431 2891 604 2978 ἀδικηθείς
636 2893 700 2979 ἐγὼ
728 2894 794 2961 ὑπὸ
821 2896 998 2982 Στεφάνου
1023 2899 1138 2983 πρότε-

131 3028 185 3087 ρος
203 3000 395 3087 ἐγραψάμην
413 3001 474 3085 τήν
492 3001 626 3086 γραφήν
644 3001 780 3086 ταύτην,
802 3007 917 3087 είρηκα
938 3004 1021 3090 πρὸς
1038 3004 1138 3088 ὑμᾶς·

131 3109 172 3185 ὡς
194 3104 227 3174 δ’
254 3104 324 3173 ἐστὶ
346 3103 423 3188 ξένη
446 3103 577 3192 Νέαιρα
604 3103 700 3189 αὑτηὶ
726 3103 782 3172 καί
805 3117 956 3174 συνοικεῖ
975 3109 1138 3200 Στεφάνῳ

130 3209 247 3302 τουτφά
269 3208 325 3276 καὶ
347 3211 455 3277 πολλοὶ
472 3215 744 3297 παρανενόμηκεν
761 3213 809 3289 είς
826 3213 887 3297 τήν
909 3217 1020 3300 πόλιν,
1041 3213 1134 3282 ταῦτ’

131 3322 191 3404 ήδη
224 3320 278 3384 δεῖ
307 3322 429 3401 μαθεῖν
460 3316 554 3401 ὑμᾶς.
601 3315 717 3400 δέομαι
748 3312 811 3384 οὖν
839 3318 935 3404 ὑμῶν
964 3315 990 3385 ὦ
1020 3321 1139 3405 ἀνδρες

133 3428 294 3508 δικασταί,
323 3423 405 3508 ἅπερ
432 3422 576 3508 ἡγοῦμαι
603 3426 783 3509 προσήκειν
811 3426 973 3509 δεηθῆναι
998 3421 1076 3489 νέον
1102 3447 1137 3489 τε

133 3533 208 3596 ἀντα
234 3527 290 3598 καὶ
318 3528 460 3614 ἀπείρως
491 3531 608 3615 ἔχοντα
638 3539 699 3596 τοῦ
725 3528 850 3614 λέγειν,
882 3529 1071 3611 συνήγορόν
1097 3550 1137 3610 με
