2658 3914
466 145 565 198 ανον
583 147 783 201 νιαοοεοα.
1063 146 1125 211 147

109 305 219 370 οὐσία
248 305 418 391 ὑπόχρεως
445 301 489 392 ην
515 307 643 391 ἅπασα,
671 304 726 372 καί
755 307 829 394 δροι
855 307 956 392 αὐτῆς
978 306 1129 394 ἔστασαν,

110 407 174 476 καί
197 412 293 477 ἀλλον
317 411 490 496 ἐκράτουν·
514 409 612 497 ὁμὲν
634 411 672 479 έν
693 415 796 502 πεδίῳ
819 412 919 498 ἀγρὸς
942 412 1129 499 ἀποτίμημα

110 523 164 604 τῷ
201 516 296 583 παιδί
331 525 377 604 τῷ
408 517 603 602 Εὐμηλίδου
638 523 869 603 καθειστήκει,
904 517 1061 604 ἑξήκοντα
1092 515 1130 585 δὲ

113 623 328 710 τρνηράρχοις
364 635 433 700 τοῖς
469 625 751 691 συνεκπλεύσασιν
791 625 880 713 αύτῷ
921 623 1001 691 ἑπτὰ
1036 635 1130 710 μνῶν

116 727 245 818 ἑκάστῳ
267 728 288 814 ἡ
312 731 395 812 άλλη
415 729 512 796 οὑσία
530 729 693 815 ὑπέκειτο,
715 729 753 808 ἃς
771 725 868 807 οὗτος
890 731 1010 808 αὑτούς
1033 749 1129 817 στρα-

70 845 229 918 ιετηγῶν
251 834 415 919 η’νάγκασε
437 847 506 912 τοῖς
524 838 659 912 ναύταις
681 837 809 921 τροφὴν
833 836 1021 903 διαδοῦναι·
1045 836 1129 902 έπει-

115 941 160 1024 δὴ
180 937 211 1005 δ’
233 938 545 1026 ἀποχειροτονηθεὶς
563 939 600 1006 έν
618 949 664 1030 τῷ
687 944 775 1030 λόγῳ
798 939 982 1024 ἀπήνεγκεν
1005 941 1041 1007 έκ
1062 952 1129 1008 τῶν

116 1057 361 1131 στρατιωτικῶν
389 1047 565 1132 χρημάτων
592 1046 690 1123 αὑτὸς
718 1047 870 1123 δεδωκὼς
897 1047 944 1124 είς
970 1048 1027 1124 τάς
1048 1055 1130 1126 ναῦς

115 1151 176 1228 τὰς
199 1146 279 1218 έπτά
301 1159 386 1236 μνᾶς
407 1153 527 1229 ταύτας
548 1154 637 1236 τότε,
663 1153 872 1238 φοβούμενος
899 1153 943 1236 μη
966 1175 1129 1240 καταμαρ

116 1260 306 1343 τυρησωσιν
334 1258 438 1324 αὑτοῦ
466 1257 502 1324 οί
523 1260 716 1343 τριήραρχοι
742 1255 798 1323 καλ
825 1255 1029 1344 ἐξελέγχηται
1050 1269 1129 1336 ωεν-

118 1363 276 1447 δόμενος,
303 1362 463 1446 δάνεισμα
488 1374 631 1428 ποιεῖται
657 1360 726 1449 ίδίηι
753 1357 830 1447 παρ’
858 1359 998 1428 ἑκάστου
1019 1363 1129 1430 αὑτων
1140 1379 1207 1429 1188

117 1470 177 1546 τὰς
199 1466 280 1535 έπτά
302 1477 386 1553 μνᾶς
408 1466 464 1534 καί
485 1468 688 1554 ὑποτίθησιν
710 1468 823 1545 αὐτοῖς
844 1469 906 1554 την
929 1469 1065 1553 οὐσίαν,
1092 1468 1130 1546 ἃς

75 1585 184 1644 τανῦν
207 1573 327 1651 αὐτοὺς
349 1573 524 1661 ἀποστερεῖ
542 1572 599 1640 καί
620 1576 698 1652 τοὺς
721 1573 820 1659 ὅρους
843 1572 1017 1640 ἀνέσπακε·
1047 1595 1129 1640 παν-

119 1683 262 1766 ταχόθεν
292 1676 324 1745 δ’
358 1679 598 1765 ἀπορούμενος,
626 1678 682 1746 καὶ
704 1679 749 1774 έν
778 1678 883 1762 ἀγῶνι
910 1689 956 1769 τῷ
987 1684 1128 1770 μεγίστην

118 1788 330 1871 καθεστηκὼς
347 1786 422 1874 περὶ
440 1797 500 1854 τοῦ
518 1788 666 1872 σώματος
689 1787 745 1852 διά
762 1789 800 1853 τὸ
826 1785 1068 1872 συμβεβηκέναι
1089 1797 1128 1874 τῇ

118 1896 214 1959 πόλει
240 1903 376 1960 τοιαῦτα
404 1893 595 1979 πράγματα,
622 1894 769 1978 άμισθον
797 1887 858 1977 μὲν
884 1894 922 1960 τὸ
945 1893 1129 1980 στράτευμα

118 1999 362 2065 καταλελύσθαι
394 1997 430 2063 έν
460 2001 669 2085 Καλαυρείᾳ,
700 2003 951 2084 πολιορκεῖσθαι
983 1994 1021 2064 δέ
1051 2001 1130 2076 τοὺς

118 2102 194 2190 περὶ
226 2105 487 2188 Πελοπόννησον
525 2104 716 2189 συμμάχους
746 2104 811 2170 ὑπὸ
843 2105 1129 2188 Λακεδαιμονίων,

119 2209 395 2293 κατηγορούντων
423 2205 461 2273 δὲ
487 2218 607 2275 τοῦτον
634 2214 741 2274 αίτιον
768 2203 855 2279 εἶναι
881 2217 938 2292 της
960 2210 1129 2294 παρούσης

121 2313 255 2398 ἀτυχίας
270 2309 476 2398 Ἰφικράτους
492 2311 548 2379 καὶ
562 2312 824 2399 Καλλιστράτου,
847 2315 894 2378 ἔτι
913 2309 951 2378 δὲ
968 2324 1035 2380 τῶν
1054 2312 1129 2399 ἀφι-

120 2417 315 2504 κνουμένων
337 2417 401 2485 ἀπὸ
433 2419 674 2506 στρατεύματος
708 2409 982 2503 ἀπαγγελλόντων
1015 2418 1052 2485 έν
1082 2429 1128 2508 τηῖ

122 2527 215 2616 δήμῳ
242 2526 304 2610 τὴν
330 2534 504 2611 παροῦσαν
531 2526 662 2590 ἔνδειαν
687 2522 742 2590 καί
766 2523 923 2611 ἀπορίαν,
950 2525 991 2591 τά
1014 2521 1051 2591 δὲ
1073 2525 1128 2592 καὶ

122 2630 165 2699 δι’
199 2631 382 2698 ἐπιστολῶν
414 2628 553 2702 ἑκάστου
584 2627 844 2714 πυνθανομένου
869 2631 958 2715 παρὰ
985 2642 1052 2696 των
1079 2635 1128 2698 οί·

121 2741 219 2805 κείων
235 2736 291 2804 καί
309 2737 503 2820 ἐπιτηδείων
517 2733 562 2813 ὡς
574 2733 749 2802 διέκειντο·
772 2729 820 2802 ὧν
837 2733 1014 2814 ἀκούοντες
1034 2737 1129 2824 ὑμεῖς

123 2843 159 2910 έν
180 2853 225 2933 τῷ
250 2846 343 2934 δημχυ
361 2846 446 2927 τότε,
468 2839 705 2927 ἀναμνήσθητε
726 2852 795 2918 πῶς
817 2841 952 2920 ἕκαστος
972 2841 1048 2930 περὶ
1070 2843 1128 2910 αύ-

123 2952 264 3034 ταύτην
286 2951 421 3034 γνώμην
443 2943 544 3034 εἶχεν·
574 2947 615 3014 ού
637 2948 702 3034 γάρ
724 2943 873 3032 ἀγνοεῖτε
895 2948 935 3015 τά
959 2952 1127 3034 λεγόμενα

43 3067 49 3078 ’
86 3073 111 3115 14
124 3054 250 3142 μέλλων
277 3057 392 3120 τοίνυν
418 3058 596 3120 καταπλεῖν
620 3051 673 3118 ἐπὶ
695 3053 756 3137 την
778 3055 909 3138 κρίσιν,
937 3051 974 3118 έν
997 3055 1128 3118 Καλαυ-

125 3163 194 3249 ρείηι
217 3160 397 3240 δανείζεται
425 3161 532 3246 χιλίας
555 3160 702 3245 δραχμάς
723 3160 813 3244 παράΙ
831 3154 1047 3243 Ἀντιφάνους
1069 3169 1129 3226 τοῦ

125 3265 334 3352 Λαμπτρέως,
357 3265 393 3342 ὃς
412 3264 542 3331 ἀπέπλει
560 3267 676 3350 ταμίας
699 3268 854 3354 Φιλίππῳ
876 3273 921 3352 τῷ
942 3267 1129 3352 ναυκλήρῳ,

125 3373 177 3440 ἵνα
202 3374 334 3456 διαδοίη
361 3381 431 3450 τοῖς
454 3367 628 3448 Βοιωτίοις
651 3369 870 3457 τριηράρχοις,
891 3366 947 3433 καί
973 3371 1129 3453 παραμεί-

125 3495 227 3546 νωσιν
249 3477 311 3554 ἕως
331 3476 375 3544 ἀν
397 3475 485 3566 αὑτῷ
507 3476 529 3561 η
551 3478 659 3564 κρίσις
680 3473 824 3560 γένηται,
846 3471 901 3538 καί
923 3474 969 3609 μη
989 3475 1129 3538 κατειλυ-

914 3581 948 3630 10
