2654 3926
154 187 197 253 68
462 189 543 239 XLV.
566 185 846 238 ΔΗΜΟΣΘΕΝΟΤΣ

608 433 706 501 XLV.

152 594 299 670 ΚΑΤΑ
316 592 599 670 ΣΤΕΦΑΝΟΤ
614 590 1093 668 ΨΕΤΔΟΜΑΡΤΤΡΙΩΝ
1114 590 1161 668 Α.

556 798 758 855 ΤΠΟΘΕΣΙΣ.

212 944 272 1010 Ὅτ’
297 943 517 1026 Ἀπολλόδωρος
535 943 631 1027 ἔκρινε
652 946 813 1026 Φορμίωνα
835 952 887 1026 της
903 942 1045 1026 τραπέζης
1067 941 1160 1024 ἄφορα

154 1044 215 1126 μὴν
238 1043 378 1127 ἐγκαλῶν,
401 1039 417 1103 δ
442 1039 473 1103 δὲ
491 1039 545 1120 τὴν
569 1041 656 1121 δίκην
678 1043 899 1126 παρεγράψατο,
921 1039 1076 1120 Στέφανος
1099 1035 1159 1120 μετ’

154 1141 251 1204 ἀλλων
272 1148 362 1202 τινῶν
384 1138 565 1221 ἐμαρτύρησε
585 1139 749 1219 Φορμίωνι,
771 1137 812 1212 ὡς
834 1133 881 1218 ἀρ’
907 1136 924 1200 δ
946 1135 1001 1217 μὲν
1022 1137 1163 1218 Φορμίων

153 1233 337 1320 προόκαλεῐτ’
360 1232 592 1316 Ἀπολλόδωρον,
615 1235 643 1296 εί
659 1235 700 1314 μή
718 1253 812 1316 φησιν
829 1231 985 1318 ἀντίγραφ’
1010 1228 1086 1296 εἶναι
1103 1243 1163 1295 τῶν
1172 1229 1240 1280 1¹⁰¹

154 1338 309 1417 διαθηκῶν
330 1343 390 1397 τῶν
412 1341 466 1395 τοῶ
485 1331 594 1414 πατρὸς
611 1333 780 1412 Πασίωνος,
802 1331 823 1395 ἃ
848 1333 989 1414 Φορμίων
1009 1330 1162 1413 παρέσχεν,

153 1433 272 1508 ἀνοῖξαι
293 1431 346 1506 τδις
364 1430 514 1510 διαθήκας
532 1428 633 1509 αὐτάς,
655 1428 691 1504 δις
714 1429 771 1510 ἔχει
787 1429 838 1492 καλ
854 1428 1007 1511 παρέχεται
1025 1425 1161 1510 Ἀμφίας,

149 1527 370 1610 Ἀπολλόδωρος
393 1522 422 1589 δ’
447 1526 577 1610 ἀνοίγειν
600 1527 656 1590 οὐκ
678 1525 839 1607 ἠθέλησεν,
861 1526 921 1588 ἔστι
943 1522 971 1588 δ’
996 1525 1163 1610 ἀντίγραφα

152 1627 222 1690 τάδε
252 1635 313 1689 τῶν
342 1626 497 1704 διαθηκῶν
528 1633 587 1686 τῶν
613 1625 782 1697 Πασίωνος.
820 1621 930 1702 ταύτην
959 1620 1163 1703 ἐμαρτύρησαν

152 1722 207 1804 την
231 1723 393 1805 μαρτυρίαν
416 1722 449 1784 οί
467 1720 533 1797 περί
550 1720 720 1801 Στέφανον,
743 1728 797 1784 τοῦ
815 1716 1039 1800 Ἀπολλοδώρου
1062 1719 1163 1802 λέγον-

152 1843 203 1895 τος
230 1818 304 1882 κατὰ
330 1825 384 1880 τοῦ
413 1819 605 1900 Φορμίωνος,
632 1816 673 1892 ὡς
699 1815 757 1900 ἀρα
783 1816 835 1890 τδις
864 1817 1013 1897 διαθήκας
1034 1815 1162 1881 πέπλακε

152 1917 203 1980 καλ
225 1915 258 1979 τδ
282 1916 351 1978 όλον
369 1925 489 1997 πρᾶγμα
508 1909 675 1997 σκευώρημ’
700 1914 787 1977 ἐστίν.
822 1909 962 1994 ἡττηθεὶς
982 1914 1084 1977 τοίνυν
1106 1913 1161 1993 τὴν

151 2017 240 2094 δίκην
258 2010 489 2093 Ἀπολλόδωρος,
511 2010 586 2094 δπὲρ
604 2021 656 2093 τῆς
674 2010 834 2093 μαρτυρίας
851 2009 892 2085 ὡς
912 2012 1047 2091 ψευδοῦς
1069 2009 1161 2092 οάσης

151 2115 191 2198 τῷ
214 2111 360 2197 Στεφάνῳ
384 2109 536 2183 δικάζεται.

218 2352 642 2440 Καταφευδομαρτυρηθελς
679 2347 706 2418 ὦ
742 2353 862 2439 ἄνδρες
897 2347 1070 2438 Ἀθηναῖοι
1105 2351 1161 2419 καὶ

151 2461 272 2528 παθὼν
302 2459 368 2525 ὑπὸ
401 2464 599 2545 Φορμίωνος
629 2458 803 2546 ὑβριστικὰ
832 2455 889 2523 καὶ
920 2459 1032 2542 δεινοί,
1063 2459 1160 2542 δίκην

151 2566 240 2654 παρὰ
262 2576 328 2631 τῶν
355 2568 469 2632 αἰτίων
495 2566 564 2649 δίκα
592 2568 779 2651 ληψόμενος
804 2560 882 2649 παρ’
909 2563 1000 2647 ὑμῖν.
1044 2560 1159 2648 δέομαι

153 2669 190 2738 δὲ
211 2671 346 2737 πάντων
373 2670 467 2756 ὑμῶν
494 2669 550 2737 καλ
577 2671 711 2737 ίκετεόω
739 2669 795 2736 καί
818 2668 999 2753 ἀντιβολῶ,
1027 2679 1158 2755 πρῶτον

152 2774 213 2862 μὲν
231 2777 389 2854 εὐνοϊκῶς
412 2777 555 2844 ἀκοῦσαί
572 2796 650 2861 μου·
674 2774 757 2861 μέγα
775 2775 837 2862 γάρ
859 2785 929 2852 τοῖς
949 2773 1159 2860 ἠτυχηκόσιν,

152 2885 261 2969 ὥσπερ
281 2882 357 2968 ἐγώ,
380 2884 569 2969 δυνηθῆναι
585 2880 666 2968 περὶ
685 2875 732 2947 ὧν
750 2883 959 2948 πεπόνθασιν
978 2882 1083 2948 εἰπεῖν
1104 2879 1160 2947 καὶ

152 2989 299 3075 εὐμενῶς
320 2987 464 3075 ε’χόυτωυ
486 2989 581 3072 ὑμῶν
599 2987 770 3075 ἀκροατῶν
793 2999 917 3074 τυχεῖν·
939 2982 997 3054 εἶτ’
1025 2986 1068 3056 ἀν
1089 2987 1161 3054 ἀδι-

125 3102 283 3161 εκείσθαι
314 3096 420 3180 δοκῶ,
447 3098 616 3179 βοηθῆσαί
640 3117 697 3178 μοι
724 3095 763 3159 τα
787 3096 906 3161 δίκαια.
951 3092 1156 3174 ἐπιδείξανθ’

150 3201 232 3284 ὑμῖν
254 3202 387 3266 τουτονί
404 3198 580 3286 Στέφανον
607 3197 663 3265 καί
687 3203 957 3286 μεμαρτυρηκότα
978 3201 1019 3268 τδι
1041 3201 1160 3284 ψευδῆ,

151 3302 207 3370 καί
224 3301 268 3370 δι’
285 3304 554 3392 αἰσχροκέρδειαν
568 3314 666 3372 τοῦτο
683 3307 895 3391 πεποιηκότα,
906 3304 962 3372 καί
975 3309 1160 3393 κατήγορον
1170 3328 1239 3379 1102

151 3410 254 3475 αὐτὸν
268 3409 371 3477 αὑτοῦ
389 3414 603 3496 γιγνόμενον·
625 3410 767 3495 τοσαύτη
786 3411 983 3497 περιφάνεια
999 3423 1061 3478 τοῦ
1078 3413 1161 3498 προί-

151 3518 274 3600 γματός
296 3514 395 3582 ἐστιν.
436 3516 470 3595 ἐξ
494 3515 595 3603 ἀρχῆς
617 3513 647 3583 δ’
675 3517 720 3594 ὡς
741 3514 783 3582 ἀν
807 3508 876 3595 οἷός
897 3515 925 3584 τ’
952 3512 979 3583 ὦ
1002 3519 1058 3585 διὰ
1080 3522 1160 3604 βρα-
