2658 3922
207 189 274 256 250
515 189 600 240 τοο.
625 187 907 240 γΔιωιοεοοειοντ

182 347 291 414 εάλλά
314 350 380 433 μὴν
403 348 487 414 ὅπου
510 371 548 431 με
567 345 644 431 μηδ’
665 348 860 412 ὑπεύθυνον
878 341 1076 412 καθιστάνθ’
1099 341 1221 409 ἑαυτὸν

208 452 348 537 ἔξεστιν,
372 448 417 518 δι’
446 447 493 518 ὧν
516 453 558 519 ἀν
587 453 729 519 ἀκοῦσαί
748 477 797 530 τις
819 461 878 539 φῇ,
901 452 1058 536 βλάπτειν
1082 447 1222 535 μηδένα,

206 571 276 636 πῶς
298 558 521 648 ἀνυπευθύνῳ
544 583 581 642 με
605 557 735 642 λέγοντι
753 562 911 644 προσήκει
929 558 1095 640 πιστεύειν
1117 555 1220 639 ὑμᾶς;

208 663 320 748 ἐπειδὴ
347 668 463 730 τοίνυν
492 661 588 742 οὗτος
622 667 719 742 εἰδὼς
749 668 827 742 τοὺς
858 668 984 750 νόμους
1009 661 1065 731 καὶ
1092 665 1222 746 μᾶλλον

207 769 228 854 ἢ
249 779 432 855 προσῆκεν,
454 769 577 847 ἀδίκως
598 769 653 836 καλ
675 777 912 848 πλεονεκτικῶς
932 772 994 855 τὴν
1016 771 1222 852 κατηγορίαν

206 880 394 960 πεποίηται,
421 875 602 961 ἀναγκαῖον
631 875 703 962 έμολ
729 875 804 963 περὶ
832 872 879 943 ὧν
907 876 944 943 έν
970 887 1039 952 τοῖς
1062 875 1222 958 δημόταις

180 981 375 1067 ιὺβρίσθην
397 993 529 1069 πρῶτον
553 984 666 1048 εἰπεῖν.
703 982 782 1062 ἀξιῶ
802 978 832 1048 δ’
854 979 1018 1068 ὧάνδρες
1033 977 1223 1064 Ἀθηναῖοι,
1310 1025 1311 1080 η

206 1090 340 1173 μηδέπω
359 1090 420 1173 την
438 1100 505 1154 τῶν
525 1091 677 1173 δημοτῶν
691 1087 898 1175 ἀποψήφισιν
915 1095 1084 1155 ποιεῖσθαι
1098 1087 1221 1171 ’τεκμή-
1310 1099 1311 1104 ’

206 1217 282 1278 ριον
304 1195 405 1280 ὑμᾶς,
428 1195 472 1272 ὡς
494 1191 546 1279 ἀρ’
574 1193 649 1280 οὐχὶ
675 1197 833 1280 προσηκει
860 1219 916 1279 μοι
939 1203 996 1278 της
1017 1196 1151 1269 πόλεως.
1187 1194 1222 1256 εί
1232 1211 1311 1262 13012

206 1301 270 1386 γὰρ
287 1296 383 1366 πάντ’
406 1299 569 1386 ἐνομίζετε
591 1302 631 1366 τά
655 1301 765 1365 δίκαια
788 1302 994 1384 δυνήσεσθαι
1016 1301 1094 1376 τοὺς
1116 1300 1220 1382 δημό-

205 1431 263 1483 τας
286 1408 468 1492 διακρῖναι,
496 1406 558 1472 οάκ
580 1405 622 1472 ἀν
646 1405 787 1472 ἐδώκατε
814 1408 875 1491 τὴν
904 1408 952 1482 είς
977 1404 1062 1490 ὑμᾶς
1088 1404 1219 1489 ἔφεσιν·
1310 1423 1311 1426 ’

205 1523 269 1577 νῦν
299 1508 336 1576 δὲ
364 1509 420 1576 καλ
451 1511 506 1576 διδι
535 1515 726 1596 φιλονικίαν
755 1509 810 1576 καλ
840 1512 896 1576 διὰ
922 1513 1055 1596 φθόνον
1081 1508 1138 1576 καὶ
1164 1505 1214 1576 δι’
1310 1559 1311 1562 ¹

206 1620 332 1702 ἔχθραν
355 1615 410 1682 καὶ
434 1612 481 1682 δι’
508 1618 609 1693 άλλως
636 1617 818 1702 προφάσεις
840 1619 981 1682 ἔσεσθαί
1003 1639 1035 1682 τι
1062 1625 1217 1682 τοιοῦτον
1310 1619 1311 1672 Ῑ

204 1723 401 1807 ἡγούμενοι,
427 1723 489 1806 την
515 1725 563 1798 είς
589 1722 674 1807 ὑμᾶς
705 1735 774 1799 τοῖς
806 1722 1014 1808 ἀδικηθεῖσιν
1041 1721 1214 1807 έποιησατε

204 1830 415 1913 καταφυγήν,
444 1826 490 1912 δι’
518 1827 561 1911 ἣν
587 1832 694 1904 καλῶς
720 1839 894 1912 ποιοῦντες
920 1824 946 1893 ὦ
974 1829 1093 1914 ἀνδρες
1117 1825 1215 1912 Ἀθη-
1310 1829 1311 1886 3

179 1945 295 2000 ιναίοι
325 1937 404 2011 τοὺς
434 1933 654 2020 ἠδικημένους
690 1935 836 2012 ἅπαντας
867 1936 1037 2000 σεσώκατε.
1083 1945 1214 2020 πρῶτον

204 2036 265 2125 μὲν
289 2034 352 2106 ούν
374 2039 414 2106 δν
436 2042 561 2126 τρόπον
583 2038 620 2105 έν
643 2051 712 2117 τοῖς
735 2042 892 2124 δημόταις
915 2038 1037 2124 συνέβη
1060 2041 1121 2124 τὴν
1144 2042 1215 2107 διακ

204 2149 347 2233 φηφισιν
364 2142 533 2229 γενέσθαι,
555 2144 674 2230 φράσω
696 2147 779 2231 πρὸς
796 2144 894 2230 ὑμᾶς·
917 2147 955 2212 τδ
978 2147 1041 2229 γάρ
1064 2148 1112 2222 είς
1133 2146 1214 2212 αὐτὸ

203 2255 241 2319 τὸ
271 2262 406 2339 πρᾶγμα
436 2251 544 2316 πάντα
575 2248 684 2334 λέγειν
719 2247 810 2317 τοῦτ’
846 2250 942 2335 ἔγωγ’
978 2251 1214 2338 ὑπολαμβάνω,

204 2359 266 2426 ὅσα
294 2383 343 2436 τις
369 2358 458 2444 παρὰ
484 2359 522 2423 τὸ
549 2359 702 2441 ψήφισμα
731 2354 872 2423 πέπονθ’
907 2356 1028 2435 ἀδίκως
1055 2377 1214 2425 καταστα-
1310 2361 1311 2432 ἶ

205 2464 354 2541 σιασθελς
377 2463 543 2542 ἐπιδεῖξαι.

177 2592 191 2632 ε
270 2571 481 2654 Εὐβουλίδης
495 2570 558 2655 ηδιρ
576 2563 672 2646 οὗτος
688 2563 714 2633 ἀ
732 2569 851 2656 ἀνδρες
863 2565 1047 2655 Ἀθηναῖοι,
1062 2571 1107 2648 ὡς
1118 2571 1214 2656 ὑμῶν

204 2683 295 2742 ίσασι
321 2679 455 2760 πολλοί,
482 2676 693 2762 γραψάμενος
720 2674 871 2759 ἀσεβείας
898 2677 959 2760 την
982 2676 1130 2762 ἀδελφὴν
1151 2679 1213 2762 τὴν

203 2783 482 2865 Λακεδαιμονίου,
502 2783 540 2846 τδ
557 2779 706 2865 πέμπτον
724 2779 822 2868 μέρος
839 2793 906 2848 τῶν
924 2784 1046 2866 ψήφων
1064 2783 1105 2848 οὐ
1123 2783 1214 2868 μετέ·

203 2891 313 2972 λαβεν.
350 2887 400 2953 ὅτι
424 2888 465 2970 δὴ
489 2885 526 2954 έν
552 2885 668 2976 έκείνφ
697 2896 742 2975 τῷ
772 2886 877 2970 ἀγῶνι
899 2889 939 2953 τδι
962 2889 1084 2973 δίκαια,
1105 2890 1213 2978 τούτῳ

204 2989 241 3058 δὲ
263 2988 413 3060 τάναντί’
440 2989 665 3078 ἐμαρτύρησα,
688 2993 745 3059 διδι
767 2995 890 3078 ταύτην
912 2995 973 3078 την
996 2997 1122 3081 ἔχθραν
1144 2995 1213 3062 ἐπι-

202 3103 333 3166 τίθεταί
359 3122 425 3183 μοι.
469 3095 525 3163 καὶ
553 3099 725 3183 βουλεύων
755 3095 781 3165 ὦ
812 3101 931 3186 ἀνδρες
960 3102 1128 3182 δικασταί,
1157 3101 1212 3168 καὶ

201 3207 316 3292 κύριος
343 3204 390 3272 διν
417 3213 478 3270 τοῦ
499 3200 537 3268 θ’
570 3205 671 3289 ὅρκου
698 3201 754 3270 καὶ
780 3215 848 3272 τῶν
875 3206 1076 3292 γραμμάτων
1102 3205 1135 3285 ἐξ
1163 3201 1212 3273 ὧν

176 3308 353 3379 εάνεκάλει
375 3313 452 3387 τοὺς
476 3311 633 3395 δημότας,
655 3313 691 3376 τί
708 3321 810 3388 ποιεῖς
839 3322 970 3396 πρῶτον
998 3308 1075 3396 μέν,
1097 3311 1209 3396 ἐπειδὴ

203 3415 425 3502 συνελέγησαν
448 3417 483 3483 οί
504 3417 660 3500 δημόται,
682 3414 854 3502 κατέτριψε
876 3419 937 3500 την
960 3415 1084 3504 ἡμέραν
1108 3419 1210 3503 δημη-

201 3535 311 3609 γορῶν
334 3521 388 3590 καὶ
412 3524 606 3607 ψηφίσματα
627 3521 774 3605 γράφων.
817 3532 914 3588 τοῦτο
939 3519 968 3585 δ’
995 3519 1038 3607 ην
1062 3523 1123 3587 οὐκ
1144 3521 1209 3590 ἀπὸ
