2656 3926
201 161 267 226 374
562 158 842 212 ΔΗΜοΣοεωονΣ

664 321 739 384 ΚΔ.

267 431 312 496 Εἰ
332 425 387 494 καὶ
410 421 513 512 μηθέν
536 425 617 490 ἀλλο
639 448 690 502 τις
712 419 738 490 ὦ
762 426 882 512 ἄνδρες
900 420 1074 510 Ἀθηναῖοι
1095 425 1228 508 πρότε-

202 556 264 622 ρον
281 530 357 617 παρ’
380 532 461 616 ὑμῖν
478 531 616 618 εἰρηκὼς
638 537 701 615 εῖη,
723 541 788 597 νῦν
811 554 848 615 γε
867 528 973 614 λέγων
990 527 1065 614 περὶ
1083 522 1131 594 ὧν
1151 529 1227 594 οὐκ

202 641 313 726 ὀρθῶς
335 637 532 722 ἐγκαλοῦσιν
555 637 590 704 ολ
609 635 762 723 πρέσβεις
784 645 823 722 τῇ
836 639 947 720 πόλει,
969 636 1059 723 παρὰ
1076 635 1224 700 πόντων
1305 666 1306 680 ¹

202 747 244 810 ἀν
267 767 324 828 μοι
347 745 441 810 δοκεῖ
461 744 596 820 δικαίως
624 744 821 827 συγγνώμης
847 753 968 828 τυχεῖν.
1009 739 1064 808 καὶ
1087 741 1151 826 γὰρ
1176 739 1223 806 έν

202 852 316 927 ἀλλοις
337 847 399 934 μέν
419 863 508 916 τισιν
529 848 691 932 ἡττᾶσθαι
718 859 785 914 τῶν
813 847 991 932 ἐναντίων,
1019 848 1080 934 οὑχ
1108 846 1222 924 οὑτως

203 958 332 1033 όνειὺος
354 956 399 1032 ὡς
420 951 557 1040 ἀτύχημ’
584 952 626 1019 ἀν
653 957 790 1038 φανείη·
819 951 874 1020 καὶ
901 955 964 1039 γάρ
991 961 1030 1039 τῇ
1053 953 1134 1038 τύχη
1158 950 1220 1018 καὶ

202 1073 271 1138 τοῖς
293 1061 486 1147 ἐφεστηκόσι
508 1057 564 1124 καὶ
589 1063 725 1136 πολλοῖς
752 1057 880 1144 μέτεστι
907 1069 967 1125 τοῦ
994 1062 1101 1134 καλῶς
1123 1056 1144 1141 ή
1167 1059 1218 1142 μὴ

203 1167 445 1252 ἀγωνίσασθαι·
464 1165 501 1232 ἐν
520 1161 557 1230 δέ
575 1173 620 1252 τῷ
644 1165 683 1230 τὰ
707 1163 806 1230 δίκαι’
828 1153 912 1251 ὑπὲρ
932 1164 1042 1229 αὑτῶν
1060 1163 1105 1248 μή
1124 1165 1218 1248 ἐχειν
1305 1203 1306 1208 1

204 1271 354 1358 <λέγειν>
382 1271 480 1351 ἀξίως
505 1281 572 1336 τῶν
599 1270 836 1356 ὑπαρχόντων,
866 1271 966 1354 αὐτῆς
996 1279 1053 1354 τῆς
1079 1270 1217 1354 γνώμης

177 1387 261 1462 ιτής
290 1389 358 1444 τῶν
384 1386 482 1444 τοῦτο
513 1379 692 1442 παθόντων
724 1378 761 1442 τὸ
793 1377 923 1453 όνειὺος
953 1375 1147 1461 εὑρήσομεν.
1183 1377 1218 1440 εί

203 1481 265 1568 μέν
287 1478 349 1549 οὑν
372 1481 481 1569 ἕτεροί
499 1505 586 1558 τινες
612 1475 698 1564 ήσαν
725 1479 762 1546 ἐν
789 1471 840 1558 οἷς
867 1479 1035 1565 ἐγίγνονθ’
1063 1481 1099 1548 οί
1118 1483 1215 1563 λόγοι

202 1587 278 1672 περὶ
300 1588 412 1672 ὑμῶν,
440 1588 517 1652 ούτε
539 1587 678 1662 τούτους
699 1585 741 1652 ἀν
764 1581 856 1671 οἶμαι
879 1586 1002 1674 ῥηιδίως
1024 1587 1110 1653 οὑτω
1131 1587 1214 1665 ψεύ-

205 1694 342 1776 δεσθαι,
373 1693 450 1758 οὔτε
479 1694 558 1768 τοὺς
587 1689 770 1768 ἀκούοντας
797 1693 904 1758 πολλὰ
932 1703 1000 1758 τῶν
1030 1691 1214 1776 εἰρημένων

204 1795 417 1882 ἀνασχέσθαι.
450 1807 515 1863 νύν
533 1793 570 1862 δέ
588 1790 691 1863 τάλλά
709 1793 738 1862 τ’
759 1791 851 1881 οἶμαι
871 1807 929 1884 της
944 1797 1102 1882 ὑμετέρας
1116 1802 1214 1864 πλεο-

203 1912 378 1969 νεκτούσιν
405 1903 560 1988 εύηθείας
589 1903 744 1986 ἅπαντες,
775 1901 830 1968 καὶ
863 1904 905 1989 θή
937 1901 992 1970 καὶ
1023 1914 1121 1970 τοῦτο
1147 1913 1213 1970 νῦν

205 2003 310 2074 οὑτοι·
329 2007 505 2093 ἀκροαταῖς
523 2009 585 2093 γὰρ
605 2007 785 2094 ἐχρήσαντο
807 2007 885 2075 καθ’
907 2010 1001 2095 ὑμῶν
1019 2009 1111 2094 ὑμῖν,
1130 2010 1213 2086 οἵοις
1222 2029 1287 2078 143⁵

178 2114 340 2182 οούὑέσιν
359 2115 401 2181 ἀν
418 2127 486 2182 τῶν
505 2117 628 2199 ἀλλων,
646 2114 789 2200 ἀκριβῶς
807 2111 883 2182 οίὺα
901 2113 990 2182 τοῦτ’
1013 2115 1086 2200 ἐγώ.
1119 2114 1212 2194 ἀξιον

205 2218 235 2286 θ’
253 2217 343 2286 εἷναί
353 2245 410 2306 μοι
425 2223 518 2287 δοκεῖ
533 2222 589 2286 διὰ
606 2231 709 2286 ταῦτα
728 2233 797 2298 τοῖς
809 2229 903 2298 θεοῖς
915 2222 1013 2308 χάριν
1026 2220 1112 2306 ὑμᾶς
1126 2225 1211 2308 ἐχειν

204 2321 230 2392 ὦ
253 2327 373 2414 ἀνδρες
391 2324 580 2412 Ἀθηναῖοι,
608 2325 663 2392 καὶ
684 2328 823 2404 τούτους
845 2338 963 2413 μισεῖν.
1003 2329 1041 2394 τὸ
1064 2324 1126 2412 μέν
1149 2329 1210 2412 γὰρ

204 2433 287 2520 ὁρᾶν
305 2435 444 2510 τούτους
461 2435 520 2500 τὸν
529 2429 665 2500 Ῥοδίων
685 2433 802 2517 ὑήμον,
820 2434 880 2499 τὸν
893 2435 979 2499 πολὺ
994 2435 1121 2499 τούτων
1133 2431 1205 2500 ποτ’

204 2536 456 2624 ἀσελγεστέρους
476 2541 597 2621 λόγους
620 2535 758 2621 λέγοντα
780 2541 863 2625 πρὸς
884 2539 980 2623 ὑμᾶς,
1004 2536 1113 2624 ίκέτην
1134 2537 1211 2624 ὑμέ-

203 2667 300 2730 τερον
322 2642 555 2729 γεγενημένον,
578 2641 733 2730 εύτύχημ’
756 2639 841 2710 εἶναι
859 2647 981 2728 νομίζω
999 2653 1057 2729 τῆς
1073 2648 1209 2722 πόλεως·

202 2753 240 2817 τὸ
264 2745 301 2815 θέ
323 2753 401 2826 τοὺς
423 2749 584 2834 ἀνοήτους
611 2750 752 2827 τούτους
779 2752 859 2834 μήτε
885 2760 983 2818 τοῦτο
1011 2753 1208 2834 λογίζεσθαι,

202 2857 310 2943 παρὸν
337 2854 442 2932 οὑτως
469 2851 604 2939 ἐναργές
631 2856 734 2939 ίὺεῖν,
760 2851 842 2939 μήθ’
868 2853 919 2920 ὅτι
945 2857 1103 2934 πολλάκις
1128 2854 1204 2922 καθ’

203 2959 249 3028 ἕν’
281 2959 390 3026 αὐτῶν
418 2958 556 3026 ἕκαστον
583 2959 677 3044 ὑμεῖς
709 2961 889 3044 σεσώκατε,
920 2958 976 3026 καί
1001 2967 1103 3028 πλείω
1131 2963 1208 3049 πρά-

203 3062 297 3152 γματ’
325 3064 480 3150 ἐσχήκατε
506 3065 568 3150 τήν
596 3067 724 3132 τούτων
753 3066 946 3152 θρασύτητα
978 3065 1033 3133 καὶ
1060 3070 1207 3135 κακοδαι-

203 3175 323 3257 μονίαν
345 3169 621 3257 ἐπανορθοῦντες,
644 3170 777 3237 ἐπειδὰν
800 3167 844 3236 δι’
872 3169 1010 3250 ἑαυτοὺς
1032 3172 1206 3242 ἀνέλωνται

202 3281 360 3362 πόλεμον,
382 3275 403 3361 ή
425 3277 466 3342 τὺ
487 3274 616 3361 ὑμέτερ’
643 3277 753 3342 αὐτῶν
774 3275 987 3364 πράττοντες,
1009 3289 1106 3347 τοῦτο
1128 3301 1206 3364 παμ-

203 3387 330 3468 πόλλην
352 3382 434 3467 ὑμῖν
458 3383 562 3469 ὀργήν
584 3384 718 3459 εἰκότως
739 3381 781 3448 ἀν
803 3388 1014 3470 παραστήσαί
1031 3409 1089 3468 μοι
1111 3387 1204 3452 δοκεῖ.

177 3487 245 3553 ιοὺ
272 3489 339 3574 μήν
366 3486 449 3554 ἀλλ’·
466 3494 544 3564 ῖσως
569 3489 699 3566 τούτοις
725 3483 787 3572 μέν
815 3490 965 3573 εἵμαρται
991 3487 1145 3575 μηδέποτ’
1169 3486 1204 3556 εὑ
