2650 3918
485 239 582 292 ΚΑΤΑ
598 239 764 293 mmm
1070 233 1135 297 319

70 420 106 460 ετ
122 411 190 466 τῶν
213 408 271 484 τῆς
288 402 423 478 πόλεως.
459 397 514 466 καλ
533 398 584 465 ὅτι
601 394 700 466 ταῦθ’
721 397 826 474 οὕτως
847 400 926 484 ἔχει,
947 404 1010 463 τοῦ
1032 397 1138 480 νόμον

122 505 227 573 αὐτοῦ
241 505 441 583 ἀκούσαντες
454 504 731 590 ἀναγνωσθέντος
744 509 884 570 είσεσθε.
915 505 977 568 καί
982 524 1038 586 μοι
1048 497 1138 586 λαβέ.

463 699 593 752 ΝΟΜΟΣ
610 698 798 752 ΜΟΙΧΕῙΑΣ.

232 821 371 890 Ἔπειδδιν
401 824 433 889 δὲ
464 824 514 912 ἕλη
543 825 596 890 τόν
625 825 742 907 μοιχόν,
773 823 813 906 μὴ
844 821 947 898 ἐξέστω
976 828 1016 909 τῷ
1045 821 1140 886 ἑλόντι

168 929 317 987 συνοικεῖν
334 935 371 1011 τη
388 924 524 1006 γυναικί·
547 921 600 985 έδιν
623 920 655 985 δέ
674 933 811 1008 συνοικῇ,
834 918 938 1000 έτιμος
955 919 1035 982 έστω.
1064 916 1140 1000 μηδὲ

166 1032 204 1108 τῇ
225 1019 345 1103 γυναικλ
367 1018 472 1096 έξέστω
494 1017 617 1082 εἰσιέναι
639 1020 682 1093 εἰς
703 1019 739 1082 τὰ
762 1017 826 1102 λερδι
848 1017 883 1080 τδι
907 1018 1067 1097 δημοτελῆ,
1089 1009 1138 1096 ἐφ’

167 1105 188 1205 ᾖ
211 1116 249 1180 διν
276 1118 377 1202 μοιηδς
404 1116 479 1203 ἁλῷ·
502 1116 554 1180 ἐὰν
582 1111 610 1179 δ’
638 1117 730 1202 εἰσίη,
756 1113 895 1196 νηποινελ
920 1111 1053 1194 πασχέτω
1075 1112 1093 1174 ό
1114 1135 1142 1173 τι

166 1214 206 1278 δν
227 1215 339 1302 πόσγη,
361 1213 441 1294 πλην
463 1215 608 1277 θανάτου.

78 1374 108 1415 οε
189 1354 361 1437 Βούλομαι
383 1355 500 1418 τοίνυν
522 1353 605 1438 ὑμίν
625 1347 651 1418 ὦ
670 1353 791 1439 ἄνδρες
808 1347 982 1436 Ἀθηναῖοι
1004 1345 1060 1414 καλ
1081 1357 1142 1413 τοῦ

124 1459 232 1543 δήμου
246 1467 307 1524 τοῦ
322 1447 512 1542 Ἀθηναίων
525 1460 712 1543 μαρτυρίαν
725 1453 964 1543 παρασχέσθαι,
982 1454 1027 1532 ὡς
1040 1469 1141 1518 σπου·

124 1565 213 1643 δοίζει
229 1562 307 1651 περὶ
324 1563 365 1628 τὰ
385 1564 456 1650 ίερδ
474 1572 577 1629 ταῦτα
595 1560 651 1628 καλ
670 1562 716 1640 ὡς
732 1563 860 1646 πολλὴν
882 1564 1044 1648 πρόνοιαν
1066 1556 1142 1646 περὶ

80 1755 85 1766 Ι
124 1670 235 1736 αὐτῶν
256 1673 440 1755 πεποίηται.
477 1669 582 1755 δγδρ
607 1669 712 1754 δῆμος
731 1665 749 1734 ό
768 1665 958 1751 Ἀθηναίων
980 1666 1218 1753 κυριώτα-ιοτο

123 1798 179 1853 τος
202 1776 249 1842 δν
271 1787 338 1843 τῶν
362 1775 400 1842 έν
418 1782 457 1861 τῇ
476 1777 571 1841 πόλει
590 1772 757 1859 ἁπάντων,
778 1771 836 1840 καλ
860 1771 934 1854 έξδν
957 1771 1045 1862 αὐτῷ
1068 1793 1142 1838 ποι·

123 1891 175 1948 εον
196 1881 216 1947 ό
234 1905 266 1947 τι
289 1880 331 1947 δν
350 1882 521 1966 βούληται,
545 1879 632 1946 οὕτω
651 1881 755 1945 καλὸν
777 1877 833 1944 καλ
856 1881 979 1964 σεμνὸν
1001 1874 1142 1964 ἡγήσατ’Ι

123 1981 210 2053 εἶναι
229 1989 342 2072 δῶρον
359 1989 397 2053 τὸ
415 1984 600 2070 Ἀθηναίου
617 1983 788 2071 γενέσθαι,
806 1985 889 2051 ὥστε
902 1988 1027 2070 νόμους
1044 1989 1139 2052 έθετο

124 2093 232 2181 αὐτῷ,
263 2089 340 2157 καθ’
368 2092 428 2168 οὓς
456 2098 626 2158 ποιεῖσθαι
657 2092 727 2175 δεῖ,
754 2089 813 2157 εὀίν
838 2114 914 2158 τινα
941 2091 1140 2176 βούλωνται,

123 2200 282 2282 πολίτην,
305 2201 340 2262 οδ
360 2207 425 2264 νῦν
447 2195 792 2283 προπεπηλακισμένοι
814 2194 901 2263 είσλν
922 2196 987 2264 ὑπὸ
1011 2198 1140 2283 Στεφά-

81 2325 110 2366 εο
125 2326 190 2370 νου
225 2300 360 2368 τουτουλ
394 2300 450 2368 καλ
481 2313 548 2368 τῶν
580 2301 668 2368 οὕτω
699 2305 944 2387 γεγαμηκότων.
990 2303 1078 2388 ὅμως
1107 2299 1138 2369 δ’

124 2400 327 2486 ἀκούσαντες
356 2407 467 2475 αὐτῶν
496 2410 648 2494 βελτίους
675 2411 812 2492 ἔσεσθε,
838 2407 895 2474 καλ
921 2409 962 2475 τδ
983 2408 1141 2475 κάλλιστα

124 2514 180 2582 καλ
208 2516 249 2582 τολ
279 2518 461 2600 σεμνότατα
493 2516 587 2600 δῶρα
617 2525 687 2592 τοϊς
715 2514 924 2602 εὐεργετοῦσι
952 2515 1014 2599 την
1041 2515 1140 2581 πόλιν

125 2623 286 2708 διδόμενα
318 2623 491 2707 γνώσεσθε
520 2621 565 2698 ὡς
596 2619 840 2706 λελυμασμένοι
871 2623 964 2688 είσίν.
1008 2631 1140 2708 πρῶτον

125 2723 186 2812 μέν
217 2727 281 2815 γὰρ
313 2731 417 2813 νόμος
448 2725 518 2793 έστλ
548 2735 594 2816 τῷ
629 2727 722 2817 δήμω
751 2723 915 2811 κείμενος,
946 2727 991 2811 μὴ
1021 2725 1141 2805 έξετναι

124 2835 329 2918 ποιήσασθαι
348 2829 548 2919 Ἀθηναίου,
571 2831 611 2898 δν
634 2832 677 2899 ἂν
701 2833 745 2917 μη
770 2829 814 2898 δι’
840 2830 1072 2918 ἀνδραγαθίαν
1093 2835 1141 2910 είς
1173 2823 1179 2832 ’

124 2940 184 3006 τδν
211 2941 318 3024 δῆμον
345 2941 406 3007 τὸν
425 2937 613 3024 Ἀθηναίων
641 2937 736 3017 ἄξιον
762 2930 784 3026 ᾖ
812 2936 971 3023 γενέσθαι
993 2941 1141 3023 πολίτην.

125 3041 224 3117 ἔπειτ)
253 3043 386 3114 έπειδδν
414 3052 538 3131 πεισθῇ
566 3045 585 3113 ό
613 3046 717 3130 δῆμος
742 3042 799 3111 καλ
826 3046 874 3133 δῷ
902 3045 964 3129 την
987 3045 1140 3132 δωρειάν,

126 3151 188 3223 οὐκ
207 3149 245 3239 ἐᾷ
263 3154 383 3237 κυρίαν
401 3150 559 3235 γενέσθαι
577 3152 640 3235 την
658 3154 805 3236 ποίησιν,
827 3149 886 3216 ε’δν
910 3152 954 3235 μη
977 3158 1017 3237 τῇ
1039 3151 1141 3240 ψήφῳ

7 3311 8 3320 ,
126 3259 173 3334 είς
185 3258 247 3342 την
265 3255 425 3323 ἐπιοῦσαν
445 3256 622 3341 ἐκκλησίαν
639 3255 938 3344 ὑπερεξακισχίλιοι
952 3253 1140 3340 Ἀθηναίων

88 3379 113 3420 ⁹⁰
125 3366 337 3449 ψηφίσωνται
358 3363 509 3449 κρύβδην
530 3365 758 3448 ψηφιζόμενοι.
802 3365 882 3440 τοδς
905 3357 943 3429 δέ
964 3361 1142 3448 πρυτάνεις

126 3469 252 3536 κελεύει
277 3465 409 3536 τιθέναι
435 3470 513 3545 τοὺς
538 3469 717 3545 καδίσκους
739 3468 758 3536 δ
781 3471 883 3552 νόμος
909 3464 964 3532 καλ
990 3466 1052 3548 την
1078 3474 1140 3549 ψῆ-

127 3599 193 3662 φον
216 3576 350 3642 διδόναι
366 3577 540 3664 προσιόντι
552 3583 598 3664 τῷ
618 3575 724 3664 δήμω,
746 3571 827 3660 πρὶν
844 3573 923 3647 τοὺς
940 3566 1057 3648 ξένους
1074 3571 1139 3633 εἰσ-

8 3643 10 3772 λ

8 3791 12 3890 1
