2658 3922
175 149 242 216 242
476 149 546 202 ενι.
573 143 878 218 [mmmm]

175 322 242 377 τῶν
264 313 390 394 τόκων,
419 310 452 376 εί
479 309 543 396 ἀρα
572 306 710 391 γέγονεν
739 307 783 384 ὡς
810 301 903 372 ούτοι
930 301 1080 387 λέγουσι,
1109 301 1192 386 μετὰ

175 427 236 484 τοῦ
267 412 494 501 συμφέροντος
522 420 582 479 τοῦ
611 424 680 478 τῶν
713 413 896 478 δανειστῶν
924 407 1059 494 γέγονε,
1087 417 1193 474 πᾶσιν

138 542 163 583 ιο
176 521 257 607 ὑμῖν
280 523 428 607 φανερόν
452 518 552 586 ἐστιν.
597 519 634 585 oc
652 519 715 604 γάρ
744 517 780 584 έκ
806 526 863 602 τῆς
885 515 1058 600 Αἰγύπτου
1081 514 1193 581 δανεί-

177 644 294 704 σαντες
315 629 446 705 τούτοις
469 621 670 712 ἑτερόπλουν
696 622 878 711 τάργύριον
900 624 948 700 είς
966 618 1123 705 Ἀθήνας,
1146 619 1194 696 ὡς

176 730 336 818 ἀφίκοντο
364 734 413 809 είς
438 731 500 816 τὴν
522 729 639 798 Ῥόδον
670 727 725 796 καὶ
756 731 818 816 την
849 738 938 795 ναῦν
964 726 1070 794 ἐκεῖσε
1097 721 1192 792 οὗτοι
1309 799 1310 816 χ

176 841 411 924 κατεκόμισαν,
442 834 544 904 οὐδὲν
576 832 668 922 οἶμαι
694 835 848 923 διέφερεν
875 834 988 912 αὐτοῖς
1013 831 1193 919 ἀφεμένοις

176 955 244 1009 τῶν
266 947 375 1010 τόκων
396 942 453 1010 καὶ
474 941 707 1030 κομισαμένοις
733 944 771 1010 τὸ
800 943 935 1008 δάνειον
959 938 997 1008 ἐν
1018 949 1058 1026 τῇ
1076 937 1192 1028 Ρόδφ,

177 1050 287 1116 πάλιν
304 1050 443 1137 ἐνεργὸν
470 1059 579 1117 ποιεῖν
607 1051 654 1126 είς
680 1050 742 1133 τὴν
763 1054 952 1132 Αἴγυπτον,
978 1044 1049 1112 ἀλλ’
1081 1019 1311 1116 έλυσι-ιεον’

138 1154 263 1222 ιοτέλει
284 1160 397 1245 πολλῷ
420 1161 548 1241 μᾶλλον
570 1151 660 1222 τοῦτ’
686 1152 818 1240 ἣδεῦρ’
841 1153 1051 1220 ἐπαναπλεῖν.
1087 1152 1191 1218 ἐκεῖσε

179 1260 240 1347 μέν
254 1285 292 1346 γε
309 1261 480 1349 ἀκαριαῖος
495 1262 514 1328 δ
530 1267 646 1346 πλοῦς,
665 1257 721 1327 καὶ
735 1258 812 1345 δλςῆ
826 1259 897 1346 τρὶς
913 1259 1061 1346 ὑπῆρχεν
1079 1259 1193 1336 αὐτοῖς

178 1366 384 1455 ἐργάσασθαι
402 1375 448 1456 τῷ
468 1368 556 1456 αὐτῷ
573 1367 736 1456 ἀργυρίῳ·
755 1365 902 1433 ἐνταῦθα
920 1362 951 1430 δ’
970 1364 1193 1450 ἐπιδημήσαν-

177 1497 236 1551 τας
248 1474 501 1559 παραχειμάζειν
515 1474 583 1539 ἔδει
596 1471 652 1538 καὶ
665 1471 854 1557 περιμένειν
868 1473 929 1556 τὴν
944 1471 1079 1558 ὡραίαν.
1111 1465 1188 1536 ὥστ’

179 1578 300 1644 ἐκεῖνοι
317 1574 379 1664 μὲν
397 1579 434 1644 οί
449 1575 619 1643 δανεισταὶ
636 1578 939 1664 προσκειιερδηκασι
953 1575 1008 1642 καὶ
1021 1577 1083 1644 ούκ
1099 1575 1193 1662 ἀφεί·

177 1700 254 1750 κασι
271 1685 402 1760 τούτοις
425 1682 538 1749 οὐδέν·
557 1682 638 1769 ἡμῖν
662 1680 693 1748 δ’
715 1683 777 1770 οὐχ
800 1683 890 1761 ὅπως
910 1682 987 1770 περὶ
1008 1692 1069 1750 τοῦ
1091 1685 1193 1749 τόκου

178 1789 198 1856 ὁ
216 1791 315 1872 λόγος
333 1788 435 1874 ἐστίν,
453 1787 530 1855 ἀλλἸ
549 1785 629 1856 οὐδὲ
651 1788 790 1875 τάρχαῖα
809 1789 990 1876 ἀπολαβεῖν
1008 1789 1192 1874 δυνάμεθα.

138 1917 164 1958 τι
245 1895 305 1980 Μὴ
329 1889 392 1961 οὖν
415 1893 618 1980 ἀποδέχεσθε
636 1896 757 1962 τούτου
775 1900 1009 1981 φενακίζοντος
1030 1896 1115 1981 ὑμᾶς
1136 1893 1193 1960 καὶ

179 2001 219 2067 τά
240 2003 323 2088 πρὸς
344 2003 422 2079 τοὺς
444 2002 567 2079 ἀλλους
593 2002 766 2080 δανειστὰς
791 2001 1003 2089 πεπραγμένα
1024 2000 1193 2088 παραβάλ-

179 2110 313 2193 λοντος,
338 2103 411 2173 ἀλλ’
442 2105 495 2174 έπλ
523 2108 585 2192 τὴν
615 2110 812 2194 συγγραφὴν
841 2108 971 2192 ἀνάγετ’
1006 2108 1108 2175 αὐτὸν
1136 2105 1193 2173 καλ

178 2213 219 2278 τά
242 2211 278 2278 έκ
300 2220 358 2296 της
376 2221 568 2298 συγγραφῆς
586 2214 706 2278 δίκαια.
751 2214 902 2299 ἔστιγὰρ
921 2213 998 2298 έμοί
1016 2237 1050 2280 τε
1065 2216 1192 2280 λοιπὸν

180 2317 312 2398 διδάξαι
336 2317 423 2402 ὑμᾶς
448 2327 564 2402 τοῦτο,
593 2316 649 2384 καλ
677 2314 781 2396 οὗτος
806 2319 1002 2404 ἰσχυρίζεται
1028 2327 1073 2408 τῷ
1101 2319 1200 2407 αὐτῷ’

179 2426 298 2515 τούτῳ,
318 2424 456 2509 φάσκων
478 2426 539 2509 τὴν
562 2426 759 2511 συγγραφὴν
778 2425 926 2492 κελεύειν
949 2430 1114 2511 σωθείσης
1135 2435 1193 2510 τῆς

179 2533 263 2608 νεὼς
289 2530 489 2596 ἀποδιδόναι
514 2532 552 2598 τὸ
581 2511 726 2597 δάνειον.
772 2529 828 2596 καὶ
853 2529 947 2616 ἡμεῖς
971 2531 1073 2599 ταῦθ’
1104 2531 1192 2598 οὕτω

141 2657 167 2698 τε
181 2633 290 2723 φαμὲν
312 2637 386 2701 δεῖν
408 2638 503 2721 ἔχειν.
546 2635 653 2721 ἡδέως
674 2634 706 2701 δ’
733 2635 776 2702 ἀν
798 2641 971 2722 πυθοίμην
992 2639 1095 2706 αὐτοῦ
1117 2649 1193 2723 σοῦ,

181 2745 322 2828 πότερον
349 2742 394 2818 ὡς
419 2739 503 2828 ὑπὲρ
530 2739 777 2828 διεφθαρμένης
804 2751 861 2826 τῆς
886 2745 971 2821 νεὼς
990 2743 1148 2832 διαλέγῃ,
1169 2745 1192 2830 ἣ

181 2849 226 2926 ὡς
247 2843 330 2933 ὑπὲρ
354 2846 569 2932 σεσωσμένης.
616 2851 647 2913 εί
669 2845 816 2935 μὲνγὰρ
845 2845 1045 2938 διέφθαρται
1066 2851 1087 2934 ἡ
1110 2861 1193 2929 ναῦς

181 2953 237 3021 καὶ
259 2953 426 3038 ἀπόλωλε,
450 2956 487 3019 τί
509 2950 679 3040 περὶτῶν
708 2956 815 3020 τόκων
843 2952 985 3042 διαφέρη
1012 2954 1068 3021 καὶ
1090 2954 1194 3035 ἀξιοῖς

181 3061 266 3146 ἡμᾶς
282 3063 475 3146 κομίζεσθαι
492 3062 570 3136 τούς
587 3061 635 3137 είς
647 3057 762 3125 Ῥόδον
784 3062 916 3139 τόκους;
940 3061 1016 3127 ούτε
1035 3062 1098 3148 γάρ
1115 3064 1194 3140 τοὺς

182 3170 299 3244 τόκους
321 3167 398 3233 ούτε
421 3164 558 3252 τάρχαῖα
585 3168 745 3253 προσήκει
772 3165 856 3251 ἡμᾶς
878 3166 1069 3252 ἀπολαβεῖν.
1104 3170 1136 3235 εί
1157 3166 1187 3234 δ’

183 3271 273 3340 ἐστὶν
295 3272 316 3358 η
339 3283 422 3351 ναῦς
442 3273 512 3339 σόα
528 3269 646 3358 καὶμὴ
666 3271 877 3359 διέφθαρται,
899 3275 956 3339 διὰ
978 3277 1016 3340 τί
1030 3274 1111 3360 ἡμῖν
1131 3275 1193 3341 ούκ

144 3398 170 3438 ιι
183 3379 350 3458 ἀποδίδως
371 3381 412 3446 τά
434 3376 578 3466 χρήμαθ’
605 3377 627 3444 δ
650 3379 847 3466 συνεγράψω
855 3407 868 3458 ;.
885 3383 993 3446 πόθεν
1016 3374 1079 3446 οὖν
1102 3379 1191 3466 ἀκρι-

183 3482 311 3570 βέστατ’
338 3484 381 3552 ἂν
403 3482 535 3571 μάθοιτ’
562 3484 682 3570 ἀνδρες
700 3481 888 3569 Ἀθηναῖοι,
911 3485 966 3551 ότι
988 3484 1148 3552 σέσωσται
1169 3485 1191 3570 η
