2656 3926
204 179 269 245 382
566 178 845 232 ΔΗΜοΣοεωοετ

204 365 260 426 μοι
289 349 440 423 σκοπείν,
467 341 578 423 λόγοις
605 334 666 422 μὲν
692 335 748 404 καὶ
770 334 844 422 μόλ’
872 335 1049 422 ἀφθόνοις,
1071 334 1130 412 οὑς
1154 336 1227 402 οὐκ
1302 360 1303 415 j

204 445 247 513 ἀν
277 445 386 530 ἀηδῶς
414 441 550 530 ήκούεθ’
584 442 696 528 ὑμεῖς,
724 441 953 528 ἐνετύγχανον.
995 440 1142 526 καὶγὰρ
1171 441 1226 518 ὡς
1302 484 1303 511 ι

205 554 405 618 δικαιότατοι
422 561 489 617 τῶν
502 547 672 634 Ἑλλήνων
690 548 773 634 έστέ,
790 546 885 616 πόλλ’
903 550 1008 614 εἰπεῖν
1026 545 1082 614 καὶ
1099 545 1224 634 ἑώρων
1303 584 1304 601 ÷

204 655 259 723 καὶ
273 657 353 743 δρῶ,
370 654 426 723 καὶ
444 657 489 733 ὡς
507 655 650 740 ἀρίστων
667 658 854 742 προγόνων,
872 652 927 720 καὶ
943 655 1051 720 πολλὰ
1067 662 1222 721 τοιαῦτα.

205 762 288 830 ἀλλὰ
310 770 413 828 ταῦτα
435 758 496 846 μὲν
517 763 576 828 τὸν
602 764 727 848 χρόνον
752 760 900 846 ἡσθῆναι
925 757 1105 845 ποιήσανθ’
1131 758 1221 825 ὅσον

177 867 246 934 εάν
276 869 385 955 ῥηθῇ,
413 869 494 953 μετὰ
521 865 613 934 ταῦτ’
640 873 776 952 οἴχεται·
806 868 858 933 δεῖ
884 863 922 934 δέ
951 864 1097 952 τράξεώς
1122 887 1219 942 τινος
1231 882 1288 932 144³

204 976 263 1040 τὸν
295 973 434 1058 λέγοντα
467 982 613 1059 φανῆναι
650 975 858 1058 σύμβουλον,
894 969 938 1039 δι’
973 971 1016 1056 ἣν
1046 967 1102 1038 καί
1133 971 1218 1056 μετὰ

203 1076 293 1146 ταῦτ’
312 1078 444 1164 ἀγαθοῦ
461 1103 552 1157 τινος
568 1079 649 1164 ὑμίν
668 1081 758 1145 ἔσται
775 1081 948 1166 παρουσία.
983 1087 1083 1145 τοῦτο
1099 1072 1130 1142 δ’
1147 1078 1216 1161 ήδη

203 1183 260 1252 καὶ
279 1186 421 1251 σπάνιον
438 1183 493 1250 καὶ
510 1187 655 1271 χαλεπὸν
672 1182 909 1271 πεπειραμένος
930 1178 1007 1250 οἶδα
1029 1183 1070 1251 δν
1092 1181 1215 1270 εὑρεῖν.

205 1285 285 1358 οὐδὲ
311 1292 374 1377 γὰρ
402 1291 560 1377 αὑταρκες
585 1292 622 1357 τὸ
652 1291 737 1356 ἰδεῖν
764 1289 833 1356 ἐστι
858 1289 899 1355 τὺ
925 1299 1076 1374 τοιαῦτα,
1102 1287 1145 1354 ἀν
1167 1290 1214 1373 μή

203 1395 259 1463 καὶ
294 1400 408 1462 πείσαί
441 1419 492 1473 τις
526 1397 605 1473 τοὺς
641 1394 909 1483 σνναρουμένους
941 1394 1028 1480 ὑμᾶς
1069 1396 1212 1480 δυνηθῇ.

205 1502 246 1570 οὑ
273 1504 340 1588 μήν
366 1498 437 1568 ἀλλ’
465 1501 545 1584 ἐμὸν
574 1497 637 1585 μὲν
665 1503 764 1587 ἔργον
793 1503 898 1567 εἰπεῖν
927 1507 1005 1579 ίσως
1033 1500 1056 1568 ἀ
1082 1497 1206 1567 πέπωκ’

204 1607 347 1692 ἐμαυτὸν
377 1603 576 1692 συμφέρειν,
605 1604 764 1694 ὑμέτερον
794 1603 826 1673 δ’
858 1605 1062 1685 ἀκούσαντας
1089 1615 1212 1694 κρίναι,

204 1711 267 1778 κάν
289 1709 421 1798 ἀρέσκῃ,
443 1713 641 1797 χρήσασθαι.

667 1909 742 1972 ΛΔ.

271 2030 343 2096 Οὑκ
371 2031 495 2116 ἄδηλον
523 2025 567 2115 ήν
596 2024 623 2098 ὦ
652 2030 771 2117 ἀνδρες
795 2026 971 2115 Ἀθηναιοι
996 2031 1130 2117 πρώην,
1157 2031 1212 2098 ὅτε
1310 2039 1311 2072 f

202 2147 270 2203 τῶν
288 2134 471 2221 ἀντιλέγειν
489 2133 704 2221 βουλομένων
722 2128 772 2214 οἷς
790 2136 808 2203 ὑ
823 2134 904 2202 δείν’
923 2134 1006 2220 ἔλεγ’
1026 2136 1088 2204 οὑκ
1106 2135 1207 2226 ᾤεσθ’

203 2242 337 2310 ἀκούειν
359 2250 488 2336 χρῆναι,
511 2241 562 2308 ὅτι
580 2244 784 2327 συμβήσεται
799 2239 895 2309 τοῦθ’
918 2239 1034 2308 δνυνδ
1050 2245 1211 2329 γίγνεται,

203 2347 254 2415 ὅτι
284 2349 319 2416 οί
344 2351 418 2415 τότε
446 2345 653 2426 κωλυθέντες
683 2347 791 2435 έροϊεν
817 2349 864 2426 είς
891 2345 1005 2434 ἑτέραν
1027 2347 1211 2434 ἐκκλησίαν.

203 2453 245 2520 ἀν
274 2457 391 2520 τοίνυν
419 2450 518 2520 ταῦθ’
551 2454 634 2539 ἅπερ
663 2456 825 2541 πρότερον
853 2457 1027 2540 ποιήσητε,
1059 2453 1115 2520 καὶ
1142 2466 1211 2521 τῶν

203 2571 272 2637 τοῖς
292 2561 365 2625 τότε
395 2558 510 2637 δόξασι
536 2571 706 2626 συνειπεῖν
732 2558 947 2646 βουλομένων
976 2561 1021 2644 μή
1051 2559 1207 2646 θελήσητ’

204 2664 359 2749 ἀκοῦσαι,
379 2664 481 2731 πόλιν
503 2661 592 2731 ταῦτ’
619 2666 667 2743 εἰς
692 2666 754 2752 τήν
781 2663 896 2754 ἑτέραν
922 2666 1096 2752 ἐκκλησίαν
1118 2663 1212 2735 οὑτοι

177 2771 361 2854 ελαβόντες
383 2771 510 2836 τούτων
537 2773 830 2858 κατηγορήσουσιν.
867 2771 1019 2857 οὐδαμῶς
1042 2766 1069 2838 ὑ
1091 2774 1211 2858 ἀνδρες

152 2941 155 2947 ,
200 2873 372 2960 Ἀθηναῖοι
402 2875 478 2941 οὑτε
507 2875 548 2940 τὰ
574 2873 735 2962 πράγματ’
761 2875 804 2943 ἀν
830 2881 928 2963 χείρω
956 2875 1104 2962 γένοιτο,
1128 2876 1204 2946 οὔθ’

203 2981 297 3066 ὑμεῖς
328 2978 527 3066 ἀτοπώτεροι
558 2983 729 3066 φανείητε,
765 2983 797 3048 εί
830 2985 911 3067 μήτε
941 2992 1007 3047 τῶν
1039 2981 1206 3062 δοξάντων

204 3087 284 3170 ὑμίν
311 3083 411 3172 πέρας
437 3081 541 3169 μηδὲν
568 3087 656 3171 ἔχειν
683 3087 814 3170 δοκοίη,
844 3083 935 3170 μήτ’,
955 3085 1092 3172 ἀφέντες
1117 3088 1139 3154 ἃ
1164 3091 1209 3174 μή

205 3188 376 3278 συμφέρει,
396 3201 464 3257 τῶν
481 3192 546 3278 πρὸ
564 3191 647 3258 ὁδοῦ
668 3213 702 3256 τι
722 3194 919 3276 περαίνοιτε,
943 3192 1078 3278 είητεδ
1100 3193 1209 3280 ὥσπερ

204 3296 245 3361 τὰ
267 3295 391 3380 θέατρα
411 3305 478 3362 τῶν
495 3297 890 3382 προκαταλαμβανόντων.
925 3299 1083 3384 μηδαμῶς
1103 3295 1130 3366 ὦ
1153 3301 1209 3366 ἀν-

207 3401 282 3483 δρες
306 3398 495 3487 Ἀθηναῖοι,
526 3399 611 3466 ἀλλὰ
636 3403 838 3486 πονήσαντες
864 3405 923 3471 τὸν
948 3407 1054 3471 πόνον
1080 3415 1209 3491 τοῦτον,

205 3502 260 3567 καὶ
282 3509 503 3591 παρασχόντες
527 3511 619 3583 ίσους
645 3505 806 3593 ἀκροατὰς
827 3506 1023 3594 ἀμφοτέροις
1043 3508 1129 3593 ὑμᾶς
1151 3511 1209 3576 αὑ-
