2654 3926
458 189 559 242 ΠΡΟΣ
577 189 760 245 ΛΕΩΧΑΡΗ.
1070 185 1113 250 53

54 366 79 406 1⁸
94 345 137 414 δὲ
159 349 243 433 πρὸς
265 345 400 435 ἀνδρῶν
426 347 519 434 ήμεῑς
547 347 645 434 ἐσμεν
674 348 849 433 ἐγγυτάτω.
890 349 973 436 πρὸς
999 343 1037 413 δὲ
1058 344 1114 413 καὶ

95 453 136 519 ἐκ
158 466 330 538 γυναικῶν
353 456 388 521 οί
408 452 503 521 αὐτοὶ
531 450 637 521 οὗτοι·
661 454 679 522 ὁ
702 456 765 540 γάρ
788 455 997 537 Μειδυλίδης
1018 451 1114 518 ἀδελ·

95 561 163 644 φὺς
185 555 228 643 ήν
251 571 311 626 τοῦ
330 556 517 646 Ἀρχιάδου,
540 570 600 627 τοῦ
623 557 661 626 δέ
682 562 895 627 Μειδυλίδου
917 559 1070 643 δυγάτηρ
1092 558 1112 641 ἡ

97 675 160 732 τοῦ
196 665 279 751 ἐμοῦ
314 668 436 753 πατρὸς
471 668 593 753 μήτηρ,
630 667 713 733 ὥστε
749 669 898 750 γίγνεται
930 661 1114 750 Ἀρχιάδης,

97 766 185 856 ὑπὲρ
207 767 249 839 οὗ
271 781 332 838 τοῦ
354 774 480 857 κλήρου
502 774 564 856 τήν
586 772 795 838 ἐπιδικασίαν
816 771 1003 855 ποιούμεθα
1024 773 1115 853 νυνί,

98 885 195 954 θεῖος
216 885 255 963 τη
279 887 339 944 τοῦ
361 881 483 963 πατρὸς
505 888 566 945 τοῦ
589 875 670 962 ἐμοῦ
692 875 790 964 μητρὶ
808 875 845 943 ἐκ
862 874 1114 963 πατραδέλφων,

99 984 185 1068 πρὸς
203 981 338 1067 ἀνδρῶν
356 986 441 1070 ἐχων
458 985 522 1068 τήν
544 981 740 1066 συγγένειαν
762 984 885 1067 ταύτην
902 980 957 1048 καὶ
976 980 1016 1048 οὐ
1033 983 1116 1068 πρὸς

19 1077 20 1092 ’
99 1099 279 1173 γυναικῶν.
320 1090 536 1176 Λεώστρατος
567 1086 598 1154 δ’
629 1087 744 1155 οὑτοσὶ
774 1087 864 1173 γένει
896 1111 931 1154 τε
959 1085 1113 1171 ἀπωτέρω

101 1191 173 1260 ε’στὶ
194 1191 250 1259 καὶ
272 1195 355 1281 πρὸς
377 1206 546 1278 γυναικῶν
568 1196 690 1271 οίκεῑος
703 1191 873 1280 Ἀρχιάδῃ·
895 1192 917 1277 ή
939 1193 1003 1278 γὰρ
1028 1195 1113 1273 [τοῦ]

100 1300 320 1386 Λεωκράτους
349 1303 454 1386 μήτηρ
484 1309 545 1367 τοῦ
578 1301 700 1366 τούτου
729 1300 854 1384 πατρὸς
881 1298 1042 1384 ἀδελφιδῆ
1071 1292 1115 1381 ήν

18 1401 19 1408 ³
100 1413 147 1494 τῷ
167 1401 324 1491 Ἀρχιάδη
348 1404 464 1493 ἐκείνῳ
487 1404 542 1471 καὶ
563 1415 609 1494 τςό
632 1407 841 1492 Μειδυλίδη,
869 1401 926 1490 ἀφ’
953 1398 1001 1469 ὧν
1022 1401 1116 1488 ήμεις

18 1589 19 1604 ρ
102 1513 196 1588 όντες
218 1509 375 1595 ἀξιοῦμεν
396 1519 454 1595 τῆς
476 1515 697 1596 κληρονομίας
719 1523 841 1597 τυχεῖν.

64 1635 89 1674 14
169 1620 311 1698 Πρῶτον
329 1611 391 1700 μέν
409 1611 472 1682 οὖν
491 1609 517 1681 ὦ
536 1618 656 1702 ἀνδρες
679 1615 830 1683 δικασταὶ
848 1614 1000 1700 τὸγένος
1021 1614 1115 1700 ήμῶν

102 1721 154 1787 ότι
176 1721 281 1799 οὕτως
303 1724 382 1808 ἐχει,
406 1722 516 1806 ὥσπερ
539 1721 593 1788 καὶ
613 1720 765 1806 λέγομεν,
788 1722 1013 1805 ἀναγνώσεται
1034 1721 1116 1805 ὑμίν

101 1827 160 1904 τὰς
188 1831 386 1914 μαρτυρίας,
416 1830 525 1894 ἔπειτα
556 1829 636 1913 μετὰ
665 1838 767 1894 ταῦτα
796 1828 856 1893 τὸν
885 1830 991 1912 νόμον
1013 1826 1115 1892 αὐτὸν

103 1935 162 1999 τὸν
190 1943 259 2010 τοῖς
288 1957 322 1999 τε
352 1932 463 2018 γένεσι
491 1930 547 1999 καὶ
576 1945 644 2011 τοῖς
673 1932 841 2017 ἐγγυτάτω
869 1935 952 2019 πρὸς
981 1932 1116 2019 ἀνδρῶν

102 2039 161 2115 τὰς
188 2042 409 2125 κληρονομίας
442 2037 658 2105 ἀποδιδόντα·
693 2039 733 2105 τά
767 2038 829 2122 γάρ
864 2038 1026 2123 κεφάλαια
1055 2046 1115 2104 τοῦ

103 2143 248 2227 ἀγῶνος,
274 2141 329 2210 καὶ
355 2142 438 2230 ὑπὲρ
466 2139 514 2210 ὧν
541 2144 748 2229 ὀμωμοκότες
774 2151 879 2210 οἴσετε
906 2144 968 2226 τήν
990 2152 1116 2228 ψῆφον,
1125 2161 1194 2213 1085

104 2250 224 2335 σχεδόν
246 2273 278 2315 τι
299 2245 389 2315 ταῦτ’
416 2251 515 2315 ἐστιν.
552 2252 610 2314 καί
634 2272 691 2332 μοι
718 2248 810 2314 κάλει
837 2249 917 2326 τούς
937 2271 972 2313 τε
994 2248 1116 2333 μάρτυ-

103 2378 164 2441 ρας
186 2351 281 2441 δευρὶ
302 2352 357 2420 καὶ
379 2357 438 2421 τὸν
460 2357 567 2438 νόμον
590 2352 828 2438 ἀναγίγνωσκε.

425 2546 626 2601 ΜΔΡΤΤΡΕΣ.
662 2545 799 2599 ΝΟΜΟΣ.

69 2689 92 2730 1⁶
176 2673 224 2738 Τά
246 2668 307 2757 μέν
328 2673 445 2737 τοίνυν
466 2668 542 2756 περὶ
560 2672 597 2736 τὸ
615 2668 712 2755 γένος
734 2672 772 2735 τό
794 2691 829 2736 τε
851 2670 979 2736 τούτων
1000 2671 1056 2739 καὶ
1077 2674 1115 2740 τὸ

104 2776 262 2862 ἡμέτερον
291 2777 396 2854 οὕτως
424 2778 491 2862 ἐχει
520 2771 546 2840 ὦ
575 2777 696 2863 ἄνδρες
726 2777 893 2862 δικασταί,
928 2779 1009 2844 ὥστε
1039 2781 1116 2856 τοὺς

105 2882 343 2968 ἐπιδεδειχότας
366 2881 399 2960 ἐξ
423 2882 532 2947 αὐτῶν
559 2890 627 2946 τῶν
654 2893 845 2968 μαρτυριῶν
872 2882 917 2960 ὡς
939 2882 1003 2949 είσλ
1026 2882 1115 2967 γένει

104 2987 268 3073 ἐγγυτέρω
290 2989 448 3074 προσήκει
470 2992 690 3073 κληρονομεῖν
696 3035 707 3070 ,
734 2985 789 3053 καὶ
811 2989 855 3071 μή
878 2989 940 3073 τήν
962 2998 1022 3055 τοῦ
1044 2990 1116 3054 δια·

105 3097 374 3180 μαρτυρήσαντος
391 3092 555 3161 ἀπόνοιαν
573 3095 709 3179 κρείττω
727 3103 794 3158 τῶν
812 3091 980 3178 ὑμετέρων
1002 3097 1116 3178 νόμων

105 3199 271 3284 γενέσθαι.
311 3197 366 3265 καὶ
388 3198 451 3285 γάρ
474 3199 506 3264 εί
526 3206 565 3284 τή
587 3201 719 3283 ποιήσει
745 3201 984 3285 ίσχυρίζονται,
1005 3200 1049 3283 ἣν
1072 3201 1117 3277 ὡς

106 3305 233 3390 ἐγένετο
256 3305 349 3390 ἡμεῖς
371 3303 534 3390 δείξομεν,
555 3306 820 3388 τετελευτηκότος
838 3328 875 3389 γε
893 3315 954 3372 τοῦ
972 3306 1116 3391 είσποιη-

105 3411 223 3489 θέντος
250 3412 358 3495 δήπου
386 3412 524 3488 άπαιδος
550 3409 605 3476 καὶ
632 3420 693 3477 τοῦ
720 3416 813 3476 οίκου
840 3408 935 3497 μέχρι
961 3419 1018 3494 τῆς
1039 3409 1117 3494 ήμε-

17 3605 19 3612 J
106 3515 198 3605 τέρας
227 3514 349 3601 λήξεως
378 3513 650 3601 ἐξηρημωμένου,
684 3526 753 3593 πῶς
783 3515 823 3581 οὐ
852 3519 1010 3601 προσήκει
1039 3516 1117 3592 τοὺς
