2658 3914
189 221 254 286 184
512 223 558 276 m.
585 211 865 274 ΔΗΜοεοοαουε
907 264 909 268 .

187 379 243 447 καλ
266 383 407 449 δοκοῦσί
425 403 482 466 μοι
503 383 626 459 παντὸς
643 377 897 466 διημαρτηκέναι
917 385 979 446 τοῦ
995 378 1195 464 πράγματος,

187 485 243 553 καὶ
274 489 419 571 νομίζειν
451 484 527 572 ούχί
556 496 626 563 τοίς
660 495 815 552 ποιοῦσιν
846 484 868 550 δ
900 486 955 551 δεῖ
982 485 1080 572 χάριν
1109 483 1195 569 ὑμᾶς
1303 519 1304 584 χ

188 596 287 679 ἔχειν,
304 591 388 657 ἀλλά
402 599 470 668 τοῖς
483 589 681 675 φάσκουσιν,
700 591 741 656 ού
758 592 818 656 τὸν
835 589 939 656 αὑτὸν
956 593 1080 677 τρόπον
1093 589 1195 674 ἐγνω-
1303 589 1304 654 ῗ

187 701 280 774 κότες
302 697 402 784 ὅνπερ
427 695 490 779 ἐγὼ
513 695 588 777 περί
611 695 714 780 ὑμῶν.
749 692 805 762 καὶ
831 692 901 761 κατ’
928 695 1008 762 αὑτὸ
1032 697 1193 780 δήτοῦτο

189 805 323 881 δικαίως
351 802 393 868 διν
423 799 519 889 ἔχοιτ’
553 799 795 888 εὐνοϊκωτέρως
827 801 913 887 ἐμοί·
942 804 1102 886 φαίνομαι
1132 802 1194 887 γὰρ

162 912 339 993 εβελτίους
364 907 449 992 ὑμᾶς
473 907 719 992 ὑπολαμβάνω
744 907 765 992 ή
793 902 893 974 οὑτοι
934 915 1018 993 χρήν
1044 902 1105 991 μὲν
1133 902 1196 973 οὑν

189 1010 215 1080 ὦ
234 1016 353 1100 ἀνδρες
367 1011 540 1098 Ἀθηναῖοι
557 1010 613 1079 καὶ
631 1014 760 1079 δίκαιον
778 1008 832 1098 ήν,
854 1015 932 1089 τοὺς
953 1013 1013 1078 τὸν
1031 1010 1197 1098 στέφανον

188 1118 369 1206 οἰομένους,
384 1122 457 1186 δείν’
478 1115 556 1204 παρ’
580 1119 675 1203 ὑμῶν
698 1122 829 1204 λαβεῖν,
851 1118 972 1196 αὑτοὺς
992 1116 1104 1198 ἀξίους
1127 1117 1269 1192 &sn-1229
1304 1169 1305 1208 3

189 1227 361 1293 δεικνύναι
391 1226 528 1309 τούτου,
564 1226 608 1309 μή
633 1221 686 1309 ’μέ
712 1235 818 1301 κακῶς
850 1223 967 1308 λέγειν.
1012 1223 1125 1308 ἐπειδή
1159 1221 1197 1291 δὲ

189 1343 286 1399 τοῦτο
308 1329 465 1417 παρέντες
488 1329 595 1398 ἐκεῖνο
613 1340 780 1415 ποιοῦσιν,
802 1326 958 1416 ἀμφότερ’
985 1329 1105 1407 αὑτοὺς
1128 1329 1197 1397 έπι-

190 1437 286 1517 δείξω
310 1433 548 1520 ψευδομένους,
570 1436 592 1501 δι’
612 1432 650 1501 θ’
676 1435 797 1513 αὑτοὺς
818 1435 1041 1521 ἐνεκωμίασαν
1063 1432 1119 1501 καὶ
1142 1433 1193 1501 ὄσ’

189 1546 237 1621 είς
257 1544 343 1627 ἡμᾶς
366 1540 639 1626 ἐβλασφήμησαν,
666 1541 700 1620 ἐξ
728 1541 838 1608 αὐτῶν
864 1553 931 1608 τῶν
956 1540 1196 1626 πεπραγμένων
1305 1609 1306 1622 2

191 1645 364 1732 ἑκατέροις.
1305 1633 1306 1656 ³

163 1774 177 1814 ι
263 1754 423 1837 Ψήφισμα
444 1753 508 1836 γὰρ
534 1751 629 1836 ὑμῶν
655 1751 902 1837 ποιησαμένων,
927 1752 966 1830 ,δς
991 1751 1034 1820 ἀν
1060 1753 1105 1840 μή
1131 1757 1197 1841 πρὸ

190 1866 247 1942 τής
268 1857 345 1942 ἔνης
366 1855 421 1943 καλ
442 1855 520 1935 νέας
542 1855 595 1923 ἐπὶ
612 1868 705 1944 χῶμα
722 1859 784 1944 τήν
801 1867 888 1925 ναῦν
909 1863 1122 1947 περιορμίσῃ,
1140 1861 1198 1945 δή·

190 1947 323 2030 σαιῖκαλ
346 1965 543 2052 δικαστηρίῳ
570 1964 778 2050 παραδοῦναι
785 2013 795 2048 ,
822 1960 878 2030 καὶ
904 1974 1005 2031 ταῦτα
1027 1966 1197 2052 κυρωσάν-

190 2093 273 2155 των,
304 2068 368 2154 ἐχδι
400 2065 461 2154 μὲν
491 2070 695 2155 περιώρμισα
725 2065 781 2135 καὶ
812 2067 977 2155 στέφανον
1008 2071 1065 2138 διά
1095 2081 1198 2138 ταῦτα

189 2172 271 2268 παρ’Ι
291 2175 387 2260 ὑμῶν
409 2178 545 2260 ἔλαβον,
572 2171 665 2242 οὑτοι
693 2169 723 2241 δ’
750 2169 830 2242 ούδδ
851 2179 1091 2262 καθείλκυσαν,
1117 2173 1195 2246 ὥστ’
1306 2219 1307 2240 ι

191 2285 301 2370 ἔνοχοι
329 2283 438 2370 δεσμῷ
469 2285 656 2366 γεγόνασιν.
700 2291 770 2359 πῶς
799 2275 863 2348 οὑν
895 2281 957 2348 οὑκ
988 2280 1198 2350 ἀτοπώτατον

191 2388 233 2454 ἀν
255 2386 487 2475 διαπράξαισθ’
514 2383 629 2473 ἔργον,
651 2388 683 2453 εί
703 2390 781 2464 τοὺς
802 2383 880 2453 καθ’
906 2387 1017 2454 αὑτῶν
1040 2388 1196 2468 ἐάσαντας

191 2497 313 2578 τίμημα
344 2481 497 2561 τοιοῦτον
531 2493 732 2580 ἐπαχθῆναι,
763 2494 901 2571 τούτους
932 2495 1199 2579 στεφανώσαντες

164 2599 284 2684 ιὺμεῑς
310 2602 504 2683 φαίνοισθε;
531 2600 570 2665 τὰ
598 2599 698 2684 σκεύη
725 2602 853 2684 τοίνυν,
879 2599 941 2665 ὅσα
968 2600 1022 2666 δεῖ
1044 2598 1199 2687 παρέχειν

191 2705 252 2788 τήν
280 2706 378 2770 πόλιν
406 2716 476 2782 τοῖς
504 2704 730 2791 τριηράρχοις,
759 2703 823 2789 ἐγὼ
853 2699 914 2789 μέν
941 2704 978 2771 ἐκ
1005 2716 1072 2771 τῶν
1103 2708 1198 2773 ἰδίων

192 2809 346 2893 ἀνήλωσα
374 2809 429 2875 καὶ
458 2821 525 2876 τῶν
555 2812 724 2895 δημοσίων
753 2812 875 2895 ἔλαβον
897 2807 1016 2895 οὐδέν,
1045 2805 1139 2878 οὑτοι
1161 2810 1195 2878 δ’

192 2913 361 2999 ὑμετέροις
377 2913 551 3001 κέχρηνται
568 2914 624 2981 καὶ
644 2927 711 2980 τῶν
729 2913 897 3002 σφετέρων
914 2910 1015 2982 οὐδέν
1033 2917 1081 2995 είς
1097 2928 1199 2985 ταῦτα

191 3031 392 3107 προεῖνται·Ἰ
410 3020 465 3087 καὶ
492 3022 559 3106 μήν
586 3018 657 3088 οὐδ’
685 3020 727 3088 ἀν
754 3021 861 3088 ἐκεῖνό
887 3018 919 3105 χ’
949 3011 1057 3107 ἐχοιεν
1084 3025 1200 3109 εἰπεῖν,

193 3127 238 3203 ὡς
255 3123 463 3212 ἀνεπειρῶντ’
487 3125 568 3211 ἐμοῦ
590 3130 758 3212 πρότεροι·
781 3123 860 3212 πρὶν
882 3128 945 3212 γὰρ
968 3123 1077 3212 ήφθαι
1094 3131 1200 3214 μόνον

192 3241 249 3316 τῆς
280 3233 435 3318 τριήρους
465 3232 604 3309 τούτους
640 3231 851 3318 ἐπεπλήρωτό
887 3257 959 3318 μοι,
996 3232 1052 3300 καί
1081 3236 1200 3314 πάντες

168 3334 317 3422 οὲωρᾶθ
350 3338 445 3422 ὑμεῖς
477 3335 749 3422 ἀναπειρωμένην
782 3340 843 3422 τήν
871 3350 967 3406 ναῦν.
1009 3342 1057 3406 ἐτι
1085 3341 1200 3408 τοίκὺυ

195 3443 378 3529 ὑπηρεσίαν
391 3444 452 3527 τήν
465 3446 640 3529 κρατίστην
654 3445 786 3527 ἔλαβον,
803 3448 914 3533 πολλῷ
932 3450 1087 3511 πλεῖστον
1100 3445 1200 3531 ἀρχά

197 3571 272 3628 ριον
295 3548 383 3625 δούς.
420 3543 513 3614 οὑτοι
536 3544 566 3613 δ’
589 3550 621 3613 εί
641 3543 702 3633 μὲν
724 3543 815 3634 εἶχον
832 3547 953 3636 χείρον’
974 3548 1079 3636 ήμῶν,
1101 3547 1201 3618 οὐδὲν
