<?xml version="1.0" encoding="UTF-8"?>
<!DOCTYPE html PUBLIC "-//W3C//DTD XHTML 1.0 Transitional//EN"
    "http://www.w3.org/TR/xhtml1/DTD/xhtml1-transitional.dtd">
<html xmlns="http://www.w3.org/1999/xhtml" xml:lang="en" lang="en">
 <head>
  <title>
</title>
<meta http-equiv="Content-Type" content="text/html;charset=utf-8" />
  <meta name='ocr-system' content='tesseract 3.04.00' />
  <meta name='ocr-capabilities' content='ocr_page ocr_carea ocr_par ocr_line ocrx_word'/>
</head>
<body>
  <div class='ocr_page' id='page_1' title='image "./orationes01demogoog_0222.png"; bbox 0 0 2658 3914; ppageno 0'>
   <div class='ocr_carea' id='block_1_1' title="bbox 441 164 1157 230">
    <p class='ocr_par' dir='ltr' id='par_1_1' title="bbox 441 164 1157 230">
     <span class='ocr_line' id='line_1_1' title="bbox 441 164 1157 230; baseline 0.014 -9"><span class='ocrx_word' id='word_1_1' title='bbox 441 170 537 222; x_wconf 72' lang='lat' dir='ltr'><strong><em>xm</em></strong></span> <span class='ocrx_word' id='word_1_2' title='bbox 555 168 860 223; x_wconf 71' lang='grc' dir='ltr'><strong><em>οετιιωιοεωεοτ.</em></strong></span> <span class='ocrx_word' id='word_1_3' title='bbox 1093 164 1157 230; x_wconf 82' lang='lat'><strong><em>129</em></strong></span> 
     </span>
    </p>
   </div>
   <div class='ocr_carea' id='block_1_2' title="bbox 118 322 1293 1259">
    <p class='ocr_par' dir='ltr' id='par_1_2' title="bbox 118 322 1293 1259">
     <span class='ocr_line' id='line_1_2' title="bbox 118 322 1160 413; baseline 0.001 -23"><span class='ocrx_word' id='word_1_4' title='bbox 118 347 133 390; x_wconf 86' lang='grc' dir='ltr'><strong><em>ε</em></strong></span> <span class='ocrx_word' id='word_1_5' title='bbox 150 329 257 413; x_wconf 91' lang='grc' dir='ltr'><strong><em>δίκην.</em></strong></span> <span class='ocrx_word' id='word_1_6' title='bbox 294 325 410 413; x_wconf 89' lang='grc' dir='ltr'><strong><em>δέομαι</em></strong></span> <span class='ocrx_word' id='word_1_7' title='bbox 428 322 490 394; x_wconf 78' lang='grc' dir='ltr'><strong><em>οὖν</em></strong></span> <span class='ocrx_word' id='word_1_8' title='bbox 511 327 606 413; x_wconf 84' lang='grc' dir='ltr'><strong><em>ὑμῶν</em></strong></span> <span class='ocrx_word' id='word_1_9' title='bbox 624 322 652 392; x_wconf 79' lang='grc' dir='ltr'><strong>ὦ</strong></span> <span class='ocrx_word' id='word_1_10' title='bbox 669 329 789 413; x_wconf 77' lang='grc' dir='ltr'><strong><em>ἄνδρες</em></strong></span> <span class='ocrx_word' id='word_1_11' title='bbox 811 329 973 412; x_wconf 88' lang='grc' dir='ltr'><strong><em>δικασταί,</em></strong></span> <span class='ocrx_word' id='word_1_12' title='bbox 996 325 1160 392; x_wconf 90' lang='grc' dir='ltr'><strong><em>ἀκούσαν-</em></strong></span> 
     </span>
     <span class='ocr_line' id='line_1_3' title="bbox 146 425 1293 520; baseline -0.003 -20"><span class='ocrx_word' id='word_1_13' title='bbox 146 457 205 512; x_wconf 88' lang='grc' dir='ltr'><strong><em>τας</em></strong></span> <span class='ocrx_word' id='word_1_14' title='bbox 228 432 423 520; x_wconf 79' lang='grc' dir='ltr'><em>ἀμφοτέρων</em></span> <span class='ocrx_word' id='word_1_15' title='bbox 441 432 608 519; x_wconf 76' lang='grc' dir='ltr'><strong><em>ἡμῶνκαὶ</em></strong></span> <span class='ocrx_word' id='word_1_16' title='bbox 631 433 752 512; x_wconf 84' lang='grc' dir='ltr'><strong><em>αὐτοὺς</em></strong></span> <span class='ocrx_word' id='word_1_17' title='bbox 775 433 973 518; x_wconf 78' lang='grc' dir='ltr'><strong><em>δοκιμαστὰς</em></strong></span> <span class='ocrx_word' id='word_1_18' title='bbox 994 441 1055 499; x_wconf 84' lang='grc' dir='ltr'><strong><em>τοῦ</em></strong></span> <span class='ocrx_word' id='word_1_19' title='bbox 1077 430 1160 518; x_wconf 84' lang='grc' dir='ltr'><strong><em>πρύ-</em></strong></span> <span class='ocrx_word' id='word_1_20' title='bbox 1291 425 1293 432; x_wconf 68' lang='grc'><strong>’</strong></span> 
     </span>
     <span class='ocr_line' id='line_1_4' title="bbox 148 536 1161 626; baseline -0.002 -21"><span class='ocrx_word' id='word_1_21' title='bbox 148 561 271 623; x_wconf 90' lang='grc' dir='ltr'><strong><em>γματος</em></strong></span> <span class='ocrx_word' id='word_1_22' title='bbox 286 539 496 626; x_wconf 87' lang='grc' dir='ltr'><strong><em>γενομένους,</em></strong></span> <span class='ocrx_word' id='word_1_23' title='bbox 516 540 655 625; x_wconf 81' lang='grc' dir='ltr'><strong><em>μάλιστα</em></strong></span> <span class='ocrx_word' id='word_1_24' title='bbox 674 536 735 625; x_wconf 67' lang='grc' dir='ltr'><strong><em>μὲν</em></strong></span> <span class='ocrx_word' id='word_1_25' title='bbox 756 538 993 619; x_wconf 74' lang='grc' dir='ltr'><strong><em>διαλλάξαντας</em></strong></span> <span class='ocrx_word' id='word_1_26' title='bbox 1015 537 1161 623; x_wconf 87' lang='grc' dir='ltr'><strong><em>ἀποπέμ·</em></strong></span> 
     </span>
     <span class='ocr_line' id='line_1_5' title="bbox 148 641 1160 732; baseline -0.001 -22"><span class='ocrx_word' id='word_1_27' title='bbox 148 655 210 724; x_wconf 80' lang='grc' dir='ltr'><strong><em>ψαι</em></strong></span> <span class='ocrx_word' id='word_1_28' title='bbox 241 643 297 711; x_wconf 81' lang='grc' dir='ltr'><strong><em>καὶ</em></strong></span> <span class='ocrx_word' id='word_1_29' title='bbox 328 644 499 732; x_wconf 78' lang='grc' dir='ltr'><strong><em>εὐεργέτας</em></strong></span> <span class='ocrx_word' id='word_1_30' title='bbox 529 645 624 730; x_wconf 78' lang='grc' dir='ltr'><strong><em>ἡμῶν</em></strong></span> <span class='ocrx_word' id='word_1_31' title='bbox 655 643 852 732; x_wconf 85' lang='grc' dir='ltr'><strong><em>ἀμφοτέρων</em></strong></span> <span class='ocrx_word' id='word_1_32' title='bbox 880 645 965 730; x_wconf 85' lang='grc' dir='ltr'><strong><em>ὑμᾶς</em></strong></span> <span class='ocrx_word' id='word_1_33' title='bbox 991 641 1160 727; x_wconf 81' lang='grc' dir='ltr'><strong><em>γενέσθαι,</em></strong></span> 
     </span>
     <span class='ocr_line' id='line_1_6' title="bbox 149 747 1238 838; baseline -0.005 -23"><span class='ocrx_word' id='word_1_34' title='bbox 149 748 208 815; x_wconf 83' lang='grc' dir='ltr'><strong><em>ἐδιν</em></strong></span> <span class='ocrx_word' id='word_1_35' title='bbox 231 747 263 816; x_wconf 85' lang='grc' dir='ltr'><strong><em>δ’</em></strong></span> <span class='ocrx_word' id='word_1_36' title='bbox 295 751 360 838; x_wconf 84' lang='grc' dir='ltr'><strong><em>ἀρα</em></strong></span> <span class='ocrx_word' id='word_1_37' title='bbox 386 752 431 836; x_wconf 79' lang='grc' dir='ltr'><strong><em>μὴ</em></strong></span> <span class='ocrx_word' id='word_1_38' title='bbox 459 750 693 837; x_wconf 74' lang='grc' dir='ltr'><strong><em>ἐπιτυγχάνητε</em></strong></span> <span class='ocrx_word' id='word_1_39' title='bbox 715 752 855 835; x_wconf 88' lang='grc' dir='ltr'><strong><em>τούτου,</em></strong></span> <span class='ocrx_word' id='word_1_40' title='bbox 878 748 1004 816; x_wconf 80' lang='grc' dir='ltr'><strong><em>ἐκτῶν</em></strong></span> <span class='ocrx_word' id='word_1_41' title='bbox 1025 750 1238 818; x_wconf 79' lang='grc' dir='ltr'><strong><em>ὑπολοί-ιιοε</em></strong></span> 
     </span>
     <span class='ocr_line' id='line_1_7' title="bbox 148 855 1161 945; baseline -0.001 -23"><span class='ocrx_word' id='word_1_42' title='bbox 148 878 222 922; x_wconf 88' lang='grc' dir='ltr'><strong><em>πων</em></strong></span> <span class='ocrx_word' id='word_1_43' title='bbox 248 865 293 945; x_wconf 71' lang='grc' dir='ltr'><strong><em>τῷ</em></strong></span> <span class='ocrx_word' id='word_1_44' title='bbox 325 857 366 923; x_wconf 85' lang='grc' dir='ltr'><strong><em>τά</em></strong></span> <span class='ocrx_word' id='word_1_45' title='bbox 397 857 508 923; x_wconf 88' lang='grc' dir='ltr'><strong><em>δίκαια</em></strong></span> <span class='ocrx_word' id='word_1_46' title='bbox 539 855 687 939; x_wconf 88' lang='grc' dir='ltr'><strong><em>λέγοντι,</em></strong></span> <span class='ocrx_word' id='word_1_47' title='bbox 715 857 821 944; x_wconf 79' lang='grc' dir='ltr'><strong><em>τούτω</em></strong></span> <span class='ocrx_word' id='word_1_48' title='bbox 848 856 910 940; x_wconf 76' lang='grc' dir='ltr'><strong><em>τὴν</em></strong></span> <span class='ocrx_word' id='word_1_49' title='bbox 935 864 1049 941; x_wconf 76' lang='grc' dir='ltr'><strong><em>νηφον</em></strong></span> <span class='ocrx_word' id='word_1_50' title='bbox 1076 855 1161 940; x_wconf 84' lang='grc' dir='ltr'><strong><em>ὑμᾶς</em></strong></span> 
     </span>
     <span class='ocr_line' id='line_1_8' title="bbox 149 955 1162 1049; baseline -0.002 -21"><span class='ocrx_word' id='word_1_51' title='bbox 149 959 371 1047; x_wconf 72' lang='grc' dir='ltr'><strong><em>προσθέσθαι.</em></strong></span> <span class='ocrx_word' id='word_1_52' title='bbox 406 973 540 1049; x_wconf 82' lang='grc' dir='ltr'><strong><em>πρῶτον</em></strong></span> <span class='ocrx_word' id='word_1_53' title='bbox 563 956 625 1046; x_wconf 72' lang='grc' dir='ltr'><strong><em>μέν</em></strong></span> <span class='ocrx_word' id='word_1_54' title='bbox 643 955 706 1027; x_wconf 81' lang='grc' dir='ltr'><strong><em>οὖν</em></strong></span> <span class='ocrx_word' id='word_1_55' title='bbox 724 964 903 1046; x_wconf 73' lang='grc' dir='ltr'><strong><em>μαρτυρίας</em></strong></span> <span class='ocrx_word' id='word_1_56' title='bbox 925 959 1162 1045; x_wconf 77' lang='grc' dir='ltr'><strong><em>ἀναγνώσεται,</em></strong></span> 
     </span>
     <span class='ocr_line' id='line_1_9' title="bbox 150 1064 1161 1153; baseline 0.001 -21"><span class='ocrx_word' id='word_1_57' title='bbox 150 1067 202 1133; x_wconf 83' lang='grc' dir='ltr'><strong><em>ότι</em></strong></span> <span class='ocrx_word' id='word_1_58' title='bbox 225 1068 286 1134; x_wconf 84' lang='grc' dir='ltr'><strong><em>οὐκ</em></strong></span> <span class='ocrx_word' id='word_1_59' title='bbox 309 1067 374 1153; x_wconf 83' lang='grc' dir='ltr'><strong><em>ἐγὼ</em></strong></span> <span class='ocrx_word' id='word_1_60' title='bbox 397 1070 502 1146; x_wconf 87' lang='grc' dir='ltr'><strong><em>αίτιός</em></strong></span> <span class='ocrx_word' id='word_1_61' title='bbox 523 1069 591 1152; x_wconf 89' lang='grc' dir='ltr'><strong><em>είμι</em></strong></span> <span class='ocrx_word' id='word_1_62' title='bbox 617 1077 678 1133; x_wconf 83' lang='grc' dir='ltr'><strong><em>τοῦ</em></strong></span> <span class='ocrx_word' id='word_1_63' title='bbox 700 1069 748 1144; x_wconf 85' lang='grc' dir='ltr'><strong><em>είς</em></strong></span> <span class='ocrx_word' id='word_1_64' title='bbox 769 1069 807 1133; x_wconf 87' lang='grc' dir='ltr'><strong><em>τὸ</em></strong></span> <span class='ocrx_word' id='word_1_65' title='bbox 831 1068 1042 1152; x_wconf 79' lang='grc' dir='ltr'><strong><em>δικαστήριον</em></strong></span> <span class='ocrx_word' id='word_1_66' title='bbox 1064 1064 1161 1134; x_wconf 85' lang='grc' dir='ltr'><strong><em>είσιέ-</em></strong></span> 
     </span>
     <span class='ocr_line' id='line_1_10' title="bbox 151 1169 975 1259; baseline -0.002 -20"><span class='ocrx_word' id='word_1_67' title='bbox 151 1197 224 1258; x_wconf 88' lang='grc' dir='ltr'><strong><em>ναι,</em></strong></span> <span class='ocrx_word' id='word_1_68' title='bbox 247 1170 319 1241; x_wconf 85' lang='grc' dir='ltr'><strong><em>ἀλλ’</em></strong></span> <span class='ocrx_word' id='word_1_69' title='bbox 347 1169 445 1252; x_wconf 82' lang='grc' dir='ltr'><strong><em>οὗτος</em></strong></span> <span class='ocrx_word' id='word_1_70' title='bbox 467 1173 574 1251; x_wconf 91' lang='grc' dir='ltr'><strong><em>αύτός.</em></strong></span> <span class='ocrx_word' id='word_1_71' title='bbox 611 1169 685 1257; x_wconf 91' lang='grc' dir='ltr'><strong><em>λέγε</em></strong></span> <span class='ocrx_word' id='word_1_72' title='bbox 707 1172 765 1251; x_wconf 78' lang='grc' dir='ltr'><strong><em>τὰς</em></strong></span> <span class='ocrx_word' id='word_1_73' title='bbox 787 1175 975 1259; x_wconf 90' lang='grc' dir='ltr'><strong><em>μαρτυρίας.</em></strong></span> 
     </span>
    </p>
   </div>
   <div class='ocr_carea' id='block_1_3' title="bbox 547 1365 752 1418">
    <p class='ocr_par' dir='ltr' id='par_1_3' title="bbox 547 1365 752 1418">
     <span class='ocr_line' id='line_1_11' title="bbox 547 1365 752 1418; baseline 0 0"><span class='ocrx_word' id='word_1_74' title='bbox 547 1365 752 1418; x_wconf 66' lang='lat' dir='ltr'><strong><em>mmm</em></strong></span> 
     </span>
    </p>
   </div>
   <div class='ocr_carea' id='block_1_4' title="bbox 119 1485 1233 3582">
    <p class='ocr_par' dir='ltr' id='par_1_4' title="bbox 121 1485 1233 2000">
     <span class='ocr_line' id='line_1_12' title="bbox 121 1485 1161 1576; baseline -0.001 -22"><span class='ocrx_word' id='word_1_75' title='bbox 121 1513 137 1554; x_wconf 79' lang='grc' dir='ltr'><strong><em>ι</em></strong></span> <span class='ocrx_word' id='word_1_76' title='bbox 208 1487 281 1556; x_wconf 88' lang='grc' dir='ltr'><strong><em>Ὀτι</em></strong></span> <span class='ocrx_word' id='word_1_77' title='bbox 311 1487 372 1576; x_wconf 72' lang='grc' dir='ltr'><strong><em>μὲν</em></strong></span> <span class='ocrx_word' id='word_1_78' title='bbox 404 1485 466 1558; x_wconf 84' lang='grc' dir='ltr'><strong><em>οὖν</em></strong></span> <span class='ocrx_word' id='word_1_79' title='bbox 493 1485 520 1556; x_wconf 81' lang='grc' dir='ltr'><strong>ὦ</strong></span> <span class='ocrx_word' id='word_1_80' title='bbox 546 1491 667 1576; x_wconf 84' lang='grc' dir='ltr'><strong><em>ἀνδρες</em></strong></span> <span class='ocrx_word' id='word_1_81' title='bbox 698 1487 849 1556; x_wconf 80' lang='grc' dir='ltr'><strong><em>δικασταί</em></strong></span> <span class='ocrx_word' id='word_1_82' title='bbox 875 1487 931 1556; x_wconf 83' lang='grc' dir='ltr'><strong><em>καὶ</em></strong></span> <span class='ocrx_word' id='word_1_83' title='bbox 961 1486 1075 1575; x_wconf 84' lang='grc' dir='ltr'><strong><em>μέτρια</em></strong></span> <span class='ocrx_word' id='word_1_84' title='bbox 1105 1485 1161 1554; x_wconf 83' lang='grc' dir='ltr'><strong><em>καὶ</em></strong></span> 
     </span>
     <span class='ocr_line' id='line_1_13' title="bbox 149 1593 1161 1684; baseline -0.002 -22"><span class='ocrx_word' id='word_1_85' title='bbox 149 1598 358 1682; x_wconf 75' lang='grc' dir='ltr'><strong><em>προσήκοντα</em></strong></span> <span class='ocrx_word' id='word_1_86' title='bbox 380 1596 637 1684; x_wconf 82' lang='grc' dir='ltr'><strong><em>προύκαλούμην</em></strong></span> <span class='ocrx_word' id='word_1_87' title='bbox 656 1593 939 1681; x_wconf 79' lang='grc' dir='ltr'><strong><em>Ὀλυμπιόδωρον,</em></strong></span> <span class='ocrx_word' id='word_1_88' title='bbox 957 1595 1161 1680; x_wconf 85' lang='grc' dir='ltr'><strong><em>μεμαρτύρη·</em></strong></span> 
     </span>
     <span class='ocr_line' id='line_1_14' title="bbox 149 1696 1160 1790; baseline 0.001 -23"><span class='ocrx_word' id='word_1_89' title='bbox 149 1725 204 1767; x_wconf 89' lang='grc' dir='ltr'><strong><em>ται</em></strong></span> <span class='ocrx_word' id='word_1_90' title='bbox 230 1701 294 1770; x_wconf 82' lang='grc' dir='ltr'><strong><em>ὑπὸ</em></strong></span> <span class='ocrx_word' id='word_1_91' title='bbox 320 1714 386 1769; x_wconf 82' lang='grc' dir='ltr'><strong><em>τῶν</em></strong></span> <span class='ocrx_word' id='word_1_92' title='bbox 412 1701 700 1790; x_wconf 82' lang='grc' dir='ltr'><strong><em>παραγενομένων.</em></strong></span> <span class='ocrx_word' id='word_1_93' title='bbox 743 1701 805 1768; x_wconf 83' lang='grc' dir='ltr'><strong><em>οὐκ</em></strong></span> <span class='ocrx_word' id='word_1_94' title='bbox 828 1699 1004 1777; x_wconf 74' lang='grc' dir='ltr'><strong><em>ἐθέλοντος</em></strong></span> <span class='ocrx_word' id='word_1_95' title='bbox 1026 1696 1064 1770; x_wconf 77' lang='grc' dir='ltr'><strong><em>δέ</em></strong></span> <span class='ocrx_word' id='word_1_96' title='bbox 1084 1701 1160 1768; x_wconf 85' lang='grc' dir='ltr'><strong><em>τού·</em></strong></span> 
     </span>
     <span class='ocr_line' id='line_1_15' title="bbox 150 1799 1160 1892; baseline -0.002 -18"><span class='ocrx_word' id='word_1_97' title='bbox 150 1831 210 1874; x_wconf 91' lang='grc' dir='ltr'><strong><em>του</em></strong></span> <span class='ocrx_word' id='word_1_98' title='bbox 239 1804 311 1874; x_wconf 86' lang='grc' dir='ltr'><strong><em>οὐδ’</em></strong></span> <span class='ocrx_word' id='word_1_99' title='bbox 344 1799 457 1876; x_wconf 80' lang='grc' dir='ltr'><strong><em>ὁτιοῦν</em></strong></span> <span class='ocrx_word' id='word_1_100' title='bbox 483 1820 593 1875; x_wconf 74' lang='grc' dir='ltr'><strong><em>ποιεῖν</em></strong></span> <span class='ocrx_word' id='word_1_101' title='bbox 619 1819 686 1874; x_wconf 84' lang='grc' dir='ltr'><strong><em>τῶν</em></strong></span> <span class='ocrx_word' id='word_1_102' title='bbox 710 1809 866 1892; x_wconf 88' lang='grc' dir='ltr'><strong><em>δικαίων,</em></strong></span> <span class='ocrx_word' id='word_1_103' title='bbox 889 1804 1068 1890; x_wconf 74' lang='grc' dir='ltr'><strong><em>ἀναγκαῖόν</em></strong></span> <span class='ocrx_word' id='word_1_104' title='bbox 1091 1805 1160 1872; x_wconf 89' lang='grc' dir='ltr'><strong><em>ἐστι</em></strong></span> 
     </span>
     <span class='ocr_line' id='line_1_16' title="bbox 149 1908 1233 2000; baseline -0.001 -21"><span class='ocrx_word' id='word_1_105' title='bbox 149 1915 232 2000; x_wconf 82' lang='grc' dir='ltr'><strong><em>πρὸς</em></strong></span> <span class='ocrx_word' id='word_1_106' title='bbox 252 1913 339 1998; x_wconf 82' lang='grc' dir='ltr'><strong><em>ὑμᾶς</em></strong></span> <span class='ocrx_word' id='word_1_107' title='bbox 356 1911 464 1997; x_wconf 89' lang='grc' dir='ltr'><strong><em>λέγειν</em></strong></span> <span class='ocrx_word' id='word_1_108' title='bbox 486 1912 562 2000; x_wconf 82' lang='grc' dir='ltr'><strong><em>περὶ</em></strong></span> <span class='ocrx_word' id='word_1_109' title='bbox 584 1908 632 1979; x_wconf 83' lang='grc' dir='ltr'><strong><em>ὧν</em></strong></span> <span class='ocrx_word' id='word_1_110' title='bbox 652 1913 831 1999; x_wconf 78' lang='grc' dir='ltr'><strong><em>ἀδικοῦμαι</em></strong></span> <span class='ocrx_word' id='word_1_111' title='bbox 853 1913 919 1980; x_wconf 81' lang='grc' dir='ltr'><strong><em>ὑπὸ</em></strong></span> <span class='ocrx_word' id='word_1_112' title='bbox 938 1909 1161 1997; x_wconf 80' lang='grc' dir='ltr'><strong><em>Ὀλυμπιοδύ-</em></strong></span> <span class='ocrx_word' id='word_1_113' title='bbox 1229 1975 1233 1984; x_wconf 86' lang='grc'><strong><em>,</em></strong></span> 
     </span>
    </p>

    <p class='ocr_par' dir='ltr' id='par_1_5' title="bbox 123 2012 1161 2951">
     <span class='ocr_line' id='line_1_17' title="bbox 123 2012 1160 2106; baseline 0.001 -24"><span class='ocrx_word' id='word_1_114' title='bbox 123 2039 225 2105; x_wconf 78' lang='grc' dir='ltr'><strong><em>ερον.</em></strong></span> <span class='ocrx_word' id='word_1_115' title='bbox 262 2021 331 2085; x_wconf 85' lang='grc' dir='ltr'><strong><em>ἐστι</em></strong></span> <span class='ocrx_word' id='word_1_116' title='bbox 350 2015 387 2086; x_wconf 80' lang='grc' dir='ltr'><strong><em>δέ</em></strong></span> <span class='ocrx_word' id='word_1_117' title='bbox 405 2023 529 2106; x_wconf 81' lang='grc' dir='ltr'><strong><em>βραχύς</em></strong></span> <span class='ocrx_word' id='word_1_118' title='bbox 547 2019 566 2086; x_wconf 89' lang='grc' dir='ltr'><strong>ὁ</strong></span> <span class='ocrx_word' id='word_1_119' title='bbox 584 2022 691 2103; x_wconf 87' lang='grc' dir='ltr'><strong><em>λόγος.</em></strong></span> <span class='ocrx_word' id='word_1_120' title='bbox 727 2015 770 2104; x_wconf 74' lang='grc' dir='ltr'><strong><em>ἦν</em></strong></span> <span class='ocrx_word' id='word_1_121' title='bbox 792 2020 855 2105; x_wconf 82' lang='grc' dir='ltr'><strong><em>γὰρ</em></strong></span> <span class='ocrx_word' id='word_1_122' title='bbox 880 2012 905 2083; x_wconf 82' lang='grc' dir='ltr'><strong>ὦ</strong></span> <span class='ocrx_word' id='word_1_123' title='bbox 929 2018 1048 2103; x_wconf 87' lang='grc' dir='ltr'><strong><em>ἀνδρες</em></strong></span> <span class='ocrx_word' id='word_1_124' title='bbox 1069 2019 1160 2083; x_wconf 90' lang='grc' dir='ltr'><strong><em>δικα-</em></strong></span> 
     </span>
     <span class='ocr_line' id='line_1_18' title="bbox 152 2118 1161 2210; baseline -0.001 -20"><span class='ocrx_word' id='word_1_125' title='bbox 152 2121 226 2190; x_wconf 81' lang='grc' dir='ltr'><strong><em>σταὶ</em></strong></span> <span class='ocrx_word' id='word_1_126' title='bbox 253 2126 378 2208; x_wconf 81' lang='grc' dir='ltr'><strong><em>Κόμων</em></strong></span> <span class='ocrx_word' id='word_1_127' title='bbox 402 2121 551 2201; x_wconf 73' lang='grc' dir='ltr'><strong><em>Ἁλαιεὺς</em></strong></span> <span class='ocrx_word' id='word_1_128' title='bbox 579 2127 698 2202; x_wconf 83' lang='grc' dir='ltr'><strong><em>οἰκεῖος</em></strong></span> <span class='ocrx_word' id='word_1_129' title='bbox 724 2123 888 2210; x_wconf 76' lang='grc' dir='ltr'><strong><em>ἡμέτερος.</em></strong></span> <span class='ocrx_word' id='word_1_130' title='bbox 934 2118 1031 2200; x_wconf 86' lang='grc' dir='ltr'><strong><em>οὗτος</em></strong></span> <span class='ocrx_word' id='word_1_131' title='bbox 1053 2122 1072 2189; x_wconf 86' lang='grc' dir='ltr'><strong><em>ό</em></strong></span> <span class='ocrx_word' id='word_1_132' title='bbox 1094 2125 1161 2189; x_wconf 91' lang='grc' dir='ltr'><strong><em>Κό-</em></strong></span> 
     </span>
     <span class='ocr_line' id='line_1_19' title="bbox 151 2227 1161 2315; baseline -0.003 -21"><span class='ocrx_word' id='word_1_133' title='bbox 151 2251 224 2314; x_wconf 90' lang='grc' dir='ltr'><strong><em>μων</em></strong></span> <span class='ocrx_word' id='word_1_134' title='bbox 238 2227 446 2313; x_wconf 75' lang='grc' dir='ltr'><strong><em>ἐτελεύτησεν</em></strong></span> <span class='ocrx_word' id='word_1_135' title='bbox 460 2231 557 2306; x_wconf 85' lang='grc' dir='ltr'><strong><em>ἀπαις</em></strong></span> <span class='ocrx_word' id='word_1_136' title='bbox 570 2229 685 2312; x_wconf 86' lang='grc' dir='ltr'><strong><em>ὀλίγον</em></strong></span> <span class='ocrx_word' id='word_1_137' title='bbox 698 2231 788 2296; x_wconf 78' lang='grc' dir='ltr'><strong><em>πάνυ</em></strong></span> <span class='ocrx_word' id='word_1_138' title='bbox 801 2231 925 2315; x_wconf 84' lang='grc' dir='ltr'><strong><em>χρόνον</em></strong></span> <span class='ocrx_word' id='word_1_139' title='bbox 939 2228 1161 2315; x_wconf 82' lang='grc' dir='ltr'><strong><em>ἀρρωστήσας,</em></strong></span> 
     </span>
     <span class='ocr_line' id='line_1_20' title="bbox 152 2329 1161 2419; baseline -0.001 -19"><span class='ocrx_word' id='word_1_140' title='bbox 152 2332 231 2418; x_wconf 90' lang='grc' dir='ltr'><strong><em>ἐβίω</em></strong></span> <span class='ocrx_word' id='word_1_141' title='bbox 262 2329 299 2398; x_wconf 84' lang='grc' dir='ltr'><strong><em>δέ</em></strong></span> <span class='ocrx_word' id='word_1_142' title='bbox 327 2335 433 2400; x_wconf 80' lang='grc' dir='ltr'><strong><em>πολλὰ</em></strong></span> <span class='ocrx_word' id='word_1_143' title='bbox 459 2337 533 2419; x_wconf 87' lang='grc' dir='ltr'><strong><em>ἐτη,</em></strong></span> <span class='ocrx_word' id='word_1_144' title='bbox 561 2333 617 2400; x_wconf 80' lang='grc' dir='ltr'><strong><em>καί</em></strong></span> <span class='ocrx_word' id='word_1_145' title='bbox 646 2330 688 2419; x_wconf 75' lang='grc' dir='ltr'><strong><em>ἦν</em></strong></span> <span class='ocrx_word' id='word_1_146' title='bbox 714 2335 899 2419; x_wconf 79' lang='grc' dir='ltr'><strong><em>πρεσβύτης</em></strong></span> <span class='ocrx_word' id='word_1_147' title='bbox 917 2329 976 2398; x_wconf 80' lang='grc' dir='ltr'><strong><em>Ιὅτ’</em></strong></span> <span class='ocrx_word' id='word_1_148' title='bbox 1002 2331 1161 2400; x_wconf 88' lang='grc' dir='ltr'><strong><em>ἐτελεύτα.</em></strong></span> 
     </span>
     <span class='ocr_line' id='line_1_21' title="bbox 151 2429 1160 2525; baseline -0.003 -20"><span class='ocrx_word' id='word_1_149' title='bbox 151 2438 207 2505; x_wconf 83' lang='grc' dir='ltr'><strong><em>καλ</em></strong></span> <span class='ocrx_word' id='word_1_150' title='bbox 229 2438 293 2524; x_wconf 82' lang='grc' dir='ltr'><strong><em>ἐγὼ</em></strong></span> <span class='ocrx_word' id='word_1_151' title='bbox 321 2439 434 2524; x_wconf 75' lang='grc' dir='ltr'><strong><em>ἐπειδὴ</em></strong></span> <span class='ocrx_word' id='word_1_152' title='bbox 461 2434 616 2525; x_wconf 76' lang='grc' dir='ltr'><strong><em>ᾐσθόμην</em></strong></span> <span class='ocrx_word' id='word_1_153' title='bbox 643 2438 694 2504; x_wconf 86' lang='grc' dir='ltr'><strong><em>ὅτι</em></strong></span> <span class='ocrx_word' id='word_1_154' title='bbox 717 2437 778 2524; x_wconf 81' lang='grc' dir='ltr'><strong><em>ούγ</em></strong></span> <span class='ocrx_word' id='word_1_155' title='bbox 807 2429 878 2514; x_wconf 88' lang='grc' dir='ltr'><strong><em>οἷός</em></strong></span> <span class='ocrx_word' id='word_1_156' title='bbox 898 2432 927 2501; x_wconf 89' lang='grc' dir='ltr'><strong><em>τ’</em></strong></span> <span class='ocrx_word' id='word_1_157' title='bbox 955 2434 1044 2501; x_wconf 81' lang='grc' dir='ltr'><strong><em>ἐστὶν</em></strong></span> <span class='ocrx_word' id='word_1_158' title='bbox 1070 2457 1160 2524; x_wconf 90' lang='grc' dir='ltr'><strong><em>περι-</em></strong></span> 
     </span>
     <span class='ocr_line' id='line_1_22' title="bbox 150 2541 1161 2632; baseline -0.001 -20"><span class='ocrx_word' id='word_1_159' title='bbox 150 2543 321 2632; x_wconf 86' lang='grc' dir='ltr'><strong><em>γενέσθαι,</em></strong></span> <span class='ocrx_word' id='word_1_160' title='bbox 343 2545 596 2631; x_wconf 79' lang='grc' dir='ltr'><strong><em>μετεπεμψάμην</em></strong></span> <span class='ocrx_word' id='word_1_161' title='bbox 617 2541 751 2611; x_wconf 81' lang='grc' dir='ltr'><strong><em>τουτονὶ</em></strong></span> <span class='ocrx_word' id='word_1_162' title='bbox 769 2541 1050 2630; x_wconf 89' lang='grc' dir='ltr'><strong><em>Ὀλυμπιόδωρον,</em></strong></span> <span class='ocrx_word' id='word_1_163' title='bbox 1073 2543 1161 2623; x_wconf 76' lang='grc' dir='ltr'><strong><em>ὅπως</em></strong></span> 
     </span>
     <span class='ocr_line' id='line_1_23' title="bbox 151 2643 1159 2740; baseline -0.002 -22"><span class='ocrx_word' id='word_1_164' title='bbox 151 2651 194 2718; x_wconf 81' lang='grc' dir='ltr'><strong><em>δν</em></strong></span> <span class='ocrx_word' id='word_1_165' title='bbox 222 2661 312 2740; x_wconf 72' lang='grc' dir='ltr'><strong><em>παρῇ</em></strong></span> <span class='ocrx_word' id='word_1_166' title='bbox 341 2648 397 2718; x_wconf 85' lang='grc' dir='ltr'><strong><em>καλ</em></strong></span> <span class='ocrx_word' id='word_1_167' title='bbox 428 2654 682 2735; x_wconf 78' lang='grc' dir='ltr'><strong><em>συνεπιμελῆται</em></strong></span> <span class='ocrx_word' id='word_1_168' title='bbox 709 2647 785 2734; x_wconf 88' lang='grc' dir='ltr'><strong><em>μεθ’</em></strong></span> <span class='ocrx_word' id='word_1_169' title='bbox 812 2647 906 2733; x_wconf 77' lang='grc' dir='ltr'><strong><em>ἡμῶν</em></strong></span> <span class='ocrx_word' id='word_1_170' title='bbox 936 2645 1089 2715; x_wconf 81' lang='grc' dir='ltr'><strong><em>ἁπάντων</em></strong></span> <span class='ocrx_word' id='word_1_171' title='bbox 1112 2643 1159 2716; x_wconf 77' lang='grc' dir='ltr'><strong><em>ὧν</em></strong></span> 
     </span>
     <span class='ocr_line' id='line_1_24' title="bbox 150 2749 1160 2845; baseline -0.004 -21"><span class='ocrx_word' id='word_1_172' title='bbox 150 2767 325 2845; x_wconf 73' lang='grc' dir='ltr'><strong><em>προσῆκεν.</em></strong></span> <span class='ocrx_word' id='word_1_173' title='bbox 360 2755 416 2825; x_wconf 80' lang='grc' dir='ltr'><strong><em>καί</em></strong></span> <span class='ocrx_word' id='word_1_174' title='bbox 434 2755 702 2843; x_wconf 88' lang='grc' dir='ltr'><strong><em>Ὀλυμπιόδωρος</em></strong></span> <span class='ocrx_word' id='word_1_175' title='bbox 729 2752 844 2823; x_wconf 81' lang='grc' dir='ltr'><strong><em>οὑτοσὶ</em></strong></span> <span class='ocrx_word' id='word_1_176' title='bbox 871 2749 898 2820; x_wconf 81' lang='grc' dir='ltr'>ὦ</span> <span class='ocrx_word' id='word_1_177' title='bbox 927 2755 1047 2841; x_wconf 77' lang='grc' dir='ltr'><strong><em>ἄνδρες</em></strong></span> <span class='ocrx_word' id='word_1_178' title='bbox 1069 2756 1160 2821; x_wconf 90' lang='grc' dir='ltr'><strong><em>δικα-</em></strong></span> 
     </span>
     <span class='ocr_line' id='line_1_25' title="bbox 152 2858 1160 2951; baseline -0.004 -21"><span class='ocrx_word' id='word_1_179' title='bbox 152 2867 239 2951; x_wconf 87' lang='grc' dir='ltr'><strong><em>σταί,</em></strong></span> <span class='ocrx_word' id='word_1_180' title='bbox 261 2865 373 2949; x_wconf 80' lang='grc' dir='ltr'><strong><em>ἐπειδη</em></strong></span> <span class='ocrx_word' id='word_1_181' title='bbox 391 2860 499 2949; x_wconf 73' lang='grc' dir='ltr'><strong><em>ἦλθεν</em></strong></span> <span class='ocrx_word' id='word_1_182' title='bbox 522 2863 566 2940; x_wconf 82' lang='grc' dir='ltr'><strong><em>ὡς</em></strong></span> <span class='ocrx_word' id='word_1_183' title='bbox 590 2858 646 2947; x_wconf 72' lang='grc' dir='ltr'><strong><em>ἐμὲ</em></strong></span> <span class='ocrx_word' id='word_1_184' title='bbox 669 2859 808 2946; x_wconf 78' lang='grc' dir='ltr'><strong><em>κοίτην</em></strong></span> <span class='ocrx_word' id='word_1_185' title='bbox 830 2859 980 2946; x_wconf 78' lang='grc' dir='ltr'><strong><em>ἀδελφὴν</em></strong></span> <span class='ocrx_word' id='word_1_186' title='bbox 1001 2861 1062 2945; x_wconf 75' lang='grc' dir='ltr'><strong><em>τὴν</em></strong></span> <span class='ocrx_word' id='word_1_187' title='bbox 1085 2858 1160 2927; x_wconf 85' lang='grc' dir='ltr'><strong><em>ἑαυ-</em></strong></span> 
     </span>
    </p>

    <p class='ocr_par' dir='ltr' id='par_1_6' title="bbox 119 2963 1160 3582">
     <span class='ocr_line' id='line_1_26' title="bbox 119 2963 1160 3057; baseline 0 -25"><span class='ocrx_word' id='word_1_188' title='bbox 119 2987 138 3032; x_wconf 82' lang='grc' dir='ltr'><strong><em>ὀ</em></strong></span> <span class='ocrx_word' id='word_1_189' title='bbox 151 2981 224 3057; x_wconf 85' lang='grc' dir='ltr'><strong><em>τοῦ,</em></strong></span> <span class='ocrx_word' id='word_1_190' title='bbox 247 2971 329 3057; x_wconf 77' lang='grc' dir='ltr'><strong><em>ἐμὴν</em></strong></span> <span class='ocrx_word' id='word_1_191' title='bbox 352 2965 390 3036; x_wconf 77' lang='grc' dir='ltr'><strong><em>δέ</em></strong></span> <span class='ocrx_word' id='word_1_192' title='bbox 412 2965 564 3054; x_wconf 80' lang='grc' dir='ltr'><strong><em>γυναῖκα,</em></strong></span> <span class='ocrx_word' id='word_1_193' title='bbox 587 2965 662 3054; x_wconf 87' lang='grc' dir='ltr'><strong><em>μεθ’</em></strong></span> <span class='ocrx_word' id='word_1_194' title='bbox 684 2968 778 3052; x_wconf 76' lang='grc' dir='ltr'><strong><em>ἡμῶν</em></strong></span> <span class='ocrx_word' id='word_1_195' title='bbox 802 2967 929 3033; x_wconf 79' lang='grc' dir='ltr'><strong><em>ἅπαντα</em></strong></span> <span class='ocrx_word' id='word_1_196' title='bbox 952 2963 1074 3055; x_wconf 75' lang='grc' dir='ltr'><strong><em>διῴκει.</em></strong></span> <span class='ocrx_word' id='word_1_197' title='bbox 1104 2968 1160 3032; x_wconf 86' lang='grc' dir='ltr'><strong><em>όν·</em></strong></span> 
     </span>
     <span class='ocr_line' id='line_1_27' title="bbox 150 3071 1160 3161; baseline -0.006 -18"><span class='ocrx_word' id='word_1_198' title='bbox 150 3100 219 3143; x_wconf 87' lang='grc' dir='ltr'><strong><em>των</em></strong></span> <span class='ocrx_word' id='word_1_199' title='bbox 241 3073 272 3141; x_wconf 83' lang='grc' dir='ltr'><strong><em>δ’</em></strong></span> <span class='ocrx_word' id='word_1_200' title='bbox 298 3075 392 3161; x_wconf 79' lang='grc' dir='ltr'><strong><em>ἡμῶν</em></strong></span> <span class='ocrx_word' id='word_1_201' title='bbox 414 3072 489 3161; x_wconf 79' lang='grc' dir='ltr'><strong><em>περὶ</em></strong></span> <span class='ocrx_word' id='word_1_202' title='bbox 511 3074 634 3157; x_wconf 91' lang='grc' dir='ltr'><strong><em>ταύτην</em></strong></span> <span class='ocrx_word' id='word_1_203' title='bbox 655 3075 717 3158; x_wconf 79' lang='grc' dir='ltr'><strong><em>τὴν</em></strong></span> <span class='ocrx_word' id='word_1_204' title='bbox 738 3076 981 3160; x_wconf 89' lang='grc' dir='ltr'><strong><em>πραγματείαν,</em></strong></span> <span class='ocrx_word' id='word_1_205' title='bbox 1004 3071 1160 3158; x_wconf 81' lang='grc' dir='ltr'><strong><em>ἐξαίφνης</em></strong></span> 
     </span>
     <span class='ocr_line' id='line_1_28' title="bbox 151 3175 1158 3267; baseline -0.005 -18"><span class='ocrx_word' id='word_1_206' title='bbox 151 3185 253 3265; x_wconf 93' lang='grc' dir='ltr'><strong><em>λόγον</em></strong></span> <span class='ocrx_word' id='word_1_207' title='bbox 277 3205 333 3267; x_wconf 94' lang='grc' dir='ltr'><strong><em>μοι</em></strong></span> <span class='ocrx_word' id='word_1_208' title='bbox 355 3178 536 3266; x_wconf 84' lang='grc' dir='ltr'><strong><em>προσφέρει</em></strong></span> <span class='ocrx_word' id='word_1_209' title='bbox 555 3176 822 3266; x_wconf 88' lang='grc' dir='ltr'><strong><em>Ὀλυμπιόδωρος</em></strong></span> <span class='ocrx_word' id='word_1_210' title='bbox 839 3178 965 3263; x_wconf 82' lang='grc' dir='ltr'><strong><em>οὑτοσί,</em></strong></span> <span class='ocrx_word' id='word_1_211' title='bbox 987 3177 1038 3244; x_wconf 85' lang='grc' dir='ltr'><strong><em>ὅτι</em></strong></span> <span class='ocrx_word' id='word_1_212' title='bbox 1060 3175 1158 3262; x_wconf 75' lang='grc' dir='ltr'><strong><em>καὶὴ</em></strong></span> 
     </span>
     <span class='ocr_line' id='line_1_29' title="bbox 151 3286 1159 3374; baseline -0.005 -21"><span class='ocrx_word' id='word_1_213' title='bbox 151 3289 257 3373; x_wconf 80' lang='grc' dir='ltr'><strong><em>μητηρ</em></strong></span> <span class='ocrx_word' id='word_1_214' title='bbox 280 3286 383 3353; x_wconf 79' lang='grc' dir='ltr'><strong><em>αὐτοῦ</em></strong></span> <span class='ocrx_word' id='word_1_215' title='bbox 405 3287 616 3374; x_wconf 75' lang='grc' dir='ltr'><strong><em>προσήκουσα</em></strong></span> <span class='ocrx_word' id='word_1_216' title='bbox 639 3291 689 3369; x_wconf 86' lang='grc' dir='ltr'><strong><em>είη</em></strong></span> <span class='ocrx_word' id='word_1_217' title='bbox 716 3293 761 3372; x_wconf 74' lang='grc' dir='ltr'><strong><em>τῷ</em></strong></span> <span class='ocrx_word' id='word_1_218' title='bbox 785 3287 922 3370; x_wconf 86' lang='grc' dir='ltr'><strong><em>Κόμωνι</em></strong></span> <span class='ocrx_word' id='word_1_219' title='bbox 944 3292 990 3372; x_wconf 70' lang='grc' dir='ltr'><strong><em>τῷ</em></strong></span> <span class='ocrx_word' id='word_1_220' title='bbox 1014 3288 1159 3350; x_wconf 88' lang='grc' dir='ltr'><strong><em>τετελευ-</em></strong></span> 
     </span>
     <span class='ocr_line' id='line_1_30' title="bbox 151 3386 1158 3478; baseline -0.007 -19"><span class='ocrx_word' id='word_1_221' title='bbox 151 3396 274 3478; x_wconf 90' lang='grc' dir='ltr'><strong><em>τηκότι,</em></strong></span> <span class='ocrx_word' id='word_1_222' title='bbox 296 3389 351 3458; x_wconf 85' lang='grc' dir='ltr'><strong><em>καλ</em></strong></span> <span class='ocrx_word' id='word_1_223' title='bbox 374 3391 424 3458; x_wconf 84' lang='grc' dir='ltr'><strong><em>ότι</em></strong></span> <span class='ocrx_word' id='word_1_224' title='bbox 444 3393 571 3458; x_wconf 91' lang='grc' dir='ltr'><strong><em>δίκαιον</em></strong></span> <span class='ocrx_word' id='word_1_225' title='bbox 590 3397 641 3475; x_wconf 82' lang='grc' dir='ltr'><strong><em>εἰη</em></strong></span> <span class='ocrx_word' id='word_1_226' title='bbox 663 3387 719 3456; x_wconf 82' lang='grc' dir='ltr'><strong><em>καὶ</em></strong></span> <span class='ocrx_word' id='word_1_227' title='bbox 739 3389 841 3456; x_wconf 78' lang='grc' dir='ltr'><strong><em>αὑτὸν</em></strong></span> <span class='ocrx_word' id='word_1_228' title='bbox 864 3389 901 3455; x_wconf 85' lang='grc' dir='ltr'><strong><em>τὸ</em></strong></span> <span class='ocrx_word' id='word_1_229' title='bbox 924 3386 1022 3474; x_wconf 89' lang='grc' dir='ltr'><strong><em>μέρος</em></strong></span> <span class='ocrx_word' id='word_1_230' title='bbox 1043 3391 1158 3472; x_wconf 71' lang='grc' dir='ltr'><strong><em>λαβεῖν</em></strong></span> 
     </span>
     <span class='ocr_line' id='line_1_31' title="bbox 152 3488 1158 3582; baseline -0.01 -18"><span class='ocrx_word' id='word_1_231' title='bbox 152 3497 306 3566; x_wconf 75' lang='grc' dir='ltr'><strong><em>ἁπάντων</em></strong></span> <span class='ocrx_word' id='word_1_232' title='bbox 332 3493 380 3566; x_wconf 77' lang='grc' dir='ltr'><strong><em>ὧν</em></strong></span> <span class='ocrx_word' id='word_1_233' title='bbox 403 3498 421 3564; x_wconf 88' lang='grc' dir='ltr'><strong><em>ό</em></strong></span> <span class='ocrx_word' id='word_1_234' title='bbox 445 3499 568 3582; x_wconf 86' lang='grc' dir='ltr'><strong><em>Κόμων</em></strong></span> <span class='ocrx_word' id='word_1_235' title='bbox 593 3496 774 3563; x_wconf 85' lang='grc' dir='ltr'><strong><em>κατέλιπεν.</em></strong></span> <span class='ocrx_word' id='word_1_236' title='bbox 810 3492 865 3560; x_wconf 85' lang='grc' dir='ltr'><strong><em>καὶ</em></strong></span> <span class='ocrx_word' id='word_1_237' title='bbox 893 3493 957 3578; x_wconf 83' lang='grc' dir='ltr'><strong><em>ἐγὼ</em></strong></span> <span class='ocrx_word' id='word_1_238' title='bbox 985 3488 1010 3559; x_wconf 83' lang='grc' dir='ltr'><strong>ὦ</strong></span> <span class='ocrx_word' id='word_1_239' title='bbox 1040 3493 1158 3574; x_wconf 86' lang='grc' dir='ltr'><strong><em>ἀνδρες</em></strong></span> 
     </span>
    </p>
   </div>
   <div class='ocr_carea' id='block_1_5' title="bbox 204 3600 996 3656">
    <p class='ocr_par' dir='ltr' id='par_1_7' title="bbox 204 3600 996 3656">
     <span class='ocr_line' id='line_1_32' title="bbox 204 3600 996 3656; baseline -0.009 -1"><span class='ocrx_word' id='word_1_240' title='bbox 204 3613 330 3656; x_wconf 73' lang='lat' dir='ltr'><strong>Duum.</strong></span> <span class='ocrx_word' id='word_1_241' title='bbox 352 3611 404 3654; x_wconf 81' lang='lat' dir='ltr'><strong>Vol.</strong></span> <span class='ocrx_word' id='word_1_242' title='bbox 416 3611 461 3652; x_wconf 84' lang='lat' dir='ltr'><strong><em>HL</em></strong></span> <span class='ocrx_word' id='word_1_243' title='bbox 980 3600 996 3648; x_wconf 76' lang='lat'>9</span> 
     </span>
    </p>
   </div>
   <div class='ocr_carea' id='block_1_6' title="bbox 0 0 1334 3914">
    <p class='ocr_par' dir='ltr' id='par_1_8' title="bbox 0 0 1334 3914">
     <span class='ocr_line' id='line_1_33' title="bbox 0 0 1334 3914; baseline 0 0"><span class='ocrx_word' id='word_1_244' title='bbox 0 0 1334 3914; x_wconf 95' lang='lat' dir='ltr'><strong><em> </em></strong></span> 
     </span>
    </p>
   </div>
  </div>
 </body>
</html>
