2658 3914
478 164 574 215 xm
592 164 791 218 Σοεφεαον
807 167 838 220 Β.
1103 166 1164 232 101

109 341 138 383 ιε
224 322 358 388 Οὐκοῦν
378 322 475 390 ὁπότε
495 325 604 408 ζῶσιν,
627 325 750 410 άκυρος
767 321 828 410 μέν
850 327 871 410 ἡ
896 329 1041 412 διαθήκη
1065 327 1167 414 ἐστίν,

150 429 195 512 ἥν
222 446 326 514 φασιν
350 423 443 494 οὗτοι
464 431 524 495 τὸν
546 428 669 516 πατέρα
695 436 898 517 καταλιπεῖν,
925 433 1014 519 παρά
1042 433 1167 512 πάντας

152 530 190 599 δὲ
213 537 292 612 τοὺς
308 536 433 618 νόμους
451 535 678 621 μεμαρτύρηκε
696 534 869 622 Στέφανος
887 536 1003 605 οὑτοσὶ
1024 539 1064 604 τά
1086 550 1167 618 ψευ-

153 642 211 725 δῆ,
239 639 284 718 ὡς
309 639 497 725 ἀντίγραφά
523 639 593 706 ἐστι
619 649 677 726 της
707 644 869 728 διαθήκης
896 653 954 727 τῆς
976 648 1166 722 Πασίωνος·

150 757 220 822 πῶς
248 744 312 830 γάρ
339 746 381 811 σὺ
407 741 541 831 οἶσθα,
555 745 611 812 καὶ
637 756 704 813 ποῦ
731 751 998 835 παραγενόμενος
1020 752 1166 818 διατιθε-

152 848 241 941 μένῳ
260 860 305 940 τῷ
325 855 437 937 πατρίς
461 864 668 938 κακοτεχνῶν
692 849 730 918 δέ
747 857 860 938 φαίνει
882 853 958 940 περὶ
980 855 1037 932 τδις
1060 857 1166 940 δίκας,

150 957 191 1022 τδ
217 958 326 1042 ψευδῆ
352 953 413 1043 μέν
441 957 539 1035 αὐτὸς
566 969 744 1045 μαρτυρῶν
772 955 929 1044 ἑτοίμως,
957 960 1105 1030 κλέπτων
1128 959 1166 1028 δέ

151 1063 209 1140 τάς
238 1062 377 1148 ἀληθείς
408 1067 604 1150 μαρτυρίας,
634 1062 802 1143 ἐξαπατῶν
830 1061 868 1130 δέ
894 1066 972 1143 τοὺς
1001 1068 1166 1152 δικαστάς,

153 1169 390 1253 συνιστάμενος
409 1165 439 1235 δ’
463 1167 516 1235 ἐπὶ
534 1179 605 1246 ταίς
627 1171 743 1246 δίκαις.
779 1171 815 1236 οί
835 1166 872 1236 δέ
894 1174 992 1256 νόμοι
1014 1171 1166 1258 καὶπερὶ

111 1296 138 1336 ιε
151 1284 219 1339 τῶν
241 1275 403 1340 τοιούτων
420 1276 554 1361 γραφὴν
573 1277 801 1359 πεποιήκασιν.
835 1278 895 1342 καί
913 1301 970 1361 μοι
991 1275 1166 1362 ἀνάγνωθι

150 1381 209 1447 τὸν
231 1383 347 1465 νόμον.

588 1486 726 1542 ΝΟΜΟΣ,
1175 1497 1241 1547 1187

261 1607 333 1676 Ἐάν
355 1636 400 1690 τις
422 1623 603 1696 συνιστῆται,
624 1609 645 1694 ἢ
663 1613 826 1698 συνδεκάζῃ
846 1612 901 1694 τὴν
922 1612 1042 1696 ἡλιαίαν
1062 1611 1083 1696 ἦ
1105 1625 1165 1679 τῶν

198 1711 394 1794 δικαστηρίων
420 1735 448 1774 τι
475 1721 534 1774 τῶν
553 1705 719 1791 Ἀθηνησιν
740 1707 761 1790 ἢ
783 1711 839 1792 την
864 1711 978 1793 βουλὴν
1000 1710 1048 1774 ἐπὶ
1070 1715 1164 1797 δωρο-

196 1807 280 1893 δοκίᾳ
312 1808 444 1890 χρήματα
470 1809 574 1882 διδοὺς
594 1805 616 1888 ἢ
638 1808 806 1890 δεχόμενος,
832 1805 853 1888 δ
875 1807 1018 1893 ἑταιρείαν
1041 1821 1163 1898 συνιστῇ

194 1901 242 1964 ἐπὶ
260 1905 414 1967 καταλύσει
436 1913 489 1966 τού
507 1904 615 1985 δήμου,
637 1901 658 1984 δ
682 1905 847 1989 συνήγορος
870 1903 913 1968 ὢν
935 1907 1071 1994 λαμβάνη
1093 1909 1163 1991 χρη-

194 2023 271 2080 ματα
287 1998 336 2062 ἐπδ
360 2006 424 2074 ταῖς
447 2001 543 2075 δίκαις
563 2008 628 2076 ταῖς
646 2002 736 2078 ἰδίαις
757 2000 778 2083 δ
801 2004 966 2085 δημοσίαις,
988 2005 1101 2067 τούτων
1122 1998 1162 2068 εἷ-

193 2120 245 2158 ναι
266 2095 319 2170 τὰς
339 2096 457 2180 γραφάς
479 2097 554 2180 πρὸς
575 2099 645 2174 τοὺς
667 2099 861 2180 θεσμοθέτας.

108 2250 135 2290 ῃ
212 2213 339 2292 Ἡδέως
356 2214 399 2281 ἂν
416 2219 533 2282 τοίνυν
555 2216 640 2302 ὑμᾶς
663 2218 800 2305 ἐροίμην
823 2217 876 2284 ἐπὶ
898 2221 1028 2298 τούτοις
1051 2222 1162 2308 ἅπασι,

149 2321 233 2385 κατά
254 2323 371 2408 ποίους
389 2323 513 2404 νόμους
536 2321 743 2407 ὀμωμοκότες
765 2325 920 2410 δικάζετε,
942 2328 1064 2412 πότερα
1081 2328 1162 2394 κατὰ

148 2430 229 2504 τοὺς
255 2435 313 2511 τῆς
334 2429 462 2504 πόλεως
483 2426 505 2511 ἢ
527 2424 606 2493 καθ’
640 2428 698 2506 οὓς
722 2432 881 2515 Φορμίων
908 2431 997 2520 αὑτῷ
1019 2439 1161 2517 νομοθε-

148 2545 205 2598 τεῖ.
242 2532 307 2618 ἐγὼ
326 2528 388 2618 μέν
405 2536 522 2599 τοίνυν
540 2533 678 2611 τούτους
699 2533 882 2620 παρέχομαι
903 2535 995 2622 ὑμίν,
1016 2535 1071 2604 καὶ
1095 2537 1161 2618 ἐξε-

148 2637 253 2725 λέγχω
282 2639 404 2717 αύτούς
435 2637 642 2725 ἀμφοτέρους
667 2643 950 2727 παραβεβηκότας,
981 2646 1161 2729 Φορμίωνα

147 2741 209 2829 μέν
232 2743 266 2824 ἐξ
291 2744 391 2831 ἀρχῆς
414 2743 617 2831 άδικησαντα
646 2744 808 2830 ἡμᾶςκαὶ
831 2746 1098 2834 άποστερησαντα
1119 2751 1160 2816 τά

147 2853 309 2937 χρηματα,
327 2851 348 2916 ά
367 2850 386 2918 δ
404 2853 511 2937 πατὴρ
529 2851 611 2936 ἡμῖν
628 2850 779 2918 κατέλιπε
796 2850 851 2918 καλ
870 2851 1036 2938 ἐμίσθωσε
1054 2855 1159 2945 τούτῳ

147 2956 227 3040 μετὰ
263 2965 320 3040 τῆς
354 2955 512 3043 τραπέζης
546 2955 601 3024 καὶ
630 2967 691 3025 τοῦ
720 2957 953 3045 ἐργαστηρίου,
985 2959 1159 3046 Στέφανον

148 3058 185 3128 δέ
215 3060 350 3128 τουτονὶ
380 3063 421 3128 τά
453 3061 561 3148 ψευδῆ
593 3067 864 3150 μεμαρτυρηκότα
895 3063 950 3132 καὶ
981 3065 1070 3152 παρὰ
1100 3067 1159 3132 τδν

146 3171 260 3252 νόμον.

108 3307 133 3347 2⁸
204 3271 319 3352 ’Ἄξιον
346 3277 463 3340 τοίνυν
491 3269 517 3338 ὦ
545 3276 666 3361 άνδρες
693 3274 843 3343 δικασταὶ
869 3275 925 3342 καλ
951 3279 1027 3343 τόδε
1058 3277 1159 3343 ἐνθυ·

147 3385 307 3463 μηθῆναι,
329 3380 381 3445 ὅτι
395 3381 559 3466 διαθήκης
572 3379 683 3459 οὐδεὶς
695 3383 826 3449 πώποτε
845 3381 1030 3469 ἀντίγραφα
1048 3381 1159 3465 ἐποιη-

148 3499 239 3569 σατο,
261 3484 345 3550 άλλά
370 3497 572 3572 συγγραφῶν
594 3475 675 3572 μέν,
694 3488 750 3553 ἵνα
773 3489 888 3554 εἰδῶσι
909 3485 964 3552 καὶ
987 3488 1031 3571 μὴ
1054 3508 1157 3572 παρα-
