2656 3926
197 169 264 235 380
560 167 839 221 ΔΗΜοΣοεαοτε

199 329 363 416 ἀγνώμων
385 329 475 406 ὅστις
494 328 535 394 οὐ
552 330 689 414 φήσειεν
712 325 755 393 δν
776 327 905 411 βλάβην
927 319 1013 392 εἶναι
1033 334 1103 402 τοῖς
1123 323 1224 411 πρά-

198 453 331 521 γμασιν.
368 434 432 518 ἐγὼ
451 429 483 500 δ’
505 439 617 519 οίομαι
634 432 772 510 τούτους
789 428 850 516 μέν
873 430 916 497 όν
938 425 1024 497 εἶναι
1046 433 1221 516 βελτίους,
1310 442 1311 523 }

199 543 231 607 εί
255 541 317 626 τὴν
343 541 425 625 πρὸς
452 538 573 616 αὑτοὺς
599 539 801 624 φιλονικίαν
817 534 871 602 ἐπὶ
896 540 975 613 τοὺς
999 545 1056 622 τῆς
1081 537 1222 614 πόλεως
1310 526 1311 547 ³

200 647 343 733 ἐχθροὺς
363 643 541 731 τρέψαντες
563 644 805 730 ἐδημηγόρουν·
827 643 909 728 ὑμῖν
930 639 968 710 δὲ
990 653 1139 730 παραινῶ
1163 645 1217 726 μὴ
1310 718 1311 721 ¹

201 750 427 829 συστασιίζειυ
458 748 648 838 μηδετέροις
683 751 829 834 τούτων,
864 745 942 834 μηδ’
978 734 1066 826 ὅπως
1097 749 1217 834 ἅτεροι
1310 752 1311 821 ]

200 858 401 942 κρατήσουσι
431 867 583 940 σκοπεῖν,
619 853 691 922 ἀλλ’
726 856 815 934 όπιος
844 855 939 940 ὑμεῖς
970 856 1111 932 ἅπαντες
1139 865 1215 920 τῶν
1309 890 1311 921 ι

174 961 333 1049 ιέχθρθν
363 961 566 1047 περιέσεσθε.
615 961 755 1047 εὔχομαι
786 956 824 1027 δέ
855 972 925 1038 τοῖς
954 966 1048 1038 θεοῖς
1078 962 1158 1037 τοὺς
1189 959 1215 1044 ἢ

200 1071 388 1152 φιλονικίας
408 1067 430 1153 ἣ
453 1066 604 1154 ἐπηρείας
625 1069 647 1151 ἦ
669 1090 759 1144 τινος
776 1067 876 1151 ἄλλης
893 1063 978 1132 ἕνεκ’
1001 1067 1104 1142 αἰτίας
1126 1067 1213 1132 ἄλλο

201 1196 248 1258 τι,
274 1175 361 1258 πλὴν
383 1175 405 1240 ό
426 1171 505 1240 ποθ’
536 1174 695 1259 ἡγοῦνται
722 1171 918 1260 συμφέρειν,
945 1170 1100 1257 λέγοντας
1126 1173 1213 1238 παύ-

203 1286 339 1345 σασθαι·
362 1281 398 1346 τὸ
425 1281 490 1366 γὰρ
517 1286 724 1366 καταρᾶσθαι
752 1274 1010 1364 συμβουλεύοντ’
1038 1284 1116 1355 ίσως
1138 1274 1207 1344 ἐστ’

202 1385 335 1451 ἄτοπον.
371 1387 581 1470 αἰτιασαίμην
603 1381 664 1470 μέν
687 1380 749 1451 οὖν
772 1381 868 1469 ἔγωγ’
894 1383 937 1450 δν
964 1381 1074 1452 οὐδέν’
1101 1379 1127 1450 ὦ
1150 1371 1211 1450 ἄν·
1223 1399 1286 1448 1441

202 1491 279 1577 δρες
296 1490 470 1575 Ἀθηναῖοι
491 1499 552 1558 τοῦ
579 1501 685 1567 κακῶς
709 1491 750 1556 τδ
775 1486 936 1576 πράγματ’
963 1492 1067 1576 ἐχειν,
1088 1485 1160 1556 ἀλλ’
1189 1489 1211 1574 ἣ

201 1596 326 1672 πάντας
347 1596 497 1672 τούτους·
520 1602 632 1680 οίομαι
654 1591 692 1661 δέ
714 1598 786 1662 δεῖν
809 1597 897 1684 παρὰ
920 1592 982 1680 μέν
999 1595 1127 1660 τούτων
1150 1592 1207 1680 ἐφ’

201 1700 339 1786 ἡσυχίας
361 1703 463 1784 λόγου
485 1699 570 1785 ὑμᾶς
592 1703 723 1784 λαβεῖν,
749 1711 813 1768 νῦν
835 1699 867 1768 δ’
889 1698 974 1789 ὑπὲρ
996 1711 1063 1767 τῶν
1084 1703 1211 1789 παρόν-

127 1831 130 1841 ·
202 1827 282 1889 ταν,
303 1803 392 1882 ὅπως
414 1807 504 1872 ἐσται
526 1807 655 1891 βελτίω,
679 1817 824 1874 σκοπεῖν.

669 2005 741 2068 ΛΒ.

265 2119 478 2209 Ἠβουλόμην
495 2123 537 2191 δν
556 2119 582 2190 ὦ
601 2126 721 2212 ἄνδρες
735 2123 907 2211 Ἀθηναῖοι
923 2125 985 2211 τὴν
1008 2131 1084 2211 ίσην
1106 2141 1209 2192 σπου-

203 2229 267 2314 δὴν
290 2227 400 2307 ἐνίους
420 2240 488 2296 τῶν
506 2234 672 2315 λεγόντων
690 2237 871 2315 ποιεῖσθαι,
893 2231 981 2309 ὅπως
1001 2232 1042 2297 τὰ
1063 2229 1203 2316 βέλτιστ’

203 2335 353 2422 ἐροῦσιν,
381 2335 525 2422 ὅσηνπερ
553 2334 642 2414 ὅπως
667 2331 706 2402 εὖ
733 2322 870 2415 δόξουσι
891 2335 1016 2421 λέγειν,
1042 2333 1088 2403 ἵν’
1114 2333 1208 2406 οὗτοι
1311 2393 1312 2414 .

202 2437 264 2525 μέν
285 2438 359 2506 ἀντὶ
381 2449 441 2506 τοῦ
464 2438 570 2506 δεινοὶ
596 2439 707 2525 λέγειν
733 2440 882 2520 ἐπιεικεῖς
905 2440 1085 2526 ἐνομίζονί
1111 2438 1207 2530 εἶναι,
1311 2444 1312 2458 ’

201 2547 242 2612 τδ
260 2542 291 2613 δ’
313 2543 457 2634 ὑμέτερ’,
476 2547 584 2632 ὥσπερ
604 2545 673 2613 ἐστὶ
690 2546 1018 2635 προσῆκου,βέλτιον
1036 2544 1113 2636 εἶχε.
1142 2560 1206 2618 νῦν

201 2647 233 2717 δ’
260 2653 347 2718 ἔνιοί
370 2675 427 2736 μοι
455 2654 592 2718 δοκοῦσι
622 2653 809 2720 παντάπασι
838 2655 900 2738 τὴν
927 2653 991 2720 ἀπὸ
1017 2665 1078 2722 τοῦ
1104 2659 1205 2740 λόγου

202 2753 304 2834 δόξαν
317 2757 530 2843 ἠγαπηκότες,
546 2769 614 2825 τῶν
631 2760 712 2844 μετὰ
729 2768 831 2826 ταῦτα
849 2758 1110 2846 συμβησομένων
1125 2761 1204 2848 ὑμῖν

174 2858 307 2948 εμηδέν
329 2867 525 2948 φροντίζειν.
565 2863 622 2932 καὶ
649 2867 731 2952 δῆτα
756 2867 931 2951 θαυμάζω,
956 2869 1097 2953 πότερόν
1123 2865 1200 2934 ποθ’

201 2968 238 3036 ot
256 2978 402 3036 τοιοῦτοι
424 2972 519 3051 λόγοι
540 2971 600 3036 τὸν
622 2967 758 3055 λέγονθ’
785 2971 906 3056 ὁμοίως
926 2971 1114 3057 πεφύκασιν
1136 2972 1203 3053 ἐξα-

200 3084 306 3141 πατᾶν
331 3075 440 3162 ὥσπερ
464 3077 547 3162 πρὸς
569 3075 628 3153 οὓς
649 3075 693 3143 ἂν
709 3074 881 3161 λέγωνται,
898 3076 919 3161 ἣ
934 3075 1101 3157 συνιέντες
1114 3075 1202 3147 οὗτοι

199 3178 357 3246 τάναντία
378 3191 447 3259 τοῖς
468 3183 628 3249 δοκοῦσιν
646 3179 775 3260 ἑαυτοῖς
791 3176 878 3248 εἶναι
899 3183 1081 3269 βελτίστοις
1102 3186 1201 3270 δημη-

200 3295 368 3373 γοροῦσιν.
404 3289 436 3352 εἰ
456 3283 518 3372 μέν
534 3287 598 3373 γὰρ
617 3285 773 3372 ἄγνοοῦσ’
795 3287 846 3354 ότι
863 3291 923 3355 τὸν
941 3288 1103 3375 μέλλοντα
1124 3292 1201 3378 πρό·

200 3389 269 3468 ξειν
290 3393 330 3457 τδ
353 3389 483 3479 δέοντα,
505 3393 568 3461 οὐκ
589 3391 732 3460 ἐπὶτῶν
753 3397 864 3478 λόγων
885 3397 1030 3483 θρασύν,
1052 3395 1125 3464 ἀλλ’
1151 3395 1200 3464 ἐπὶ

199 3503 256 3579 τῆς
276 3507 484 3585 παρασκευῆς
510 3500 648 3585 ἰσχυρὸν
674 3494 760 3566 εἶναι
782 3502 850 3585 δεῖ,
876 3497 949 3568 οὐδ’
975 3498 1027 3567 ἐπὶ
1053 3509 1100 3589 τῷ
1126 3505 1200 3578 τοὺς
