2658 3922
206 199 272 264 240
510 199 581 252 m.
605 195 909 268 [Δωωοεοωαοαε]

206 360 411 445 μισθώσαιτο
429 361 529 424 πλοῖα
546 355 602 422 καὶ
621 353 710 442 δεῦρ’
733 355 935 424 ἀποστείλειε
957 367 1025 422 τῶν
1043 355 1224 443 χρημάτων

207 468 289 531 ἔνια.
325 465 363 530 ἓν
385 459 447 549 μῦν
469 460 557 530 τοῦτ’
586 465 677 529 ἔστιν
703 463 792 552 αὐτῷ
821 461 920 549 μέρος
945 471 1003 546 τῆς
1030 461 1226 548 ἀπολογίας,

168 589 193 630 ω
208 572 364 656 δεύτερον
397 566 427 635 θ’
462 569 582 636 έκεῖνο·
612 567 695 655 φησὶ
730 569 794 655 γάρ
827 566 958 655 ἑτέρους
988 569 1082 646 τινάς
1112 570 1227 634 ὃανει·

208 677 286 753 στὰς
309 673 595 780 συγκεχωρηκέναι
622 675 712 764 αὐτῷ
739 676 819 753 τοὺς
844 678 963 752 τόκους
989 676 1068 752 τοὺς
1089 677 1137 752 είς
1153 672 1227 741 Ῥό·

208 784 286 848 δον·
318 783 431 848 δεινὸν
460 775 542 866 οὖν,
572 783 605 848 ελ
631 781 725 866 ἡμεῖς
753 781 798 866 μὴ
832 783 1090 868 συγχωρήσομεν
1120 780 1227 846 ταύτὰ

208 887 356 966 ἐκείνοις.
400 889 514 973 τρίτον
531 888 615 972 πρὸς
630 888 761 964 τούτοις
777 887 839 972 τὴν
857 887 1056 973 συγγραφὴν
1073 887 1227 953 κελεύειν

207 992 310 1080 φησὶν
339 993 442 1060 αὐτὸν
471 996 636 1078 σωθείσης
664 1001 721 1077 τῆς
750 993 835 1070 νεὼς
864 991 1049 1060 ἀποδοῦναι
1078 993 1118 1059 τὰ
1145 997 1229 1080 χρή-

208 1124 309 1186 ματα,
340 1101 403 1185 την
434 1095 472 1165 δὲ
502 1107 590 1165 ναῦν
627 1098 669 1164 οὐ
701 1104 870 1164 σεσῶσθαι
901 1101 950 1176 είς
979 1099 1039 1165 τὸν
1070 1101 1227 1184 Πειραιᾶ.

207 1209 291 1293 πρὸς
313 1205 452 1275 ἕκαστον
474 1205 517 1290 δὴ
539 1205 667 1272 τούτων
690 1199 717 1270 ὦ
739 1205 861 1291 ἀνδρες
887 1202 1038 1270 δικασταὶ
1061 1203 1227 1271 ἀκοόσατε

208 1313 229 1380 ἃ
251 1311 393 1398 λέγομεν
414 1312 536 1379 δίκαια.

168 1436 194 1476 2⁸
275 1422 419 1505 Πρῶτον
437 1412 499 1502 μὲν
516 1418 555 1484 τὸ
574 1416 716 1504 όαγηναι
733 1417 796 1501 τὴν
813 1425 900 1483 ναῦν
918 1415 998 1484 ὅταν
1016 1413 1108 1503 λέγη,
1130 1410 1226 1501 οἶμαι

207 1533 310 1590 πᾶσιν
331 1524 412 1608 ὑμῖν
435 1524 582 1608 φανερὸν
601 1517 688 1589 εἶναι
705 1522 757 1588 ὅτι
774 1523 944 1602 ψεύδεται.’
986 1523 1018 1587 ελ
1037 1521 1101 1608 γὰρ
1123 1532 1225 1589 τοῦτο

209 1627 332 1713 συνέβη
356 1634 480 1694 τιαθείν
501 1637 541 1714 τῇ
564 1631 637 1712 νηί,
660 1625 730 1694 οὔτ’
757 1627 800 1694 ἀν
823 1630 871 1707 είς
892 1629 954 1714 την
971 1625 1087 1695 Ῥόδον
1109 1626 1223 1712 ἐσώθη
1235 1641 1304 1691 1290

209 1730 282 1800 οὔτ’
316 1732 528 1818 άνῦστερον
563 1736 703 1819 πλόϊμος
731 1729 784 1818 ἦν.
828 1744 894 1801 νῦν
924 1730 961 1800 δὲ
994 1736 1147 1820 φαίνεται
1175 1736 1225 1811 είς

208 1841 269 1924 τὴν
293 1836 410 1905 Ῥόδον
439 1845 586 1906 σωθεῖσα
619 1836 675 1906 καὶ
708 1841 809 1907 πάλιν
843 1840 975 1908 ἐκεῖθεν
1003 1839 1224 1908 ἀποσταλεῖσα

208 1949 256 2023 είς
283 1951 457 2030 Αλγνπτον
490 1944 547 2012 καὶ
580 1948 629 2014 ἔτι
661 1943 718 2012 καὶ
750 1956 816 2013 νῦν
850 1945 998 2013 πλέουσα
1026 1949 1223 2033 πανταχόσε,

208 2051 296 2137 πλην
318 2050 380 2118 οὐκ
401 2054 450 2130 είς
467 2049 621 2137 Ἀθήνας.
660 2057 768 2120 καίτοι
794 2064 863 2130 πῶς
890 2052 952 2120 οὐκ
978 2054 1119 2136 ότοπον,
1142 2051 1223 2118 ὅταν

207 2154 269 2244 μὲν
298 2160 345 2236 είς
372 2160 411 2224 τὸ
436 2155 625 2244 Ἀθηναίων
659 2158 820 2245 ἐμπόριον
849 2160 951 2246 ὃεηση
980 2159 1135 2243 κατάγειν
1160 2159 1223 2244 τὴν

207 2274 311 2349 ναῦν,
340 2264 483 2352 ῥαγῆναι
511 2265 670 2351 φάσκειν,
699 2265 780 2332 ὅταν
809 2262 840 2331 θ’
866 2267 915 2343 είς
941 2265 1003 2349 τὴν
1021 2263 1135 2332 Ῥόδον
1162 2267 1223 2332 τὸν

208 2383 301 2436 σίτου
323 2369 510 2454 ἐξελέσθαι,
536 2381 716 2455 τηνικαῦτα
744 2367 781 2438 δὲ
808 2374 951 2456 πλόϊμον
979 2365 1085 2437 οὖσαν
1107 2375 1223 2456 φαίνε-

208 2483 289 2544 σθαι
311 2478 373 2561 την
396 2477 501 2562 αὐτὴν
523 2487 625 2557 ναῦν;

168 2600 194 2641 ιι
275 2582 343 2648 Διά
364 2586 401 2648 τί
420 2577 495 2668 οὖν,
517 2580 636 2669 φησὶν,
663 2582 903 2669 ἐμισθωσάμην
929 2581 1024 2669 ἕτερα
1044 2586 1145 2649 πλοία
1166 2580 1223 2650 καὶ

208 2686 438 2772 μετεξειλόμην
464 2689 524 2754 τὸν
550 2691 656 2772 γόμον
687 2685 743 2754 καὶ
776 2684 869 2774 δεῦρ’
900 2685 1087 2772 ἀπέστειλας
1116 2687 1167 2754 ὅτι
1193 2685 1221 2755 ὦ

208 2793 328 2878 ἀνδρες
354 2790 528 2877 Ἀθηναῖοι
560 2792 601 2860 οὐ
636 2803 704 2860 τῶν
741 2792 896 2861 ἁπάντων
928 2793 1106 2880 ἀγωγίμων
1137 2791 1217 2861 οὔθ’

209 2893 306 2974 οὗτος
326 2892 370 2982 ἦν
391 2899 507 2984 κύριος
528 2896 607 2965 οὔθ’
634 2899 652 2966 ὁ
675 2901 837 2977 κοινωνὸς
858 2899 974 2984 αὐτοῦ,
997 2897 1069 2966 ἀλλ’
1096 2899 1132 2966 οί
1151 2898 1220 2966 έπι-

207 3003 304 3087 βάται
328 3003 370 3068 τὰ
397 3001 524 3071 ἑαυτῶν
549 3002 686 3091 χρήματ’
720 3004 919 3074 ἀπέστελλον
948 3001 1040 3091 οἶμαι
1063 3001 1156 3092 δεῦρ’
1182 3004 1220 3072 έν

208 3106 331 3195 ἑτέροις
348 3113 477 3189 πλοίοις
495 3109 527 3189 ἐξ
547 3109 702 3196 ἀνάγκης,
725 3112 838 3198 ἐπειδὴ
861 3109 1108 3199 προκατέλυσαν
1126 3105 1219 3178 οὗτοι

207 3216 266 3280 τὸν
287 3219 411 3282 πλοῦν·
441 3209 488 3282 ὧν
518 3214 632 3301 μέντοι
660 3214 756 3288 αὐτοὶ
784 3213 870 3302 ἦσαν
898 3219 1027 3305 κόριοι,
1056 3227 1160 3284 ταῦτα
1182 3213 1215 3282 δ’

208 3320 270 3387 οὐκ
292 3319 492 3388 ἀπέστελλον
514 3321 621 3388 πάντα
643 3324 760 3410 δεῦρο,
787 3320 859 3389 ἀλλ’
887 3321 1097 3407 ἐκλεγόμενοι
1118 3325 1217 3390 τίνων

168 3443 194 3485 2⁵
208 3428 246 3492 αί
263 3425 355 3512 τιμαί
373 3425 573 3495 ἐπετέταντο.
609 3426 678 3494 ἐπεὶ
696 3431 731 3494 τί
746 3429 867 3514 δηποτε
885 3429 1106 3515 μισθούμενοι
1124 3425 1217 3514 ἕτερα

208 3539 324 3620 πλοῖα,
357 3534 401 3613 ὥς
432 3557 532 3621 φατε,
568 3532 629 3620 οὐχ
662 3533 790 3602 ἅπαντα
820 3536 880 3603 τὸν
911 3538 1017 3622 γόμον
1047 3542 1106 3620 τῆς
1135 3533 1216 3612 νεὼς
