2654 3926
176 187 220 251 40
455 188 553 240 mn.
582 183 886 256 [ΔΗΜοεοωαονΣ]

177 352 268 428 ζουσι
290 361 399 414 ποιεῖν
421 343 448 413 ὦ
471 349 591 433 ἀνδρες
613 348 773 411 δικασταί
816 344 1026 434 Μακαρτάτῳ
1048 340 1086 409 δὲ
1108 367 1187 410 του-

174 451 236 540 τῳὶ
264 449 342 517 οὐδὲ
370 450 595 535 διαλέγονται,
632 447 712 516 οὐδὲ
737 452 921 539 Θεοπόμπῳ
948 459 993 537 τῷ
1017 448 1115 534 πατρὶ
1136 460 1183 538 τῷ

176 552 319 624 τούτου·Ι
338 553 417 622 οὐδὲ
444 556 507 643 γάρ
536 558 621 621 είσιν
648 555 683 620 ε’κ
710 566 771 621 τοῦ
793 562 888 621 οίκου
910 565 970 620 τοῦ
988 553 1122 639 Ἁγνίου
1146 559 1184 622 τὸ

175 664 342 749 παράπαν·
365 674 433 740 πῶς
456 661 498 728 ἀν
521 657 583 728 οὖν
606 662 736 738 τούτοις
757 685 789 726 τι
812 661 1059 747 προστάττοιεν;

137 785 163 826 ⁸0
214 765 325 835 ’Ἀλλ’
353 764 449 845 οὗτος
472 764 497 834 ἀ
522 768 641 852 ἀνδρες
671 764 821 832 δικασταί
843 769 925 851 πρὸς
947 761 1008 850 μὲν
1029 770 1107 843 τοὺς
1128 771 1185 833 νό-

176 897 260 960 μους
276 872 331 938 καὶ
349 875 406 951 τάς
423 877 614 959 μαρτυρίας,
637 873 676 950 ἀς
698 872 791 957 ἡμεῖς
810 875 1031 957 παρεχόμεθα,
1055 874 1185 938 δίκαιον

177 977 250 1046 οὐδ’
277 980 390 1068 δτιοθν
414 981 476 1062 ἔχει
500 977 624 1062 λέγειν,
654 977 831 1062 ἀγανακτεῖ
851 973 888 1045 δδ
910 976 966 1043 καλ
988 978 1082 1043 δεινά
1104 999 1186 1065 φησι

125 1079 129 1088 ’
176 1086 331 1171 πάσχειν,
367 1084 417 1150 ότι
447 1095 509 1151 τοῦ
540 1087 661 1170 πατρὸς
692 1087 955 1168 τετελευτηκότος
986 1083 1186 1166 ἀγωνίζεται.

179 1190 286 1257 έκεῖνο
310 1188 339 1255 δ’
367 1191 428 1256 οὐκ
455 1190 648 1275 ἐνθυμεῖται
673 1190 916 1274 [Μακάρτατος]
946 1184 1113 1275 ὧάνδρες
1136 1193 1185 1256 δι-

177 1301 312 1380 κασταί,
335 1295 385 1361 ὅτι
408 1296 427 1362 6
449 1298 555 1380 πατὴρ
579 1296 683 1361 αὐτοῦ
706 1297 884 1380 ἀνθρωπος
904 1291 948 1378 ἦν
970 1297 1108 1380 θνητός,
1130 1295 1185 1361 καὶ

176 1403 383 1486 τετελεύτηκε
402 1397 470 1486 μετ’
488 1402 599 1467 ἀλλων
617 1406 750 1466 πολλῶν
772 1399 828 1466 καὶ
849 1400 1020 1487 νεωτέρων
1037 1399 1092 1466 καλ
1108 1423 1186 1487 πρε-

175 1506 359 1599 σβυτέρων.
403 1504 477 1573 ἀλλ’
508 1509 540 1572 εἰ
563 1510 755 1591 Θεόπομπος
776 1508 1003 1591 τετελεύτηκεν
1026 1507 1044 1573 6
1066 1509 1186 1574 τούτου

177 1617 304 1699 πατήρ,
330 1614 366 1679 οί
384 1616 482 1698 νόμοι
510 1612 552 1677 ού
577 1615 860 1701 τετελευτήκασιν,
886 1608 966 1678 οὐδὲ
992 1614 1030 1678 τὸ
1058 1615 1188 1680 δίκαιον

179 1719 424 1803 τετελεύτηκεν,
447 1716 519 1784 οὐδ’
547 1719 583 1784 οί
604 1717 754 1784 δικασταὶ
777 1718 813 1784 οί
831 1719 892 1801 την
913 1727 1028 1802 ψῆφον
1051 1722 1188 1805 ἔχοντες.

140 1844 166 1885 ιι
181 1827 250 1890 ἔστι
273 1821 303 1889 δ’
330 1824 349 1890 6
372 1834 435 1890 νῦν
459 1823 549 1908 ἀγὼν
571 1823 627 1889 καὶ
649 1823 670 1906 ἡ
694 1825 894 1906 διαδικασία,
917 1824 978 1889 οὐκ
1000 1830 1034 1890 εί
1051 1849 1100 1902 τις
1122 1825 1189 1891 ἕτε-

181 1955 239 2018 ρος
261 1927 374 2015 ἑτέρου
397 1933 555 2015 πρότερος
578 1929 598 2014 ἦ
621 1930 759 2015 ὕστερος
787 1930 1033 2014 τετελεύτηκεν,
1060 1927 1131 1995 ἀλλ’
1158 1933 1191 1996 εί

181 2037 225 2121 μη
243 2038 401 2121 προσήκει
416 2035 611 2119 ἐξελαθῆναι
631 2035 667 2100 ἐκ
685 2045 744 2102 τοῦ
763 2042 857 2101 οίκου
876 2045 936 2101 τοῦ
954 2033 1088 2120 Ἁγνίου
1111 2039 1189 2114 τοὺς

181 2145 324 2219 οἰκείους
354 2145 431 2218 τοὺς
455 2139 608 2226 Ἁγνίου,
641 2141 798 2220 ἀνεψιοὺς
832 2143 929 2218 ὄντας
957 2140 1013 2207 καλ
1042 2141 1189 2220 ἀνεψιῶν

180 2251 300 2326 παῖδας
317 2245 431 2335 Ἀγνίηι
454 2250 537 2333 πρὸς
553 2251 687 2333 πατρός,
709 2249 774 2314 ὑπὸ
797 2259 864 2312 τῶν
887 2247 923 2313 ἐκ
945 2258 1005 2315 τοῦ
1023 2252 1189 2334 Στρατίου

182 2361 276 2420 οίκου
298 2353 354 2419 καὶ
380 2350 484 2439 μηδὲν
511 2357 746 2441 προσηκόντων
776 2354 858 2419 ὥστε
880 2358 1100 2439 κληρονομεῖν
1122 2368 1190 2421 τῶν

176 2459 323 2544 Ἁγνίου,
345 2458 428 2524 ἀλλά
446 2459 535 2543 γε’νει
553 2458 709 2545 ἀπωτέρω
729 2461 845 2525 όντων.
890 2457 964 2545 περὶ
982 2462 1102 2526 τούτου
1125 2473 1190 2527 νῦν

182 2567 272 2632 ἐστιν
294 2567 313 2634 6
336 2565 435 2648 ἀγών.

142 2691 169 2731 ω
241 2670 312 2737 Ἔτι
340 2668 376 2736 δὲ
407 2669 609 2756 σαφέστερον
635 2673 805 2754 γνώσεσθε
837 2666 862 2735 ὦ
892 2672 1011 2756 ἀνδρες
1040 2674 1190 2739 δικασταὶ

182 2776 237 2844 καί
264 2777 300 2844 ἐκ
325 2778 423 2843 τοῦδε
450 2787 511 2843 τοῦ
538 2779 659 2861 νόμου,
691 2777 742 2841 ότι
766 2776 783 2843 6
811 2775 932 2842 Σόλων
961 2778 979 2845 6
1006 2777 1190 2863 νομοθέτης

183 2883 359 2962 σπουδάζει
376 2880 451 2968 περὶ
470 2885 548 2959 τοὺς
566 2884 719 2964 οἰκείους,
741 2881 796 2947 καλ
819 2883 859 2947 ού
882 2885 987 2967 μόνον
1010 2885 1128 2949 δίδωσι
1150 2887 1189 2950 ιά

182 2987 459 3073 καταλειφθέντα,
488 2988 571 3053 ἀλλά
593 2986 648 3053 καὶ
670 2989 710 3053 τά
732 2988 966 3072 προστάγματα
987 3001 1128 3056 ποιεῖται
1150 2991 1189 3055 τά

183 3097 326 3181 δυσχερῆ
350 3095 476 3159 ἀπαυτα
498 3105 567 3169 τοῖς
590 3097 823 3177 προσήκουσιν.
870 3093 942 3176 λέγε
965 3096 1025 3159 τὸν
1048 3099 1163 3180 νόμον.

620 3297 757 3349 ΝΟΜΟΣ.

298 3423 356 3484 Τὸν
375 3422 569 3486 ἀποθανόντα
586 3424 784 3502 προτίθεσθαι
801 3422 898 3499 ἔνδον,
922 3424 1002 3499 ὅπως
1020 3425 1058 3487 ἀν
1081 3427 1187 3506 βούλη-
1200 3451 1261 3500 1071

229 3544 284 3580 ται.
320 3519 453 3599 ἐκφέρειν
473 3519 504 3581 δὲ
523 3520 574 3581 τὸν
592 3519 785 3596 ἀποθανόντα
807 3531 841 3605 τῇ
860 3520 996 3608 ύστεραίμ
1017 3511 1037 3608 ᾖ
1056 3521 1095 3585 ἀν
1117 3546 1189 3604 προ·
