2658 3922
467 178 563 229 xm
581 176 803 231 ωεοκεωεον.
839 209 844 216 -
1076 171 1142 236 225

128 347 199 414 τοῖς
220 334 438 421 βουλομένοις
460 336 612 423 εὐορκεῖν
635 336 676 402 οό
699 343 807 416 καλῶς
829 339 896 423 ἔχει
916 336 1040 418 ταύτην
1062 332 1142 398 όπο-
1165 293 1168 302 ¹

127 442 327 526 γιγνώσκειν
344 444 406 527 τήν
424 442 578 528 ἔνδειξιν,
601 439 685 528 λαβέ
700 466 757 527 μοι
778 444 816 510 τὸ
838 438 981 527 ψήφισμ’
1008 439 1027 508 δ
1050 435 1141 506 εἶπεν

74 569 112 609 18
128 546 165 613 ἐν
187 558 257 625 τοῖς
279 545 436 634 φυλέταις
457 549 676 634 Σκιρωνίδης.
720 548 923 634 προσελθὼν,
940 548 1004 632 γάρ
1027 542 1142 613 οὑτοσί

129 655 310 741 Θεοκρίνης
327 653 540 738 ὡμολόγησεν
560 653 708 739 ὀφείλειν
731 651 786 718 καί
809 651 966 719 ἐκτείσειν
988 651 1140 719 ἐναντίον

127 769 195 824 των
204 765 368 845 φυλετῶν,
382 758 494 844 ἐπειδή
504 762 703 847 προσιόντας
714 758 799 843 ήμάς
812 756 936 846 ᾔσθετο
949 756 1005 825 καὶ
1022 762 1142 844 βουλο-

127 862 249 950 μένους
266 863 454 950 άντίγραφα
472 873 545 930 τῶν
558 861 596 930 ἐν
613 871 659 951 τῷ
679 866 888 1022 γραμματείφ
905 862 1141 951 γεγραμμένων

128 973 253 1055 λαβεῖν.

489 1105 490 1108 =
543 1075 727 1130 ΨΗΦΙΣΜΔ.

196 1182 293 1249 Πολό
322 1206 345 1266 γ
344 1179 424 1248 ’τάν
450 1175 478 1248 ὦ
505 1182 625 1267 άνδρες
649 1177 824 1264 Ἀθηναῖοι
846 1183 1036 1259 Λεοντίδας
1063 1185 1142 1260 τοὺς

128 1288 378 1372 ἀναγκάσαντας
413 1286 599 1354 ἀποδοῦναι
631 1290 815 1374 Θεοκρίνην
849 1287 908 1365 τὰς
943 1284 1046 1354 ἑπτά
1044 1297 1142 1374 μνᾶς

130 1391 300 1482 ἐπῃνέσατ’
327 1392 370 1460 δν
391 1397 518 1478 μᾶλλον
541 1391 562 1478 ή
583 1402 713 1459 τοῦτον.

80 1525 113 1565 ιε
201 1499 361 1586 Τέταρτος
392 1503 508 1566 τοίνυν
534 1503 639 1584 νόμος
671 1498 762 1566 ἐστίν
789 1497 956 1587 (ὁμολογῶ
981 1501 1047 1588 γὰρ
1073 1509 1142 1568 τῶν

128 1607 247 1695 τούτῳ
266 1603 507 1692 πεπραγμένων
534 1606 576 1671 τὰ
603 1603 728 1674 πλεῖστ’
760 1604 964 1692 ἐξητακέναι)
990 1604 1069 1672 καθ’
1100 1607 1140 1674 δν

129 1712 257 1798 ὀφείλει
284 1715 502 1789 πεντακοσίας
531 1712 678 1798 δραχμάς
708 1714 888 1798 Θεοκρίνης
915 1712 1046 1797 οὑτοσί,
1078 1714 1141 1781 οὐκ

130 1817 345 1895 ἐκτετεικότος
372 1816 460 1905 αὐτῷ
488 1827 550 1885 τοῦ
577 1819 700 1904 πατρὸς
726 1817 767 1895 ἃς
790 1824 989 1905 προσῶφλεν
1020 1818 1140 1906 άφελό

130 1946 230 2008 μενος
254 1923 316 2008 τήν
343 1923 591 2009 Κηφισοδώρου
619 1923 831 2009 θεράπαιναν
856 1926 905 2001 είς
933 1924 1139 2013 ἐλευθερίαν,

131 2028 215 2096 ἀλλὰ
239 2025 496 2113 διοικησαμένου
522 2030 606 2114 πρὸς
627 2028 814 2112 Κτησικλέα
834 2031 894 2098 τὸν
910 2032 1139 2117 λογογράφον,

132 2135 169 2218 δς
190 2129 234 2218 ἦν
257 2131 311 2198 ἐπὶ
332 2144 402 2210 τοῖς
427 2143 496 2202 τῶν
524 2131 704 2199 ἀντιδίκων
724 2134 930 2220 πράγμασιν,
955 2135 1040 2202 ὥστε
1062 2133 1136 2221 μήτ’

85 2267 116 2306 εο
133 2239 274 2308 ἐκτεῖσαι
303 2235 376 2324 μήτ’
409 2239 458 2315 είς
485 2236 668 2325 ἀκρόπολιν
698 2238 926 2325 ἀνενεχθῆναι.
972 2241 1012 2320 ἃς
1040 2239 1141 2307 οὐδὲν

131 2341 232 2430 ήττον
260 2339 353 2428 οἶμαι
380 2347 562 2430 Θεοκρίνης
592 2343 720 2430 ὀφείλει
740 2343 819 2413 νυνί
840 2347 922 2412 κατὰ
943 2347 1003 2413 τὸν
1025 2349 1140 2432 νόμον.

134 2451 175 2519 οὐ
197 2451 260 2538 γάρ
288 2448 346 2516 ἐὰν
373 2451 560 2535 Κτησικλῆς
583 2449 601 2516 δ
624 2447 774 2535 μέτοικος
800 2452 997 2539 συγχωρήσῃ
1023 2453 1140 2544 τοάτφ,

131 2559 277 2643 πονηρὸς
297 2563 445 2644 πονηρῷ,
467 2557 511 2640 μή
533 2557 767 2642 παραδοθῆναι
788 2567 858 2636 τοῖς
877 2558 1060 2645 πράκτορσι
1080 2561 1140 2626 τὸν
1150 2579 1218 2634 1328

132 2665 366 2750 προσοφλόντα
382 2661 465 2730 κατὰ
482 2663 542 2729 τόν
559 2663 678 2746 νόμον,
700 2662 757 2730 διδ
773 2671 872 2730 τοῦτο
890 2664 945 2730 δεῖ
959 2666 1020 2749 τήν
1041 2669 1141 2733 πόλιν

134 2770 376 2855 ἀπεστερῆσθαι
397 2777 466 2834 τῶν
488 2765 614 2842 ἐκτῶν
631 2771 746 2854 νόμων
769 2767 983 2855 ἐπικειμένων
1006 2774 1140 2860 ζημιῶν,

134 2862 396 2961 άλλάζπροσήκει
422 2877 501 2952 τοὺς
528 2872 720 2952 ἀντιδίκους
746 2870 830 2961 ὑπὲρ
860 2871 921 2960 μὲν
942 2887 1009 2942 τῶν
1032 2878 1140 2964 ίδίων,

135 2982 222 3058 ὅπως
244 2979 286 3047 δν
308 2980 429 3058 αὑτοὺς
450 2984 611 3065 πείθωσι,
638 2981 840 3048 διοικεῖσθαι
861 2983 945 3068 πρὸς
966 2981 1139 3068 ἀλλήλους,

135 3083 218 3173 ὑπὲρ
250 3081 288 3154 δέ
318 3097 386 3155 τῶν
410 3088 494 3173 πρὸς
522 3088 560 3154 τὸ
587 3087 768 3172 δημόσιον,
799 3085 888 3164 ὅπως
914 3086 957 3154 δν
984 3087 1020 3154 οί
1043 3092 1141 3174 νόμοι

96 3221 122 3260 ει
136 3193 324 3260 κελεύωσιν.
368 3195 426 3258 καί
446 3216 503 3276 μοι
524 3189 598 3275 λέγε
619 3194 680 3260 τόν
700 3215 736 3259 τε
758 3195 875 3278 νόμον,
898 3191 934 3271 ὃς
954 3195 1082 3261 κελεύει
1102 3197 1141 3261 τὸ

136 3301 238 3385 ήμισυ
256 3308 316 3365 τοῦ
334 3301 511 3384 τιμήματος
528 3297 677 3384 ὀφείλειν
694 3305 740 3387 τῷ
759 3300 920 3389 δημοσίφ,
942 3298 1038 3380 δςδν
1061 3298 1141 3385 δόξη

138 3407 180 3491 μή
200 3406 335 3481 δικαίως
353 3406 400 3481 είς
416 3404 478 3488 τήν
496 3402 693 3491 ἐλευθερίαν
710 3401 905 3490 ἀφελέσθαι,
926 3402 983 3470 καλ
998 3404 1061 3488 τήν
1081 3409 1142 3468 τοῦ

139 3512 383 3598 Κηφισοδώρου
406 3513 601 3600 μαρτνρίανε
953 3583 989 3638 1.,

932 3614 965 3663 18
