<?xml version="1.0" encoding="UTF-8"?>
<!DOCTYPE html PUBLIC "-//W3C//DTD XHTML 1.0 Transitional//EN"
    "http://www.w3.org/TR/xhtml1/DTD/xhtml1-transitional.dtd">
<html xmlns="http://www.w3.org/1999/xhtml" xml:lang="en" lang="en">
 <head>
  <title>
</title>
<meta http-equiv="Content-Type" content="text/html;charset=utf-8" />
  <meta name='ocr-system' content='tesseract 3.04.00' />
  <meta name='ocr-capabilities' content='ocr_page ocr_carea ocr_par ocr_line ocrx_word'/>
</head>
<body>
  <div class='ocr_page' id='page_1' title='image "./orationes01demogoog_0273.png"; bbox 0 0 2658 3914; ppageno 0'>
   <div class='ocr_carea' id='block_1_1' title="bbox 222 163 913 235">
    <p class='ocr_par' dir='ltr' id='par_1_1' title="bbox 222 163 913 235">
     <span class='ocr_line' id='line_1_1' title="bbox 222 163 913 235; baseline 0 -19"><span class='ocrx_word' id='word_1_1' title='bbox 222 165 287 230; x_wconf 79' lang='lat'><strong><em>180</em></strong></span> <span class='ocrx_word' id='word_1_2' title='bbox 546 167 578 218; x_wconf 72' lang='lat' dir='ltr'><strong><em>n.</em></strong></span> <span class='ocrx_word' id='word_1_3' title='bbox 609 163 913 235; x_wconf 71' lang='grc' dir='ltr'><strong><em>[Δεωοεοεαονε]</em></strong></span> 
     </span>
    </p>
   </div>
   <div class='ocr_carea' id='block_1_2' title="bbox 622 323 826 378">
    <p class='ocr_par' dir='ltr' id='par_1_2' title="bbox 622 323 826 378">
     <span class='ocr_line' id='line_1_2' title="bbox 622 323 826 378; baseline 0.015 -4"><span class='ocrx_word' id='word_1_4' title='bbox 622 323 826 378; x_wconf 74' lang='grc' dir='ltr'><strong>ΜΑΡΓΓΡΙΑΙ.</strong></span> 
     </span>
    </p>
   </div>
   <div class='ocr_carea' id='block_1_3' title="bbox 180 425 1232 622">
    <p class='ocr_par' dir='ltr' id='par_1_3' title="bbox 180 425 1232 622">
     <span class='ocr_line' id='line_1_3' title="bbox 180 425 1232 516; baseline 0.003 -26"><span class='ocrx_word' id='word_1_5' title='bbox 180 447 205 490; x_wconf 83' lang='grc' dir='ltr'><strong><em>ιτ</em></strong></span> <span class='ocrx_word' id='word_1_6' title='bbox 278 427 388 496; x_wconf 80' lang='grc' dir='ltr'><strong><em>Ὅσων</em></strong></span> <span class='ocrx_word' id='word_1_7' title='bbox 417 425 479 516; x_wconf 74' lang='grc' dir='ltr'><strong><em>μέν</em></strong></span> <span class='ocrx_word' id='word_1_8' title='bbox 507 431 623 496; x_wconf 81' lang='grc' dir='ltr'><strong><em>τοίνυν</em></strong></span> <span class='ocrx_word' id='word_1_9' title='bbox 652 428 732 513; x_wconf 88' lang='grc' dir='ltr'><strong><em>ῦμῖν</em></strong></span> <span class='ocrx_word' id='word_1_10' title='bbox 761 428 935 514; x_wconf 90' lang='grc' dir='ltr'><strong><em>ήδυνάμην</em></strong></span> <span class='ocrx_word' id='word_1_11' title='bbox 963 429 1022 506; x_wconf 81' lang='grc' dir='ltr'><strong><em>τὰς</em></strong></span> <span class='ocrx_word' id='word_1_12' title='bbox 1049 430 1232 514; x_wconf 78' lang='grc' dir='ltr'><strong><em>μαρτυρίας</em></strong></span> 
     </span>
     <span class='ocr_line' id='line_1_4' title="bbox 218 531 1230 622; baseline -0.004 -19"><span class='ocrx_word' id='word_1_13' title='bbox 218 534 448 622; x_wconf 73' lang='grc' dir='ltr'><strong><em>παρασχέσθαι</em></strong></span> <span class='ocrx_word' id='word_1_14' title='bbox 469 545 537 602; x_wconf 78' lang='grc' dir='ltr'><strong><em>τῶν</em></strong></span> <span class='ocrx_word' id='word_1_15' title='bbox 558 531 853 619; x_wconf 89' lang='grc' dir='ltr'><strong><em>παραγενομένων,</em></strong></span> <span class='ocrx_word' id='word_1_16' title='bbox 875 532 1144 619; x_wconf 82' lang='grc' dir='ltr'><strong><em>ὡςπαρεδίδουν</em></strong></span> <span class='ocrx_word' id='word_1_17' title='bbox 1167 535 1230 620; x_wconf 88' lang='grc' dir='ltr'><strong><em>τήν</em></strong></span> 
     </span>
    </p>
   </div>
   <div class='ocr_carea' id='block_1_4' title="bbox 217 634 1231 728">
    <p class='ocr_par' dir='ltr' id='par_1_4' title="bbox 217 634 1231 728">
     <span class='ocr_line' id='line_1_5' title="bbox 217 634 1231 728; baseline -0.004 -19"><span class='ocrx_word' id='word_1_18' title='bbox 217 651 304 709; x_wconf 91' lang='grc' dir='ltr'><strong><em>ναῦν</em></strong></span> <span class='ocrx_word' id='word_1_19' title='bbox 323 643 495 708; x_wconf 73' lang='grc' dir='ltr'><strong><em>Πολυκλεῖ</em></strong></span> <span class='ocrx_word' id='word_1_20' title='bbox 513 639 680 724; x_wconf 84' lang='grc' dir='ltr'><strong><em>πολλάκις,</em></strong></span> <span class='ocrx_word' id='word_1_21' title='bbox 702 634 800 718; x_wconf 80' lang='grc' dir='ltr'><strong><em>οὗτος</em></strong></span> <span class='ocrx_word' id='word_1_22' title='bbox 822 635 853 707; x_wconf 91' lang='grc' dir='ltr'><strong><em>δ’</em></strong></span> <span class='ocrx_word' id='word_1_23' title='bbox 876 639 938 706; x_wconf 81' lang='grc' dir='ltr'><strong><em>οὐκ</em></strong></span> <span class='ocrx_word' id='word_1_24' title='bbox 960 637 1103 725; x_wconf 82' lang='grc' dir='ltr'><strong><em>ήθέλησε</em></strong></span> <span class='ocrx_word' id='word_1_25' title='bbox 1125 661 1231 728; x_wconf 87' lang='grc' dir='ltr'><strong><em>παρα-</em></strong></span> 
     </span>
    </p>
   </div>
   <div class='ocr_carea' id='block_1_5' title="bbox 179 739 1307 3576">
    <p class='ocr_par' dir='ltr' id='par_1_5' title="bbox 217 739 1231 1365">
     <span class='ocr_line' id='line_1_6' title="bbox 218 739 1230 832; baseline 0 -20"><span class='ocrx_word' id='word_1_26' title='bbox 218 749 345 831; x_wconf 85' lang='grc' dir='ltr'><strong><em>λαβεῖν,</em></strong></span> <span class='ocrx_word' id='word_1_27' title='bbox 368 743 556 830; x_wconf 91' lang='grc' dir='ltr'><strong><em>ἀνέγνωκεν</em></strong></span> <span class='ocrx_word' id='word_1_28' title='bbox 572 743 667 830; x_wconf 81' lang='grc' dir='ltr'><strong><em>ὑμῖν·</em></strong></span> <span class='ocrx_word' id='word_1_29' title='bbox 690 745 738 810; x_wconf 81' lang='grc' dir='ltr'><strong><em>ἔτι</em></strong></span> <span class='ocrx_word' id='word_1_30' title='bbox 756 739 794 811; x_wconf 73' lang='grc' dir='ltr'><strong><em>δὲ</em></strong></span> <span class='ocrx_word' id='word_1_31' title='bbox 815 743 871 810; x_wconf 83' lang='grc' dir='ltr'><strong><em>καὶ</em></strong></span> <span class='ocrx_word' id='word_1_32' title='bbox 893 744 930 811; x_wconf 85' lang='grc' dir='ltr'><strong><em>ἐκ</em></strong></span> <span class='ocrx_word' id='word_1_33' title='bbox 952 748 1136 832; x_wconf 89' lang='grc' dir='ltr'><strong><em>τεκμηρίων</em></strong></span> <span class='ocrx_word' id='word_1_34' title='bbox 1159 746 1230 812; x_wconf 83' lang='grc' dir='ltr'><strong><em>λκα-</em></strong></span> 
     </span>
     <span class='ocr_line' id='line_1_7' title="bbox 217 850 1230 938; baseline -0.001 -19"><span class='ocrx_word' id='word_1_35' title='bbox 217 863 288 919; x_wconf 83' lang='grc' dir='ltr'><strong><em>νῦν</em></strong></span> <span class='ocrx_word' id='word_1_36' title='bbox 311 852 483 937; x_wconf 73' lang='grc' dir='ltr'><strong><em>δεδήλωκα</em></strong></span> <span class='ocrx_word' id='word_1_37' title='bbox 504 850 598 936; x_wconf 82' lang='grc' dir='ltr'><strong><em>ὑμῖν,</em></strong></span> <span class='ocrx_word' id='word_1_38' title='bbox 625 851 711 917; x_wconf 92' lang='grc' dir='ltr'><strong><em>διότι</em></strong></span> <span class='ocrx_word' id='word_1_39' title='bbox 733 850 795 917; x_wconf 80' lang='grc' dir='ltr'><strong><em>οὐκ</em></strong></span> <span class='ocrx_word' id='word_1_40' title='bbox 817 851 918 936; x_wconf 86' lang='grc' dir='ltr'><strong><em>ήθελε</em></strong></span> <span class='ocrx_word' id='word_1_41' title='bbox 940 854 1146 938; x_wconf 70' lang='grc' dir='ltr'><strong><em>παραλαβεῖν</em></strong></span> <span class='ocrx_word' id='word_1_42' title='bbox 1167 851 1230 936; x_wconf 87' lang='grc' dir='ltr'><strong><em>τήν</em></strong></span> 
     </span>
     <span class='ocr_line' id='line_1_8' title="bbox 218 952 1231 1043; baseline -0.002 -19"><span class='ocrx_word' id='word_1_43' title='bbox 218 968 313 1026; x_wconf 84' lang='grc' dir='ltr'><strong><em>ναῦν.</em></strong></span> <span class='ocrx_word' id='word_1_44' title='bbox 349 957 512 1043; x_wconf 80' lang='grc' dir='ltr'><strong><em>βούλομαι</em></strong></span> <span class='ocrx_word' id='word_1_45' title='bbox 531 952 563 1022; x_wconf 89' lang='grc' dir='ltr'><strong><em>δ’</em></strong></span> <span class='ocrx_word' id='word_1_46' title='bbox 584 956 665 1040; x_wconf 85' lang='grc' dir='ltr'><strong><em>ὑμῖν</em></strong></span> <span class='ocrx_word' id='word_1_47' title='bbox 685 953 822 1023; x_wconf 82' lang='grc' dir='ltr'><strong><em>καὶτὸν</em></strong></span> <span class='ocrx_word' id='word_1_48' title='bbox 844 959 949 1041; x_wconf 89' lang='grc' dir='ltr'><strong><em>νόμον</em></strong></span> <span class='ocrx_word' id='word_1_49' title='bbox 972 952 1231 1041; x_wconf 71' lang='grc' dir='ltr'><strong><em>ἀναγνωσθῆναι</em></strong></span> 
     </span>
     <span class='ocr_line' id='line_1_9' title="bbox 217 1056 1228 1149; baseline 0 -21"><span class='ocrx_word' id='word_1_50' title='bbox 217 1065 277 1130; x_wconf 86' lang='grc' dir='ltr'><strong><em>τὸν</em></strong></span> <span class='ocrx_word' id='word_1_51' title='bbox 298 1061 463 1149; x_wconf 75' lang='grc' dir='ltr'><strong><em>περὶτῶν</em></strong></span> <span class='ocrx_word' id='word_1_52' title='bbox 487 1064 665 1149; x_wconf 84' lang='grc' dir='ltr'><strong><em>διαδόχων,</em></strong></span> <span class='ocrx_word' id='word_1_53' title='bbox 691 1059 736 1128; x_wconf 79' lang='grc' dir='ltr'><strong><em>ἵν’</em></strong></span> <span class='ocrx_word' id='word_1_54' title='bbox 762 1063 870 1146; x_wconf 79' lang='grc' dir='ltr'><strong><em>εἰδῆτε</em></strong></span> <span class='ocrx_word' id='word_1_55' title='bbox 892 1056 1017 1146; x_wconf 78' lang='grc' dir='ltr'><strong><em>ἡλίκων</em></strong></span> <span class='ocrx_word' id='word_1_56' title='bbox 1038 1072 1107 1129; x_wconf 81' lang='grc' dir='ltr'><strong><em>τῶν</em></strong></span> <span class='ocrx_word' id='word_1_57' title='bbox 1129 1061 1228 1128; x_wconf 85' lang='grc' dir='ltr'><strong><em>ἐπιτι-</em></strong></span> 
     </span>
     <span class='ocr_line' id='line_1_10' title="bbox 218 1167 1228 1256; baseline -0.001 -21"><span class='ocrx_word' id='word_1_58' title='bbox 218 1173 304 1254; x_wconf 88' lang='grc' dir='ltr'><strong><em>μίων</em></strong></span> <span class='ocrx_word' id='word_1_59' title='bbox 326 1171 446 1256; x_wconf 83' lang='grc' dir='ltr'><strong><em>όντων,</em></strong></span> <span class='ocrx_word' id='word_1_60' title='bbox 472 1168 531 1237; x_wconf 91' lang='grc' dir='ltr'><strong><em>ἐάν</em></strong></span> <span class='ocrx_word' id='word_1_61' title='bbox 558 1193 608 1246; x_wconf 90' lang='grc' dir='ltr'><strong><em>τις</em></strong></span> <span class='ocrx_word' id='word_1_62' title='bbox 633 1169 678 1254; x_wconf 85' lang='grc' dir='ltr'><strong><em>μή</em></strong></span> <span class='ocrx_word' id='word_1_63' title='bbox 706 1167 894 1253; x_wconf 79' lang='grc' dir='ltr'><strong><em>διαδέξηται</em></strong></span> <span class='ocrx_word' id='word_1_64' title='bbox 920 1169 982 1253; x_wconf 82' lang='grc' dir='ltr'><strong><em>τήν</em></strong></span> <span class='ocrx_word' id='word_1_65' title='bbox 1009 1177 1095 1235; x_wconf 82' lang='grc' dir='ltr'><strong><em>ναῦν</em></strong></span> <span class='ocrx_word' id='word_1_66' title='bbox 1123 1167 1161 1234; x_wconf 90' lang='grc' dir='ltr'><strong><em>ἐν</em></strong></span> <span class='ocrx_word' id='word_1_67' title='bbox 1183 1176 1228 1256; x_wconf 75' lang='grc' dir='ltr'><strong><em>τῷ</em></strong></span> 
     </span>
     <span class='ocr_line' id='line_1_11' title="bbox 218 1272 1229 1365; baseline -0.002 -23"><span class='ocrx_word' id='word_1_68' title='bbox 218 1278 327 1365; x_wconf 78' lang='grc' dir='ltr'><strong><em>χρόνῳ</em></strong></span> <span class='ocrx_word' id='word_1_69' title='bbox 349 1285 396 1364; x_wconf 78' lang='grc' dir='ltr'><strong><em>τῷ</em></strong></span> <span class='ocrx_word' id='word_1_70' title='bbox 426 1273 605 1364; x_wconf 77' lang='grc' dir='ltr'><strong><em>είρημένμ,</em></strong></span> <span class='ocrx_word' id='word_1_71' title='bbox 633 1277 880 1361; x_wconf 83' lang='grc' dir='ltr'><strong><em>κατεφρόνησεν</em></strong></span> <span class='ocrx_word' id='word_1_72' title='bbox 909 1273 972 1340; x_wconf 82' lang='grc' dir='ltr'><strong><em>οὐκ</em></strong></span> <span class='ocrx_word' id='word_1_73' title='bbox 1001 1272 1083 1358; x_wconf 91' lang='grc' dir='ltr'><strong><em>ἐμοῦ</em></strong></span> <span class='ocrx_word' id='word_1_74' title='bbox 1112 1277 1229 1358; x_wconf 91' lang='grc' dir='ltr'><strong><em>μόνον,</em></strong></span> 
     </span>
    </p>

    <p class='ocr_par' dir='ltr' id='par_1_6' title="bbox 180 1373 1229 2099">
     <span class='ocr_line' id='line_1_12' title="bbox 180 1373 1229 1465; baseline 0 -19"><span class='ocrx_word' id='word_1_75' title='bbox 180 1396 206 1439; x_wconf 75' lang='lat'><strong><em>⁶⁸</em></strong></span> <span class='ocrx_word' id='word_1_76' title='bbox 220 1379 304 1447; x_wconf 80' lang='grc' dir='ltr'><strong><em>ἀλλά</em></strong></span> <span class='ocrx_word' id='word_1_77' title='bbox 330 1379 385 1448; x_wconf 81' lang='grc' dir='ltr'><strong><em>καὶ</em></strong></span> <span class='ocrx_word' id='word_1_78' title='bbox 411 1379 506 1465; x_wconf 82' lang='grc' dir='ltr'><strong><em>δμῶν</em></strong></span> <span class='ocrx_word' id='word_1_79' title='bbox 533 1377 677 1446; x_wconf 83' lang='grc' dir='ltr'><strong><em>καὶτῶν</em></strong></span> <span class='ocrx_word' id='word_1_80' title='bbox 699 1382 822 1464; x_wconf 87' lang='grc' dir='ltr'><strong><em>νόμων.</em></strong></span> <span class='ocrx_word' id='word_1_81' title='bbox 857 1377 914 1444; x_wconf 81' lang='grc' dir='ltr'><strong><em>καὶ</em></strong></span> <span class='ocrx_word' id='word_1_82' title='bbox 941 1377 997 1444; x_wconf 78' lang='grc' dir='ltr'><strong><em>διὰ</em></strong></span> <span class='ocrx_word' id='word_1_83' title='bbox 1023 1373 1084 1464; x_wconf 80' lang='grc' dir='ltr'><strong><em>μέν</em></strong></span> <span class='ocrx_word' id='word_1_84' title='bbox 1110 1389 1229 1446; x_wconf 86' lang='grc' dir='ltr'><strong><em>τοῦτον</em></strong></span> 
     </span>
     <span class='ocr_line' id='line_1_13' title="bbox 218 1481 1228 1572; baseline -0.001 -20"><span class='ocrx_word' id='word_1_85' title='bbox 218 1487 325 1552; x_wconf 90' lang='grc' dir='ltr'><strong><em>πάντα</em></strong></span> <span class='ocrx_word' id='word_1_86' title='bbox 353 1492 393 1572; x_wconf 78' lang='grc' dir='ltr'><strong><em>τῇ</em></strong></span> <span class='ocrx_word' id='word_1_87' title='bbox 419 1488 515 1553; x_wconf 87' lang='grc' dir='ltr'><strong><em>πόλει</em></strong></span> <span class='ocrx_word' id='word_1_88' title='bbox 541 1486 690 1571; x_wconf 84' lang='grc' dir='ltr'><strong><em>ἀπρακτα</em></strong></span> <span class='ocrx_word' id='word_1_89' title='bbox 716 1482 833 1569; x_wconf 82' lang='grc' dir='ltr'><strong><em>γέγονε</em></strong></span> <span class='ocrx_word' id='word_1_90' title='bbox 859 1481 916 1550; x_wconf 83' lang='grc' dir='ltr'><strong><em>καὶ</em></strong></span> <span class='ocrx_word' id='word_1_91' title='bbox 940 1495 1011 1562; x_wconf 88' lang='grc' dir='ltr'><strong><em>τοῖς</em></strong></span> <span class='ocrx_word' id='word_1_92' title='bbox 1033 1484 1228 1572; x_wconf 84' lang='grc' dir='ltr'><strong><em>συμμάχοις·</em></strong></span> 
     </span>
     <span class='ocr_line' id='line_1_14' title="bbox 219 1587 1223 1677; baseline 0.002 -21"><span class='ocrx_word' id='word_1_93' title='bbox 219 1591 295 1657; x_wconf 76' lang='grc' dir='ltr'><strong><em>οὔτε</em></strong></span> <span class='ocrx_word' id='word_1_94' title='bbox 318 1590 382 1677; x_wconf 78' lang='grc' dir='ltr'><strong><em>γάρ</em></strong></span> <span class='ocrx_word' id='word_1_95' title='bbox 406 1589 541 1676; x_wconf 87' lang='grc' dir='ltr'><strong><em>ἀφίκετο</em></strong></span> <span class='ocrx_word' id='word_1_96' title='bbox 565 1588 619 1656; x_wconf 77' lang='grc' dir='ltr'><strong><em>ἐπὶ</em></strong></span> <span class='ocrx_word' id='word_1_97' title='bbox 639 1591 701 1676; x_wconf 88' lang='grc' dir='ltr'><strong><em>τήν</em></strong></span> <span class='ocrx_word' id='word_1_98' title='bbox 723 1600 809 1657; x_wconf 86' lang='grc' dir='ltr'><strong><em>ναῦν</em></strong></span> <span class='ocrx_word' id='word_1_99' title='bbox 831 1589 913 1656; x_wconf 79' lang='grc' dir='ltr'><strong><em>κατὰ</em></strong></span> <span class='ocrx_word' id='word_1_100' title='bbox 934 1591 993 1656; x_wconf 87' lang='grc' dir='ltr'><strong><em>τὸν</em></strong></span> <span class='ocrx_word' id='word_1_101' title='bbox 1015 1592 1133 1675; x_wconf 91' lang='grc' dir='ltr'><strong><em>νόμον,</em></strong></span> <span class='ocrx_word' id='word_1_102' title='bbox 1156 1587 1223 1658; x_wconf 81' lang='grc' dir='ltr'><strong><em>οὔτ’</em></strong></span> 
     </span>
     <span class='ocr_line' id='line_1_15' title="bbox 219 1690 1227 1780; baseline 0.002 -19"><span class='ocrx_word' id='word_1_103' title='bbox 219 1694 331 1778; x_wconf 88' lang='grc' dir='ltr'><strong><em>ἐπειδή</em></strong></span> <span class='ocrx_word' id='word_1_104' title='bbox 361 1690 467 1780; x_wconf 85' lang='grc' dir='ltr'><strong><em>ήλθεν</em></strong></span> <span class='ocrx_word' id='word_1_105' title='bbox 495 1692 638 1780; x_wconf 88' lang='grc' dir='ltr'><strong><em>ήθέλησε</em></strong></span> <span class='ocrx_word' id='word_1_106' title='bbox 668 1693 896 1774; x_wconf 75' lang='grc' dir='ltr'><strong><em>διαδέξασθαι·</em></strong></span> <span class='ocrx_word' id='word_1_107' title='bbox 927 1694 991 1778; x_wconf 78' lang='grc' dir='ltr'><strong><em>ἐγὼ</em></strong></span> <span class='ocrx_word' id='word_1_108' title='bbox 1021 1691 1059 1760; x_wconf 73' lang='grc' dir='ltr'><strong><em>δὲ</em></strong></span> <span class='ocrx_word' id='word_1_109' title='bbox 1088 1693 1145 1761; x_wconf 87' lang='grc' dir='ltr'><strong><em>καλ</em></strong></span> <span class='ocrx_word' id='word_1_110' title='bbox 1170 1698 1227 1763; x_wconf 86' lang='grc' dir='ltr'><strong><em>τδν</em></strong></span> 
     </span>
     <span class='ocr_line' id='line_1_16' title="bbox 218 1795 1227 1888; baseline 0.001 -22"><span class='ocrx_word' id='word_1_111' title='bbox 218 1795 302 1886; x_wconf 73' lang='grc' dir='ltr'><strong><em>ὑπὲρ</em></strong></span> <span class='ocrx_word' id='word_1_112' title='bbox 324 1797 469 1884; x_wconf 79' lang='grc' dir='ltr'><strong><em>ἐμαυτοῦ</em></strong></span> <span class='ocrx_word' id='word_1_113' title='bbox 491 1800 572 1885; x_wconf 82' lang='grc' dir='ltr'><strong><em>ὑμῖν</em></strong></span> <span class='ocrx_word' id='word_1_114' title='bbox 594 1803 717 1887; x_wconf 89' lang='grc' dir='ltr'><strong><em>χρόνον</em></strong></span> <span class='ocrx_word' id='word_1_115' title='bbox 734 1799 790 1867; x_wconf 81' lang='grc' dir='ltr'><strong><em>καὶ</em></strong></span> <span class='ocrx_word' id='word_1_116' title='bbox 807 1803 867 1868; x_wconf 88' lang='grc' dir='ltr'><strong><em>τὸν</em></strong></span> <span class='ocrx_word' id='word_1_117' title='bbox 888 1796 972 1886; x_wconf 74' lang='grc' dir='ltr'><strong><em>ὑπὲρ</em></strong></span> <span class='ocrx_word' id='word_1_118' title='bbox 994 1809 1054 1866; x_wconf 91' lang='grc' dir='ltr'><strong><em>τοῦ</em></strong></span> <span class='ocrx_word' id='word_1_119' title='bbox 1077 1817 1227 1888; x_wconf 89' lang='grc' dir='ltr'><strong><em>συντριη-</em></strong></span> 
     </span>
     <span class='ocr_line' id='line_1_17' title="bbox 219 1904 1227 1994; baseline 0.003 -23"><span class='ocrx_word' id='word_1_120' title='bbox 219 1905 345 1992; x_wconf 90' lang='grc' dir='ltr'><strong><em>ράρχου</em></strong></span> <span class='ocrx_word' id='word_1_121' title='bbox 368 1905 610 1994; x_wconf 74' lang='grc' dir='ltr'><strong><em>ἐλῃτούργησα,</em></strong></span> <span class='ocrx_word' id='word_1_122' title='bbox 635 1904 692 1972; x_wconf 87' lang='grc' dir='ltr'><strong><em>καλ</em></strong></span> <span class='ocrx_word' id='word_1_123' title='bbox 715 1905 828 1992; x_wconf 80' lang='grc' dir='ltr'><strong><em>ἐπειδή</em></strong></span> <span class='ocrx_word' id='word_1_124' title='bbox 851 1905 972 1992; x_wconf 78' lang='grc' dir='ltr'><strong><em>ἐξῆλθέ</em></strong></span> <span class='ocrx_word' id='word_1_125' title='bbox 991 1931 1048 1992; x_wconf 89' lang='grc' dir='ltr'><strong><em>μοι</em></strong></span> <span class='ocrx_word' id='word_1_126' title='bbox 1070 1906 1089 1974; x_wconf 83' lang='grc' dir='ltr'><strong>ὁ</strong></span> <span class='ocrx_word' id='word_1_127' title='bbox 1111 1909 1227 1993; x_wconf 80' lang='grc' dir='ltr'><strong><em>χρόνος</em></strong></span> 
     </span>
     <span class='ocr_line' id='line_1_18' title="bbox 218 2013 1227 2099; baseline 0.004 -23"><span class='ocrx_word' id='word_1_128' title='bbox 218 2018 276 2095; x_wconf 84' lang='grc' dir='ltr'><strong><em>τής</em></strong></span> <span class='ocrx_word' id='word_1_129' title='bbox 289 2083 291 2089; x_wconf 61' lang='grc'><strong><em>,</em></strong></span> <span class='ocrx_word' id='word_1_130' title='bbox 304 2014 532 2098; x_wconf 78' lang='grc' dir='ltr'><strong><em>τριηραρχίας,</em></strong></span> <span class='ocrx_word' id='word_1_131' title='bbox 566 2013 826 2096; x_wconf 88' lang='grc' dir='ltr'><strong><em>προστάττοντός</em></strong></span> <span class='ocrx_word' id='word_1_132' title='bbox 860 2037 918 2097; x_wconf 92' lang='grc' dir='ltr'><strong><em>μοι</em></strong></span> <span class='ocrx_word' id='word_1_133' title='bbox 953 2022 1013 2079; x_wconf 86' lang='grc' dir='ltr'><strong><em>τοῦ</em></strong></span> <span class='ocrx_word' id='word_1_134' title='bbox 1045 2022 1227 2099; x_wconf 88' lang='grc' dir='ltr'><strong><em>στρατηγοῦ</em></strong></span> 
     </span>
    </p>

    <p class='ocr_par' dir='ltr' id='par_1_7' title="bbox 179 2114 1227 2839">
     <span class='ocr_line' id='line_1_19' title="bbox 179 2114 1223 2207; baseline 0.009 -32"><span class='ocrx_word' id='word_1_135' title='bbox 179 2133 206 2175; x_wconf 80' lang='grc' dir='ltr'><strong><em>τι</em></strong></span> <span class='ocrx_word' id='word_1_136' title='bbox 218 2120 314 2182; x_wconf 86' lang='grc' dir='ltr'><strong><em>πλεῖν</em></strong></span> <span class='ocrx_word' id='word_1_137' title='bbox 337 2114 389 2202; x_wconf 86' lang='grc' dir='ltr'><strong><em>ἐφ’</em></strong></span> <span class='ocrx_word' id='word_1_138' title='bbox 410 2114 516 2204; x_wconf 84' lang='grc' dir='ltr'><strong><em>Ἱερὸν</em></strong></span> <span class='ocrx_word' id='word_1_139' title='bbox 537 2115 733 2203; x_wconf 79' lang='grc' dir='ltr'><strong><em>παρέπεμψα</em></strong></span> <span class='ocrx_word' id='word_1_140' title='bbox 759 2125 805 2206; x_wconf 70' lang='grc' dir='ltr'><strong><em>τῷ</em></strong></span> <span class='ocrx_word' id='word_1_141' title='bbox 833 2119 927 2207; x_wconf 76' lang='grc' dir='ltr'><strong><em>δήμω</em></strong></span> <span class='ocrx_word' id='word_1_142' title='bbox 954 2119 1013 2184; x_wconf 89' lang='grc' dir='ltr'><strong><em>τὸν</em></strong></span> <span class='ocrx_word' id='word_1_143' title='bbox 1041 2129 1152 2202; x_wconf 88' lang='grc' dir='ltr'><strong><em>σῖτον,</em></strong></span> <span class='ocrx_word' id='word_1_144' title='bbox 1178 2115 1223 2185; x_wconf 79' lang='grc' dir='ltr'><strong><em>ἵν’</em></strong></span> 
     </span>
     <span class='ocr_line' id='line_1_20' title="bbox 218 2218 1227 2310; baseline 0.001 -22"><span class='ocrx_word' id='word_1_145' title='bbox 218 2224 311 2309; x_wconf 86' lang='grc' dir='ltr'><strong><em>έχητε</em></strong></span> <span class='ocrx_word' id='word_1_146' title='bbox 342 2225 499 2310; x_wconf 83' lang='grc' dir='ltr'><strong><em>ἀφθονον</em></strong></span> <span class='ocrx_word' id='word_1_147' title='bbox 534 2221 696 2289; x_wconf 82' lang='grc' dir='ltr'><strong><em>ὠνεῖσθαι</em></strong></span> <span class='ocrx_word' id='word_1_148' title='bbox 731 2219 787 2288; x_wconf 80' lang='grc' dir='ltr'><strong><em>καὶ</em></strong></span> <span class='ocrx_word' id='word_1_149' title='bbox 819 2219 923 2308; x_wconf 75' lang='grc' dir='ltr'><strong><em>μηδὲν</em></strong></span> <span class='ocrx_word' id='word_1_150' title='bbox 954 2223 1035 2308; x_wconf 80' lang='grc' dir='ltr'><strong><em>ὑμῖν</em></strong></span> <span class='ocrx_word' id='word_1_151' title='bbox 1066 2219 1136 2290; x_wconf 79' lang='grc' dir='ltr'><strong><em>κατ’</em></strong></span> <span class='ocrx_word' id='word_1_152' title='bbox 1173 2218 1227 2309; x_wconf 72' lang='grc' dir='ltr'><strong><em>ἐμὲ</em></strong></span> 
     </span>
     <span class='ocr_line' id='line_1_21' title="bbox 219 2324 1226 2416; baseline 0.001 -22"><span class='ocrx_word' id='word_1_153' title='bbox 219 2327 423 2415; x_wconf 86' lang='grc' dir='ltr'><strong><em>ἐλλείπηται,</em></strong></span> <span class='ocrx_word' id='word_1_154' title='bbox 452 2325 508 2394; x_wconf 85' lang='grc' dir='ltr'><strong><em>καὶ</em></strong></span> <span class='ocrx_word' id='word_1_155' title='bbox 536 2329 621 2394; x_wconf 80' lang='grc' dir='ltr'><strong><em>ἀλλα</em></strong></span> <span class='ocrx_word' id='word_1_156' title='bbox 650 2328 712 2394; x_wconf 83' lang='grc' dir='ltr'><strong><em>ὅσα</em></strong></span> <span class='ocrx_word' id='word_1_157' title='bbox 734 2326 755 2413; x_wconf 88' lang='grc' dir='ltr'><strong><em>ή</em></strong></span> <span class='ocrx_word' id='word_1_158' title='bbox 779 2324 852 2413; x_wconf 84' lang='grc' dir='ltr'><strong><em>ἐμοὶ</em></strong></span> <span class='ocrx_word' id='word_1_159' title='bbox 874 2326 895 2413; x_wconf 88' lang='grc' dir='ltr'><strong><em>ή</em></strong></span> <span class='ocrx_word' id='word_1_160' title='bbox 917 2337 956 2415; x_wconf 75' lang='grc' dir='ltr'><strong><em>τῇ</em></strong></span> <span class='ocrx_word' id='word_1_161' title='bbox 986 2330 1112 2416; x_wconf 81' lang='grc' dir='ltr'><strong><em>τριήρει</em></strong></span> <span class='ocrx_word' id='word_1_162' title='bbox 1135 2327 1226 2414; x_wconf 90' lang='grc' dir='ltr'><strong><em>ἐβου-</em></strong></span> 
     </span>
     <span class='ocr_line' id='line_1_22' title="bbox 207 2431 1226 2523; baseline 0.001 -23"><span class='ocrx_word' id='word_1_163' title='bbox 207 2437 307 2521; x_wconf 88' lang='grc' dir='ltr'><strong><em>λήθη</em></strong></span> <span class='ocrx_word' id='word_1_164' title='bbox 330 2435 349 2503; x_wconf 83' lang='grc' dir='ltr'><strong>ὁ</strong></span> <span class='ocrx_word' id='word_1_165' title='bbox 372 2435 551 2522; x_wconf 86' lang='grc' dir='ltr'><strong><em>στρατηγὸς</em></strong></span> <span class='ocrx_word' id='word_1_166' title='bbox 572 2440 728 2521; x_wconf 81' lang='grc' dir='ltr'><strong><em>χρῆσθαι,</em></strong></span> <span class='ocrx_word' id='word_1_167' title='bbox 749 2431 914 2521; x_wconf 88' lang='grc' dir='ltr'><strong><em>παρέσχον</em></strong></span> <span class='ocrx_word' id='word_1_168' title='bbox 937 2434 1038 2523; x_wconf 76' lang='grc' dir='ltr'><strong><em>αὐτῷ,</em></strong></span> <span class='ocrx_word' id='word_1_169' title='bbox 1060 2433 1102 2502; x_wconf 87' lang='grc' dir='ltr'><strong><em>οὐ</em></strong></span> <span class='ocrx_word' id='word_1_170' title='bbox 1124 2436 1226 2519; x_wconf 86' lang='grc' dir='ltr'><strong><em>μόνον</em></strong></span> 
     </span>
     <span class='ocr_line' id='line_1_23' title="bbox 217 2537 1226 2628; baseline 0.002 -24"><span class='ocrx_word' id='word_1_171' title='bbox 217 2540 279 2623; x_wconf 91' lang='grc' dir='ltr'><strong><em>τήν</em></strong></span> <span class='ocrx_word' id='word_1_172' title='bbox 294 2539 412 2606; x_wconf 81' lang='grc' dir='ltr'><strong><em>οὐσίαν</em></strong></span> <span class='ocrx_word' id='word_1_173' title='bbox 426 2538 625 2625; x_wconf 80' lang='grc' dir='ltr'><strong><em>ἀναλίσκων,</em></strong></span> <span class='ocrx_word' id='word_1_174' title='bbox 644 2537 728 2605; x_wconf 79' lang='grc' dir='ltr'><strong><em>ἀλλὰ</em></strong></span> <span class='ocrx_word' id='word_1_175' title='bbox 745 2537 801 2605; x_wconf 86' lang='grc' dir='ltr'><strong><em>καλ</em></strong></span> <span class='ocrx_word' id='word_1_176' title='bbox 818 2549 863 2628; x_wconf 74' lang='grc' dir='ltr'><strong><em>τῷ</em></strong></span> <span class='ocrx_word' id='word_1_177' title='bbox 883 2541 1008 2625; x_wconf 82' lang='grc' dir='ltr'><strong><em>σώματι</em></strong></span> <span class='ocrx_word' id='word_1_178' title='bbox 1020 2541 1226 2606; x_wconf 85' lang='grc' dir='ltr'><strong><em>κινδυνεύων</em></strong></span> 
     </span>
     <span class='ocr_line' id='line_1_24' title="bbox 220 2642 1225 2732; baseline 0.003 -24"><span class='ocrx_word' id='word_1_179' title='bbox 220 2642 463 2730; x_wconf 82' lang='grc' dir='ltr'><strong><em>συνεπιπλέων,</em></strong></span> <span class='ocrx_word' id='word_1_180' title='bbox 495 2656 564 2711; x_wconf 82' lang='grc' dir='ltr'><strong><em>τῶν</em></strong></span> <span class='ocrx_word' id='word_1_181' title='bbox 592 2647 725 2713; x_wconf 88' lang='grc' dir='ltr'><strong><em>οἰκείων</em></strong></span> <span class='ocrx_word' id='word_1_182' title='bbox 754 2668 811 2731; x_wconf 91' lang='grc' dir='ltr'><strong><em>μοι</em></strong></span> <span class='ocrx_word' id='word_1_183' title='bbox 839 2645 1039 2732; x_wconf 78' lang='grc' dir='ltr'><strong><em>πραγμάτων</em></strong></span> <span class='ocrx_word' id='word_1_184' title='bbox 1067 2647 1225 2714; x_wconf 88' lang='grc' dir='ltr'><strong><em>τοιούτων</em></strong></span> 
     </span>
     <span class='ocr_line' id='line_1_25' title="bbox 220 2749 1226 2839; baseline 0.005 -26"><span class='ocrx_word' id='word_1_185' title='bbox 220 2751 475 2834; x_wconf 82' lang='grc' dir='ltr'><strong><em>συμβεβηκότων</em></strong></span> <span class='ocrx_word' id='word_1_186' title='bbox 499 2749 536 2818; x_wconf 92' lang='grc' dir='ltr'><strong><em>ἐν</em></strong></span> <span class='ocrx_word' id='word_1_187' title='bbox 558 2759 604 2839; x_wconf 74' lang='grc' dir='ltr'><strong><em>τῷ</em></strong></span> <span class='ocrx_word' id='word_1_188' title='bbox 622 2753 696 2817; x_wconf 87' lang='grc' dir='ltr'><strong><em>τότε</em></strong></span> <span class='ocrx_word' id='word_1_189' title='bbox 713 2759 831 2839; x_wconf 71' lang='grc' dir='ltr'><strong><em>καιρῷ,</em></strong></span> <span class='ocrx_word' id='word_1_190' title='bbox 853 2752 935 2817; x_wconf 80' lang='grc' dir='ltr'><strong><em>ὥστε</em></strong></span> <span class='ocrx_word' id='word_1_191' title='bbox 957 2751 1044 2836; x_wconf 80' lang='grc' dir='ltr'><strong><em>ὑμᾶς</em></strong></span> <span class='ocrx_word' id='word_1_192' title='bbox 1065 2749 1107 2818; x_wconf 80' lang='grc' dir='ltr'><strong><em>ἀν</em></strong></span> <span class='ocrx_word' id='word_1_193' title='bbox 1130 2750 1226 2818; x_wconf 86' lang='grc' dir='ltr'><strong><em>ἀκού-</em></strong></span> 
     </span>
    </p>

    <p class='ocr_par' dir='ltr' id='par_1_8' title="bbox 180 2853 1307 3290">
     <span class='ocr_line' id='line_1_26' title="bbox 180 2853 1226 2943; baseline 0.003 -24"><span class='ocrx_word' id='word_1_194' title='bbox 180 2871 206 2910; x_wconf 69' lang='grc' dir='ltr'><strong><em>ιθ</em></strong></span> <span class='ocrx_word' id='word_1_195' title='bbox 221 2868 341 2932; x_wconf 89' lang='grc' dir='ltr'><strong><em>σαντας</em></strong></span> <span class='ocrx_word' id='word_1_196' title='bbox 359 2853 497 2940; x_wconf 79' lang='grc' dir='ltr'><strong><em>ἐλεῆσαι.</em></strong></span> <span class='ocrx_word' id='word_1_197' title='bbox 533 2854 554 2939; x_wconf 78' lang='grc' dir='ltr'><em>ἡ</em></span> <span class='ocrx_word' id='word_1_198' title='bbox 577 2853 638 2940; x_wconf 84' lang='grc' dir='ltr'><strong><em>μέν</em></strong></span> <span class='ocrx_word' id='word_1_199' title='bbox 660 2879 699 2939; x_wconf 89' lang='grc' dir='ltr'><strong><em>γε</em></strong></span> <span class='ocrx_word' id='word_1_200' title='bbox 722 2858 827 2943; x_wconf 89' lang='grc' dir='ltr'><strong><em>μήτηρ</em></strong></span> <span class='ocrx_word' id='word_1_201' title='bbox 851 2859 970 2942; x_wconf 89' lang='grc' dir='ltr'><strong><em>ἐκαμνε</em></strong></span> <span class='ocrx_word' id='word_1_202' title='bbox 992 2853 1048 2922; x_wconf 84' lang='grc' dir='ltr'><strong><em>καὶ</em></strong></span> <span class='ocrx_word' id='word_1_203' title='bbox 1070 2855 1226 2923; x_wconf 79' lang='grc' dir='ltr'><strong><em>ἐπιθάνα-</em></strong></span> 
     </span>
     <span class='ocr_line' id='line_1_27' title="bbox 219 2955 1307 3048; baseline 0.001 -23"><span class='ocrx_word' id='word_1_204' title='bbox 219 2983 275 3037; x_wconf 90' lang='grc' dir='ltr'><strong><em>τος</em></strong></span> <span class='ocrx_word' id='word_1_205' title='bbox 300 2955 343 3045; x_wconf 83' lang='grc' dir='ltr'><strong><em>ήν</em></strong></span> <span class='ocrx_word' id='word_1_206' title='bbox 371 2959 452 3044; x_wconf 88' lang='grc' dir='ltr'><strong><em>ἐμοῦ</em></strong></span> <span class='ocrx_word' id='word_1_207' title='bbox 479 2959 744 3046; x_wconf 86' lang='grc' dir='ltr'><strong><em>ἀποδημοῦντος,</em></strong></span> <span class='ocrx_word' id='word_1_208' title='bbox 776 2963 858 3028; x_wconf 80' lang='grc' dir='ltr'><strong><em>ὥστε</em></strong></span> <span class='ocrx_word' id='word_1_209' title='bbox 885 2963 929 3048; x_wconf 88' lang='grc' dir='ltr'><strong><em>μή</em></strong></span> <span class='ocrx_word' id='word_1_210' title='bbox 962 2963 1130 3028; x_wconf 83' lang='grc' dir='ltr'><strong><em>δύνασθαι</em></strong></span> <span class='ocrx_word' id='word_1_211' title='bbox 1158 2961 1307 3044; x_wconf 74' lang='grc' dir='ltr'><strong><em>[ἀν]ιειο,</em></strong></span> 
     </span>
     <span class='ocr_line' id='line_1_28' title="bbox 220 3065 1225 3156; baseline 0.003 -24"><span class='ocrx_word' id='word_1_212' title='bbox 220 3067 267 3132; x_wconf 81' lang='grc' dir='ltr'><strong><em>ἔτι</em></strong></span> <span class='ocrx_word' id='word_1_213' title='bbox 290 3065 395 3150; x_wconf 84' lang='grc' dir='ltr'><strong><em>αὐτήν</em></strong></span> <span class='ocrx_word' id='word_1_214' title='bbox 416 3070 583 3151; x_wconf 74' lang='grc' dir='ltr'><strong><em>βοηθῆσαι</em></strong></span> <span class='ocrx_word' id='word_1_215' title='bbox 601 3077 670 3145; x_wconf 89' lang='grc' dir='ltr'><strong><em>τοῖς</em></strong></span> <span class='ocrx_word' id='word_1_216' title='bbox 687 3067 778 3153; x_wconf 88' lang='grc' dir='ltr'><strong><em>ἐμοῖς</em></strong></span> <span class='ocrx_word' id='word_1_217' title='bbox 794 3069 983 3156; x_wconf 88' lang='grc' dir='ltr'><strong><em>πράγμασιν</em></strong></span> <span class='ocrx_word' id='word_1_218' title='bbox 1006 3066 1225 3154; x_wconf 83' lang='grc' dir='ltr'><strong><em>ἀνηλωμένοις</em></strong></span> 
     </span>
     <span class='ocr_line' id='line_1_29' title="bbox 221 3167 1225 3260; baseline 0.004 -24"><span class='ocrx_word' id='word_1_219' title='bbox 221 3167 292 3236; x_wconf 86' lang='grc' dir='ltr'><strong><em>ἀλλ’</em></strong></span> <span class='ocrx_word' id='word_1_220' title='bbox 315 3170 336 3255; x_wconf 87' lang='grc' dir='ltr'><strong><em>ή</em></strong></span> <span class='ocrx_word' id='word_1_221' title='bbox 358 3169 489 3257; x_wconf 89' lang='grc' dir='ltr'><strong><em>βραχέα.</em></strong></span> <span class='ocrx_word' id='word_1_222' title='bbox 525 3169 653 3249; x_wconf 81' lang='grc' dir='ltr'><strong><em>ἑκταῖος</em></strong></span> <span class='ocrx_word' id='word_1_223' title='bbox 669 3173 733 3260; x_wconf 80' lang='grc' dir='ltr'><strong><em>γάρ</em></strong></span> <span class='ocrx_word' id='word_1_224' title='bbox 751 3173 842 3258; x_wconf 87' lang='grc' dir='ltr'><strong><em>ήκων</em></strong></span> <span class='ocrx_word' id='word_1_225' title='bbox 860 3172 1053 3259; x_wconf 81' lang='grc' dir='ltr'><strong><em>ἐτύγχανον,</em></strong></span> <span class='ocrx_word' id='word_1_226' title='bbox 1074 3169 1130 3240; x_wconf 81' lang='grc' dir='ltr'><strong><em>καὶ</em></strong></span> <span class='ocrx_word' id='word_1_227' title='bbox 1147 3172 1225 3240; x_wconf 81' lang='grc' dir='ltr'><strong><em>ἐκεί·</em></strong></span> 
     </span>
    </p>

    <p class='ocr_par' dir='ltr' id='par_1_9' title="bbox 220 3273 1307 3365">
     <span class='ocr_line' id='line_1_30' title="bbox 220 3273 1307 3365; baseline 0.005 -24"><span class='ocrx_word' id='word_1_228' title='bbox 220 3300 262 3359; x_wconf 94' lang='grc' dir='ltr'><strong><em>νη</em></strong></span> <span class='ocrx_word' id='word_1_229' title='bbox 294 3277 412 3343; x_wconf 78' lang='grc' dir='ltr'><strong><em>ἰδοῦσά</em></strong></span> <span class='ocrx_word' id='word_1_230' title='bbox 440 3300 480 3362; x_wconf 87' lang='grc' dir='ltr'><strong><em>με</em></strong></span> <span class='ocrx_word' id='word_1_231' title='bbox 509 3273 565 3343; x_wconf 84' lang='grc' dir='ltr'><strong><em>καὶ</em></strong></span> <span class='ocrx_word' id='word_1_232' title='bbox 600 3288 824 3365; x_wconf 89' lang='grc' dir='ltr'><strong><em>προσειποῦσα</em></strong></span> <span class='ocrx_word' id='word_1_233' title='bbox 857 3280 918 3364; x_wconf 82' lang='grc' dir='ltr'><strong><em>τήν</em></strong></span> <span class='ocrx_word' id='word_1_234' title='bbox 950 3280 1061 3365; x_wconf 75' lang='grc' dir='ltr'><strong><em>ψυχήν</em></strong></span> <span class='ocrx_word' id='word_1_235' title='bbox 1090 3277 1224 3364; x_wconf 76' lang='grc' dir='ltr'><strong><em>ἀφῆκεν,</em></strong></span> <span class='ocrx_word' id='word_1_236' title='bbox 1306 3293 1307 3364; x_wconf 64' lang='grc' dir='ltr'>ξ</span> 
     </span>
    </p>

    <p class='ocr_par' dir='ltr' id='par_1_10' title="bbox 222 3378 1307 3474">
     <span class='ocr_line' id='line_1_31' title="bbox 222 3378 1307 3474; baseline 0.002 -25"><span class='ocrx_word' id='word_1_237' title='bbox 222 3379 331 3449; x_wconf 84' lang='grc' dir='ltr'><strong><em>οὐκέτι</em></strong></span> <span class='ocrx_word' id='word_1_238' title='bbox 354 3393 420 3448; x_wconf 81' lang='grc' dir='ltr'><strong><em>τῶν</em></strong></span> <span class='ocrx_word' id='word_1_239' title='bbox 443 3383 551 3448; x_wconf 83' lang='grc' dir='ltr'><strong><em>όντων</em></strong></span> <span class='ocrx_word' id='word_1_240' title='bbox 573 3386 671 3468; x_wconf 89' lang='grc' dir='ltr'><strong><em>κυρία</em></strong></span> <span class='ocrx_word' id='word_1_241' title='bbox 694 3378 778 3449; x_wconf 82' lang='grc' dir='ltr'><strong><em>οὖσα</em></strong></span> <span class='ocrx_word' id='word_1_242' title='bbox 801 3384 883 3450; x_wconf 80' lang='grc' dir='ltr'><strong><em>ὥστε</em></strong></span> <span class='ocrx_word' id='word_1_243' title='bbox 906 3385 1026 3474; x_wconf 78' lang='grc' dir='ltr'><strong><em>δοῦναι</em></strong></span> <span class='ocrx_word' id='word_1_244' title='bbox 1048 3382 1110 3450; x_wconf 81' lang='grc' dir='ltr'><strong><em>ὅσα</em></strong></span> <span class='ocrx_word' id='word_1_245' title='bbox 1133 3383 1223 3470; x_wconf 84' lang='grc' dir='ltr'><strong><em>ἐβοό-</em></strong></span> <span class='ocrx_word' id='word_1_246' title='bbox 1306 3411 1307 3438; x_wconf 60' lang='grc' dir='ltr'><strong><em>ι</em></strong></span> 
     </span>
    </p>

    <p class='ocr_par' dir='ltr' id='par_1_11' title="bbox 224 3483 1307 3576">
     <span class='ocr_line' id='line_1_32' title="bbox 224 3483 1307 3576; baseline 0.004 -24"><span class='ocrx_word' id='word_1_247' title='bbox 224 3489 298 3554; x_wconf 90' lang='grc' dir='ltr'><strong><em>λετό</em></strong></span> <span class='ocrx_word' id='word_1_248' title='bbox 321 3510 386 3572; x_wconf 88' lang='grc' dir='ltr'><strong><em>μοι.</em></strong></span> <span class='ocrx_word' id='word_1_249' title='bbox 425 3486 582 3564; x_wconf 78' lang='grc' dir='ltr'><strong><em>πολλάκις</em></strong></span> <span class='ocrx_word' id='word_1_250' title='bbox 603 3483 640 3552; x_wconf 73' lang='grc' dir='ltr'><strong><em>δέ</em></strong></span> <span class='ocrx_word' id='word_1_251' title='bbox 657 3490 819 3573; x_wconf 88' lang='grc' dir='ltr'><strong><em>πρότερον</em></strong></span> <span class='ocrx_word' id='word_1_252' title='bbox 837 3486 1055 3574; x_wconf 86' lang='grc' dir='ltr'><strong><em>μετεπέμπετό</em></strong></span> <span class='ocrx_word' id='word_1_253' title='bbox 1077 3511 1127 3574; x_wconf 89' lang='grc' dir='ltr'><strong><em>με,</em></strong></span> <span class='ocrx_word' id='word_1_254' title='bbox 1151 3488 1222 3576; x_wconf 80' lang='grc' dir='ltr'><strong><em>ἀφι-</em></strong></span> <span class='ocrx_word' id='word_1_255' title='bbox 1306 3501 1307 3510; x_wconf 78' lang='grc'>’</span> 
     </span>
    </p>
   </div>
   <div class='ocr_carea' id='block_1_6' title="bbox 0 0 1334 3909">
    <p class='ocr_par' dir='ltr' id='par_1_12' title="bbox 0 0 1334 3909">
     <span class='ocr_line' id='line_1_33' title="bbox 0 0 1334 3909; baseline 0 0"><span class='ocrx_word' id='word_1_256' title='bbox 0 0 1334 3909; x_wconf 95' lang='lat' dir='ltr'><strong><em> </em></strong></span> 
     </span>
    </p>
   </div>
  </div>
 </body>
</html>
