2658 3922
448 196 548 247 ΠΡΟΣ
565 195 815 249 ΕΤΒΟΤΛΙΔΗΝ.
1074 192 1140 257 249

120 356 250 422 τούτου
274 354 356 442 (τοῖς
378 355 441 442 γὰρ
469 354 507 421 ἐν
533 355 681 445 κινδύνφ
709 358 951 440 καθεστηκόσιν
978 356 1066 432 εἰκὸς
1088 354 1142 420 εύ-

122 459 348 547 νοῖκωτέρους
375 457 570 548 ὑπάρχειν),
600 463 631 526 εί
659 457 696 526 δὲ
725 462 789 547 μή,
819 461 900 546 μετὰ
921 471 980 545 τῆς
1001 456 1033 543 γ’
1060 466 1141 540 ίσης.

93 570 306 653 ισυμβαίνει
333 565 374 632 δέ
397 591 454 653 μοι
480 569 518 635 τὸ
546 563 607 652 μὲν
633 564 711 633 καθ’
738 566 823 652 ήμᾶς
850 561 876 632 ὦ
903 568 1023 649 ἄνδρες
1050 568 1141 633 δικα-

126 671 204 738 σταλ
231 671 286 738 καλ
312 674 351 740 τὸ
378 675 558 758 προσήκειν
585 697 643 759 μοι
670 681 727 756 τής
753 675 895 756 πόλεως,
922 679 1063 759 θαρρεῖν
1085 669 1141 738 καὶ

126 779 255 856 πολλὰς
276 781 364 865 ἔχειν
386 778 521 856 ἐλπίδας
547 784 655 856 καλῶς
682 778 916 863 ἀγωνιεῖσθαι,
942 781 1001 845 τὸν
1023 779 1141 864 καιρὸν

128 881 169 951 δὲ
192 882 305 952 καὶτὸ
327 884 545 971 παρωξύνθαι
572 887 634 968 τήν
660 887 759 950 πόλιν
786 886 868 970 πρὸς
894 885 953 961 τὰς
974 883 1141 969 ἀποψηφί-

128 1009 201 1068 σεις
221 995 415 1076 φοβεῖσθαι·
438 995 572 1058 πολλῶν
594 991 657 1075 γὰρ
680 988 926 1076 ἐξεληλαμένων
949 991 1083 1067 δικαίως
1105 989 1143 1055 ἐκ
1210 1070 1216 1076 ,

127 1098 263 1162 πάντων
298 1108 366 1163 τῶν
398 1098 530 1182 δήμων,
567 1099 916 1182 συγκεκοινωνήκαμεν
951 1105 1009 1179 τής
1044 1094 1142 1187 δόξης

87 1265 89 1268 .
126 1204 249 1287 ταύτης
272 1204 308 1268 οί
330 1201 659 1288 κατεστασιασμένοι,
685 1201 741 1268 καὶ
767 1205 850 1290 πρὸς
876 1203 938 1286 τήν
963 1199 1034 1268 κατ’
1060 1200 1141 1267 ἐκεί-

126 1334 199 1376 νων
222 1311 343 1394 αἰτίαν,
367 1309 410 1375 ού
432 1309 516 1395 πρὸς
536 1309 574 1374 τὸ
597 1305 675 1374 καθ’
703 1309 805 1375 αὑτὸν
828 1307 964 1384 ἕκαστος
986 1306 1142 1391 ἀγωνιζό·

128 1423 228 1502 μεθα,
250 1411 328 1481 ὥστ’
355 1413 389 1493 ἐξ
413 1413 557 1498 ἀνάγκης
584 1413 689 1500 μέγαν
716 1413 797 1499 ήμῖν
823 1409 911 1481 εἶναι
937 1415 997 1481 τὸν
1024 1416 1141 1498 φόβον.

99 1523 171 1588 τού
189 1523 255 1606 μήν
274 1520 369 1605 ἀλλὰ,
391 1523 507 1606 καίπερ
532 1521 659 1586 τούτων
678 1519 785 1597 οὕτως
801 1518 958 1606 ἐχόντων,
981 1519 1002 1586 ἃ
1019 1522 1140 1604 νομίζω

127 1626 205 1709 περὶ
232 1629 361 1693 τούτων
391 1626 502 1693 αὐτῶν
535 1638 668 1713 πρῶτον
702 1621 789 1692 εἶναι
819 1622 936 1710 δίκαι’,
967 1625 1031 1713 ἐρῶ
1059 1627 1142 1712 πρὸς

128 1733 222 1819 ὑμᾶς.
268 1732 335 1818 ἐγὼ.
363 1734 426 1820 γδρ
457 1728 549 1817 οἶμαι
579 1735 651 1798 δεῖν
680 1731 775 1817 ὑμᾶς,
794 1743 864 1809 τοῖς
892 1727 954 1817 μὲν
977 1731 1141 1817 ἐξελεγχο-
1151 1748 1219 1798 180⁰

129 1839 242 1926 μένοις
269 1837 376 1918 ξένοις
409 1834 508 1905 οὖσιν
538 1843 769 1926 χαλεπαίνειν,
799 1839 830 1906 εἰ
859 1838 947 1925 μήτε
970 1839 1142 1914 πείσαντες

130 1951 209 2032 μήτε
243 1943 417 2031 δεηθέντες
445 1946 540 2031 ὑμῶν
570 1946 680 2034 λάθρᾳ
708 1942 764 2011 καὶ
792 1947 851 2032 βίμ
878 1957 945 2010 τῶν
973 1936 1142 2030 ὑμετέρων

131 2055 230 2139 ίερῶν
261 2050 316 2116 καὶ
347 2062 471 2118 κοινῶν
503 2061 669 2137 μετεῖχον,
704 2063 774 2128 τοῖς
806 2048 840 2116 δ’
875 2051 1054 2137 ἠτυχηκόσι
1086 2047 1142 2114 καὶ

132 2157 324 2224 δεικνύουσι
346 2159 481 2232 πολίτας
509 2157 608 2232 ὄντας
630 2155 752 2232 αὑτοὺς
774 2160 915 2241 βοηθεῖν
936 2154 992 2221 καὶ
1015 2152 1142 2245 σῴζειν,

132 2257 403 2346 ἐνθυμουμένους
433 2261 484 2328 ὅτι
512 2261 646 2327 πάντων
681 2263 894 2344 οἰκτρότατον
926 2261 1035 2339 πάθος
1063 2261 1142 2346 ήμῖν

132 2369 174 2436 διν
204 2368 349 2453 συμβαίη
378 2377 448 2445 τοῖς
478 2365 708 2452 ἠδικημένοις,
741 2369 773 2432 εί
804 2377 872 2432 τῶν
905 2370 1143 2452 λαμβανόντων

133 2477 229 2559 δίκην
256 2475 348 2550 ὄντες
375 2472 417 2539 ἂν
445 2475 579 2549 δικαίως
605 2470 683 2558 μεθ’
710 2473 806 2558 ὑμῶν
813 2521 823 2557 ,
850 2471 888 2539 ἐν
914 2483 983 2550 τοῖς
1009 2474 1142 2540 διδοῦσι

131 2583 311 2666 γενοίμεθα
328 2577 385 2645 καὶ
403 2580 705 2664 συναδικηθείημεν
724 2580 780 2644 διὰ
797 2580 860 2665 τήν
876 2589 937 2646 τοῦ
954 2579 1143 2666 πράγματος

105 2687 244 2772 ιόργήν.
285 2683 379 2774 ᾤμην
402 2680 464 2769 μὲν
487 2679 550 2751 οὖν
571 2682 668 2768 ἔγωγ’
691 2679 856 2772 ὧόλνδρες
874 2683 1025 2752 δικασταὶ
1041 2705 1142 2772 προσ·
1277 2712 1279 2719 ·

132 2797 224 2878 ήκειν
255 2792 469 2879 Εὐβουλίδη,
507 2787 563 2856 καὶ
594 2800 675 2857 πᾶσι
707 2787 741 2856 δ’
777 2791 851 2858 ὅσοι
886 2801 951 2858 νύν
987 2790 1041 2859 ἐπὶ
1071 2805 1142 2871 ταῖς

133 2897 376 2983 ἀποψηφίσεσιν
393 2906 649 2984 κατηγοροῦσιν,
669 2893 721 2963 όσ’
745 2904 855 2964 ῖσααιν
872 2897 1016 2986 ἀκριβῶς
1033 2898 1141 2984 λέγειν

53 3071 55 3074 ,
133 3002 186 3069 καὶ
202 3004 365 3088 μηδεμίαν
378 3004 559 3090 προσάγειν
572 3003 677 3088 ἀκοήν
690 3005 772 3091 πρὸς
785 2991 844 3070 τὸν
857 3015 1010 3072 τοιοῦτον
1019 3004 1141 3089 ἀγῶνα.

134 3111 218 3176 ούτω
245 3111 309 3196 γὰρ
336 3109 427 3178 τοῦτ’
460 3113 578 3177 ἄδικον
609 3106 665 3176 καὶ
698 3111 829 3197 σφόδρα
859 3111 961 3177 πύλαι
986 3109 1142 3197 κέκριται,

134 3217 214 3281 ὥστε
238 3212 317 3282 οὐδὲ
340 3227 520 3303 μαρτυρεῖν
542 3216 646 3301 ἀκοήν
674 3215 773 3282 ἐῶσιν
796 3216 833 3282 οί
851 3219 965 3301 νόμοι,
987 3212 1062 3283 οὐδ’
1089 3215 1143 3283 ἐπὶ

133 3335 200 3400 τοῖς
230 3323 319 3388 πύνν
355 3323 497 3407 φαύλοις
534 3322 751 3407 ἐγκλήμασιν,
786 3325 932 3400 εἰκότως·
964 3321 1048 3387 ὅπου
1079 3315 1142 3404 γὰρ

133 3427 253 3495 εἰδέναι
275 3425 362 3504 τινὲς
383 3429 448 3512 ήδη
472 3430 636 3513 φήσαντες
662 3429 796 3507 ψευδεῖς
820 3427 1008 3513 ἐφάνησαν,
1030 3437 1099 3501 πῶς
1121 3427 1143 3492 θ’

134 3555 168 3616 γε
198 3531 274 3617 μηδ’
309 3533 408 3610 αὐτὸς
442 3529 508 3599 οἶδ’
541 3533 559 3600 ὁ
589 3533 696 3618 λέγων
726 3536 883 3620 προσήκει
912 3530 1138 3608 πιστεύεσθαι.;
