2650 3918
181 183 246 247 335
498 181 555 233 nx.
579 177 884 250 [εΗυοΣοεαονΣ]

179 342 359 420 ἀκούοντας
377 336 669 426 συμβουλομένους
682 338 785 423 λάβω,
802 341 971 424 φοβοῦμαι
988 336 1033 421 μή
1051 343 1090 420 τῇ
1108 355 1192 420 προ·

140 467 163 506 u
179 453 287 537 θυμία
303 447 502 514 τούναντίον
524 440 566 512 οὗ
589 446 643 512 δεί
661 443 799 528 ποιήσω.
835 443 855 511 δ
877 439 940 528 μὶν
961 443 1025 528 γὰρ
1046 445 1194 518 πλοῦτος

178 551 292 620 καὶτὸ
316 552 414 638 τάχος
434 548 491 617 καί
512 549 533 634 ή
557 551 651 636 ίσγῦς
672 546 728 615 καὶ
750 545 801 616 50²
823 550 908 614 ἄλλα
929 548 1058 626 τούτοις
1080 547 1194 632 ὅμοια,

181 659 354 743 αὐτάρκεις
376 659 443 744 ἔχει
465 656 523 734 τάς
544 655 677 741 ὀνήσεις
697 665 767 732 τοῖς
788 650 1013 740 κεκτημένοις,
1035 650 1090 719 καί
1112 676 1193 736 κρα·

178 774 295 832 τοῦσιν
317 762 355 832 ἐν
378 762 502 845 αὐτοῖς,
525 753 575 839 οἷς
592 759 635 828 ἂν
652 768 752 848 παρή,
773 758 837 827 κᾶν
855 757 970 846 μηδείς
989 770 1058 826 τῶν
1079 759 1194 824 ἄλλων

179 870 352 955 βούληται·
373 868 395 953 ή
419 864 457 934 δὲ
478 877 545 934 τῶν
568 870 678 949 λόγων
700 864 808 934 πειῦδι
831 874 889 950 τῆς
909 875 976 932 των
999 864 1193 932 ἀκουόντων

180 975 313 1052 εὐνοίας
329 974 534 1060 προσδεῖται,
555 970 611 1040 καί
629 972 710 1057 μετὰ
731 972 852 1057 ταύτης
872 967 946 1057 μὲν,
966 969 1030 1038 κᾶν
1053 975 1194 1056 μετρίως

181 1081 290 1168 δήδή,
321 1079 422 1159 δόξαν
451 1081 569 1164 ήνεγκε
602 1075 659 1145 καὶ
691 1077 789 1165 χάριν
821 1088 1013 1163 προσποιεῖ,
1042 1077 1124 1144 ἄνευ
1153 1073 1193 1144 δὲ

180 1187 310 1272 ταύτης,
331 1185 396 1254 κάν
417 1183 587 1272 ὑπερβάλῃ
604 1191 651 1273 τῷ
670 1182 780 1268 λέγειν
797 1187 917 1267 καλῶς,
937 1180 1101 1270 προσέστη
1122 1193 1194 1261 τοῖς

180 1292 372 1360 ἀκούουσιν.

144 1416 167 1458 ιε
210 1409 213 1414 ”
248 1397 365 1464 Πολλὰ
387 1401 504 1464 τοίνυν
527 1399 612 1483 ἔχων
638 1397 744 1463 είπετν
771 1389 819 1462 ὧν
847 1396 917 1463 οίδε
939 1395 1120 1481 πράξαντες
1141 1397 1194 1461 δι-

180 1508 282 1580 καίως
308 1503 603 1588 ἐπαινεθήσονται,
634 1501 746 1586 ἐπειδή
778 1502 862 1588 πρὸς
891 1502 1005 1580 αύτοῑς
1030 1504 1098 1587 είμι
1123 1510 1205 1578 τοῖς

180 1612 301 1693 ἔργοις,
314 1607 427 1695 ἀπορῶ
445 1612 481 1674 τί
494 1618 629 1691 πρῶτον
645 1613 740 1675 εἴπω·
758 1608 1003 1694 προσιστάμενα
1016 1609 1079 1696 γὰρ
1092 1605 1190 1674 πάντ’

181 1716 229 1791 είς
250 1713 309 1780 ἕνα
331 1716 465 1800 καιρόν,
488 1714 667 1799 δύσκριτον
693 1717 875 1800 καθίστησί
897 1738 955 1801 μοι
980 1714 1043 1799 τήν
1064 1715 1194 1800 αἳρεσιν

182 1819 301 1886 αὐτῶν.
342 1819 383 1886 ού
409 1820 476 1904 μήν
504 1818 588 1885 ἀλλὰ
613 1820 811 1906 πειράσομαι
836 1818 907 1905 τήν
925 1819 1029 1907 αὐτήν
1055 1822 1194 1906 ποιήσα·

182 1932 264 1992 σδαι
284 1935 345 1993 τοῦ
368 1928 471 2009 λόγου
493 1924 597 2011 τάξιν,
619 1925 703 2012 ήπερ
726 1925 850 2012 ὑπῆρξε
872 1937 934 1994 τοῦ
955 1931 1033 2013 βίου
1055 1927 1192 2004 τούτοις.

143 2049 169 2090 16
184 2032 254 2100 οἵδε
284 2032 349 2118 γὰρ
379 2031 413 2111 ἐξ
443 2030 545 2118 ἀρχῆς
572 2030 610 2097 ἐν
643 2041 724 2099 πᾶσι
757 2043 827 2110 τοῖς
858 2034 1079 2118 παιδεύμασιν
1107 2027 1193 2116 ἦσαν

183 2137 369 2223 ἐπιφανείς,
395 2137 435 2203 τδ
457 2136 625 2224 πρέποντα
651 2133 733 2204 καθ’
755 2137 890 2222 ήλικίαν
916 2137 1095 2216 ἀσκοῦντες
1120 2134 1193 2204 ἑκά-

183 2260 280 2330 στην,
301 2241 357 2311 καὶ
379 2253 482 2310 πᾶσιν
504 2241 699 2330 ἀρέσκοντες
722 2235 772 2322 οἷς
793 2244 873 2330 χρή,
895 2254 1047 2329 γονεῦσι,
1072 2248 1194 2329 φίλοις,

183 2352 326 2428 οἰκείοις.
361 2359 542 2435 τοιγαροῦν
560 2350 670 2435 ὥσπερ
689 2355 764 2436 ίχνη
783 2353 990 2437 γνωρίζουσα
1006 2359 1071 2418 νῦν
1087 2349 1108 2434 ή
1127 2361 1194 2416 τῶν

184 2459 316 2524 οἰκείων
334 2453 518 2533 αὐτοῖςκαὶ
535 2459 645 2541 φίλων
663 2458 787 2541 μνήμη,
808 2465 919 2523 πᾶσαν
938 2458 1029 2543 ὥραν
1046 2452 1101 2524 ἐπὶ
1117 2455 1194 2522 τού-

183 2585 261 2640 τους
277 2559 412 2647 φίρεται
429 2569 475 2648 τῷ
493 2563 608 2650 πύῦμ,
625 2557 720 2628 πόλλ’
737 2560 956 2647 ὑπομνήματα
969 2561 1195 2649 λαμβάνουσα,

144 2685 169 2726 ιι
185 2667 222 2733 ἐν
244 2658 294 2743 οἷς
317 2663 456 2752 συνῄδει
478 2667 608 2744 τούτοις
636 2664 784 2753 ἀρίστοις
805 2661 913 2734 οὖσιν.
954 2667 1067 2754 ἐπειδή
1091 2663 1121 2733 δ’
1148 2669 1196 2744 είς
1206 2682 1271 2732 1394

184 2773 308 2857 ἄνδρας
335 2769 512 2857 ἀφίκοντο,
544 2772 586 2840 ού
617 2775 723 2856 μόνον
755 2784 825 2850 τοις
850 2777 1000 2852 πολίταις
1026 2775 1196 2860 γνώριμον

183 2878 245 2962 τήν
274 2876 384 2944 αὑτῶν
413 2876 535 2962 φύσιν,
563 2875 730 2944 ἀλλὰκαὶ
758 2888 860 2946 πᾶσιν
887 2879 1079 2967 ἀνθρώποις
1104 2877 1196 2946 κατί-

124 3009 126 3012 ’
158 3033 159 3040 1
185 2997 319 3069 στησαν.
355 2984 424 3048 ἔστι
446 2983 510 3070 γὰρ
533 2984 625 3049 ἔστιν
642 2981 770 3068 ἁπάσης
788 2984 905 3071 ἀρετῆς
926 2985 1011 3073 άρχή
1033 2982 1096 3071 μδν
1118 2987 1197 3053 σύν-

183 3106 271 3174 εσις,
300 3085 462 3174 πέραςδ
497 3088 648 3173 ἀνδρεία·
676 3087 733 3155 καί
761 3098 801 3176 τη
834 3087 895 3176 μὲν
922 3087 1134 3177 Ιδοκιμάζεται
1164 3095 1201 3157 τί

183 3192 347 3281 πρακτέον
369 3191 458 3280 ἐστὶ,
479 3202 518 3280 τῇ
542 3188 580 3260 δὲ
601 3190 747 3282 σῴζεται.
787 3193 825 3261 ἐν
846 3197 978 3274 τούτοις
999 3194 1030 3263 δ’
1056 3195 1198 3283 ἀμφοτέ-

146 3317 172 3358 18
186 3324 257 3387 ροις
278 3301 350 3366 οἵδε
367 3301 453 3366 πολι)
469 3301 657 3383 διήνεγκαν.
692 3298 749 3367 καὶ
761 3301 825 3388 γὰρ
839 3307 875 3368 εί
882 3325 932 3380 τις
950 3301 1069 3388 ἐφύετο
1087 3305 1198 3381 κοινὸς

184 3415 265 3473 πᾶσι
281 3407 438 3485 κίνδυνος
455 3415 525 3482 τοῖς
537 3401 709 3490 Ἕλλησιν,
731 3401 825 3473 οὗτοι
847 3419 972 3494 πρῶτοι
988 3411 1198 3494 προείδοντο,

185 3508 239 3580 καί
257 3513 414 3590 πολλάκις
431 3514 479 3590 είς
497 3515 661 3598 σωτηρίαν
681 3513 826 3591 ἅπαντας
843 3514 1084 3602 παρεκάλεσαν,
1116 3515 1197 3596 ὅπερ
