<?xml version="1.0" encoding="UTF-8"?>
<!DOCTYPE html PUBLIC "-//W3C//DTD XHTML 1.0 Transitional//EN"
    "http://www.w3.org/TR/xhtml1/DTD/xhtml1-transitional.dtd">
<html xmlns="http://www.w3.org/1999/xhtml" xml:lang="en" lang="en">
 <head>
  <title>
</title>
<meta http-equiv="Content-Type" content="text/html;charset=utf-8" />
  <meta name='ocr-system' content='tesseract 3.04.00' />
  <meta name='ocr-capabilities' content='ocr_page ocr_carea ocr_par ocr_line ocrx_word'/>
</head>
<body>
  <div class='ocr_page' id='page_1' title='image "./orationes01demogoog_0360.png"; bbox 0 0 2658 3922; ppageno 0'>
   <div class='ocr_carea' id='block_1_1' title="bbox 408 213 1094 280">
    <p class='ocr_par' dir='ltr' id='par_1_1' title="bbox 408 213 1094 280">
     <span class='ocr_line' id='line_1_1' title="bbox 408 213 1094 280; baseline 0 -8"><span class='ocrx_word' id='word_1_1' title='bbox 408 221 508 272; x_wconf 79' lang='grc' dir='ltr'>ΠΡΟΣ</span> <span class='ocrx_word' id='word_1_2' title='bbox 525 213 775 274; x_wconf 73' lang='grc' dir='ltr'><strong>ΕΤΒΟΤΛΙΔΗΝ.</strong></span> <span class='ocrx_word' id='word_1_3' title='bbox 1029 215 1094 280; x_wconf 76' lang='grc'><strong><em>267</em></strong></span> 
     </span>
    </p>
   </div>
   <div class='ocr_carea' id='block_1_2' title="bbox 16 375 1097 573">
    <p class='ocr_par' dir='ltr' id='par_1_2' title="bbox 16 375 1097 573">
     <span class='ocr_line' id='line_1_2' title="bbox 16 375 1097 466; baseline 0 -24"><span class='ocrx_word' id='word_1_4' title='bbox 16 401 45 442; x_wconf 81' lang='grc' dir='ltr'><strong><em>οε</em></strong></span> <span class='ocrx_word' id='word_1_5' title='bbox 155 383 200 446; x_wconf 79' lang='grc' dir='ltr'><strong><em>Εἰ</em></strong></span> <span class='ocrx_word' id='word_1_6' title='bbox 220 376 258 446; x_wconf 83' lang='grc' dir='ltr'><strong><em>δέ</em></strong></span> <span class='ocrx_word' id='word_1_7' title='bbox 281 380 335 446; x_wconf 86' lang='grc' dir='ltr'><strong><em>δεί</em></strong></span> <span class='ocrx_word' id='word_1_8' title='bbox 353 380 415 465; x_wconf 84' lang='grc' dir='ltr'><strong><em>τήν</em></strong></span> <span class='ocrx_word' id='word_1_9' title='bbox 437 381 622 466; x_wconf 74' lang='grc' dir='ltr'><em>δημαρχίαν</em></span> <span class='ocrx_word' id='word_1_10' title='bbox 645 378 766 465; x_wconf 80' lang='grc' dir='ltr'><strong><em>λέγειν,</em></strong></span> <span class='ocrx_word' id='word_1_11' title='bbox 789 375 835 445; x_wconf 86' lang='grc' dir='ltr'><strong><em>δι’</em></strong></span> <span class='ocrx_word' id='word_1_12' title='bbox 857 378 900 464; x_wconf 76' lang='grc' dir='ltr'><strong><em>ἣν</em></strong></span> <span class='ocrx_word' id='word_1_13' title='bbox 919 379 1097 465; x_wconf 74' lang='grc' dir='ltr'><strong><em>ὠργίζοντό</em></strong></span> 
     </span>
     <span class='ocr_line' id='line_1_3' title="bbox 70 477 1097 573; baseline -0.004 -20"><span class='ocrx_word' id='word_1_14' title='bbox 70 489 146 572; x_wconf 94' lang='grc' dir='ltr'><strong><em>μοί</em></strong></span> <span class='ocrx_word' id='word_1_15' title='bbox 165 509 268 572; x_wconf 87' lang='grc' dir='ltr'><strong><em>τινες,</em></strong></span> <span class='ocrx_word' id='word_1_16' title='bbox 295 485 333 552; x_wconf 91' lang='grc' dir='ltr'><strong><em>ἐν</em></strong></span> <span class='ocrx_word' id='word_1_17' title='bbox 355 479 377 573; x_wconf 81' lang='grc' dir='ltr'><strong><em>ή</em></strong></span> <span class='ocrx_word' id='word_1_18' title='bbox 401 485 561 572; x_wconf 81' lang='grc' dir='ltr'><strong><em>διάφορος</em></strong></span> <span class='ocrx_word' id='word_1_19' title='bbox 588 477 748 570; x_wconf 92' lang='grc' dir='ltr'><strong><em>ἐγενόμην</em></strong></span> <span class='ocrx_word' id='word_1_20' title='bbox 776 485 979 571; x_wconf 78' lang='grc' dir='ltr'><strong><em>εἰσπράττων</em></strong></span> <span class='ocrx_word' id='word_1_21' title='bbox 1007 485 1097 570; x_wconf 88' lang='grc' dir='ltr'><strong><em>ὀφεί-</em></strong></span> 
     </span>
    </p>
   </div>
   <div class='ocr_carea' id='block_1_3' title="bbox 25 587 1175 3640">
    <p class='ocr_par' dir='ltr' id='par_1_3' title="bbox 25 587 1175 3640">
     <span class='ocr_line' id='line_1_4' title="bbox 72 587 1097 676; baseline -0.003 -18"><span class='ocrx_word' id='word_1_22' title='bbox 72 599 204 669; x_wconf 87' lang='grc' dir='ltr'><strong><em>λοντας</em></strong></span> <span class='ocrx_word' id='word_1_23' title='bbox 224 593 371 668; x_wconf 80' lang='grc' dir='ltr'><strong><em>πολλοὺς</em></strong></span> <span class='ocrx_word' id='word_1_24' title='bbox 389 591 499 657; x_wconf 79' lang='grc' dir='ltr'><strong><em>αὐτῶν</em></strong></span> <span class='ocrx_word' id='word_1_25' title='bbox 517 593 698 676; x_wconf 75' lang='grc' dir='ltr'><strong><em>μισθώσεις</em></strong></span> <span class='ocrx_word' id='word_1_26' title='bbox 720 602 865 674; x_wconf 82' lang='grc' dir='ltr'><strong><em>τεμενῶν</em></strong></span> <span class='ocrx_word' id='word_1_27' title='bbox 887 589 943 656; x_wconf 80' lang='grc' dir='ltr'><strong><em>καὶ</em></strong></span> <span class='ocrx_word' id='word_1_28' title='bbox 966 587 1049 676; x_wconf 80' lang='grc' dir='ltr'><strong><em>ἕτερ’</em></strong></span> <span class='ocrx_word' id='word_1_29' title='bbox 1075 588 1097 655; x_wconf 84' lang='grc' dir='ltr'><strong><em>δ</em></strong></span> 
     </span>
     <span class='ocr_line' id='line_1_5' title="bbox 72 693 1097 783; baseline -0.004 -19"><span class='ocrx_word' id='word_1_30' title='bbox 72 709 152 764; x_wconf 81' lang='grc' dir='ltr'><strong><em>τῶν</em></strong></span> <span class='ocrx_word' id='word_1_31' title='bbox 174 708 298 764; x_wconf 80' lang='grc' dir='ltr'><strong><em>κοινῶν</em></strong></span> <span class='ocrx_word' id='word_1_32' title='bbox 321 698 558 783; x_wconf 76' lang='grc' dir='ltr'><strong><em>διηρπάκεσαν,</em></strong></span> <span class='ocrx_word' id='word_1_33' title='bbox 582 696 645 782; x_wconf 83' lang='grc' dir='ltr'><strong><em>ἐγὼ</em></strong></span> <span class='ocrx_word' id='word_1_34' title='bbox 665 693 727 781; x_wconf 71' lang='grc' dir='ltr'><strong><em>μὲν</em></strong></span> <span class='ocrx_word' id='word_1_35' title='bbox 744 695 787 762; x_wconf 82' lang='grc' dir='ltr'><strong><em>ἀν</em></strong></span> <span class='ocrx_word' id='word_1_36' title='bbox 805 699 990 781; x_wconf 71' lang='grc' dir='ltr'><strong><em>βουλοίμην</em></strong></span> <span class='ocrx_word' id='word_1_37' title='bbox 1012 695 1097 780; x_wconf 84' lang='grc' dir='ltr'><strong><em>ὑμᾶς</em></strong></span> 
     </span>
     <span class='ocr_line' id='line_1_6' title="bbox 69 800 1097 890; baseline -0.003 -20"><span class='ocrx_word' id='word_1_38' title='bbox 69 803 237 890; x_wconf 89' lang='grc' dir='ltr'><strong><em>ἀκούειν,</em></strong></span> <span class='ocrx_word' id='word_1_39' title='bbox 267 800 339 870; x_wconf 89' lang='grc' dir='ltr'><strong><em>ἀλλ’</em></strong></span> <span class='ocrx_word' id='word_1_40' title='bbox 374 810 452 880; x_wconf 76' lang='grc' dir='ltr'><strong><em>ἴσως</em></strong></span> <span class='ocrx_word' id='word_1_41' title='bbox 480 801 542 882; x_wconf 78' lang='grc' dir='ltr'><strong><em>ἔξω</em></strong></span> <span class='ocrx_word' id='word_1_42' title='bbox 576 812 637 869; x_wconf 89' lang='grc' dir='ltr'><strong><em>τοῦ</em></strong></span> <span class='ocrx_word' id='word_1_43' title='bbox 664 802 854 889; x_wconf 77' lang='grc' dir='ltr'><strong><em>πράγματος</em></strong></span> <span class='ocrx_word' id='word_1_44' title='bbox 882 802 1097 886; x_wconf 76' lang='grc' dir='ltr'><strong><em>ὑπολήψεσθε</em></strong></span> 
     </span>
     <span class='ocr_line' id='line_1_7' title="bbox 53 904 1096 994; baseline -0.002 -18"><span class='ocrx_word' id='word_1_45' title='bbox 53 906 176 976; x_wconf 68' lang='grc' dir='ltr'><strong><em>’ταῦτ’</em></strong></span> <span class='ocrx_word' id='word_1_46' title='bbox 203 905 298 976; x_wconf 78' lang='grc' dir='ltr'><strong><em>εἶναι.</em></strong></span> <span class='ocrx_word' id='word_1_47' title='bbox 339 906 409 975; x_wconf 78' lang='grc' dir='ltr'><strong><em>ἐπεὶ</em></strong></span> <span class='ocrx_word' id='word_1_48' title='bbox 435 905 491 974; x_wconf 82' lang='grc' dir='ltr'><strong><em>καὶ</em></strong></span> <span class='ocrx_word' id='word_1_49' title='bbox 517 904 607 975; x_wconf 88' lang='grc' dir='ltr'><strong><em>τοῦτ’</em></strong></span> <span class='ocrx_word' id='word_1_50' title='bbox 634 911 698 994; x_wconf 85' lang='grc' dir='ltr'><strong><em>ἐχω</em></strong></span> <span class='ocrx_word' id='word_1_51' title='bbox 727 908 898 973; x_wconf 75' lang='grc' dir='ltr'><strong><em>δεικνύναι</em></strong></span> <span class='ocrx_word' id='word_1_52' title='bbox 919 909 1096 994; x_wconf 88' lang='grc' dir='ltr'><strong><em>τεκμήριον</em></strong></span> 
     </span>
     <span class='ocr_line' id='line_1_8' title="bbox 70 1011 1096 1100; baseline -0.001 -18"><span class='ocrx_word' id='word_1_53' title='bbox 70 1017 127 1093; x_wconf 84' lang='grc' dir='ltr'><strong><em>ὡς</em></strong></span> <span class='ocrx_word' id='word_1_54' title='bbox 158 1013 378 1100; x_wconf 79' lang='grc' dir='ltr'><strong><em>συνέστησαν·</em></strong></span> <span class='ocrx_word' id='word_1_55' title='bbox 409 1017 445 1080; x_wconf 85' lang='grc' dir='ltr'><strong><em>ἐκ</em></strong></span> <span class='ocrx_word' id='word_1_56' title='bbox 473 1036 509 1080; x_wconf 89' lang='grc' dir='ltr'><strong><em>τε</em></strong></span> <span class='ocrx_word' id='word_1_57' title='bbox 538 1015 602 1100; x_wconf 81' lang='grc' dir='ltr'><strong><em>γὰρ</em></strong></span> <span class='ocrx_word' id='word_1_58' title='bbox 631 1023 692 1080; x_wconf 92' lang='grc' dir='ltr'><strong><em>τοῦ</em></strong></span> <span class='ocrx_word' id='word_1_59' title='bbox 722 1013 824 1100; x_wconf 79' lang='grc' dir='ltr'><strong><em>ὅρκου</em></strong></span> <span class='ocrx_word' id='word_1_60' title='bbox 854 1011 1029 1097; x_wconf 77' lang='grc' dir='ltr'><strong><em>ἐξήλειψαν</em></strong></span> <span class='ocrx_word' id='word_1_61' title='bbox 1058 1016 1096 1081; x_wconf 90' lang='grc' dir='ltr'><strong><em>τὸ</em></strong></span> 
     </span>
     <span class='ocr_line' id='line_1_9' title="bbox 70 1115 1098 1207; baseline -0.001 -20"><span class='ocrx_word' id='word_1_62' title='bbox 70 1127 285 1206; x_wconf 75' lang='grc' dir='ltr'><strong><em>ψηφιεῖσθαι</em></strong></span> <span class='ocrx_word' id='word_1_63' title='bbox 316 1121 432 1207; x_wconf 87' lang='grc' dir='ltr'><strong><em>γνώμη</em></strong></span> <span class='ocrx_word' id='word_1_64' title='bbox 464 1128 504 1206; x_wconf 74' lang='grc' dir='ltr'><strong><em>νή</em></strong></span> <span class='ocrx_word' id='word_1_65' title='bbox 541 1119 730 1206; x_wconf 75' lang='grc' dir='ltr'><strong><em>δικαιοτάτη</em></strong></span> <span class='ocrx_word' id='word_1_66' title='bbox 767 1115 823 1184; x_wconf 83' lang='grc' dir='ltr'><strong><em>καὶ</em></strong></span> <span class='ocrx_word' id='word_1_67' title='bbox 859 1119 935 1184; x_wconf 84' lang='grc' dir='ltr'><strong><em>οῦτε</em></strong></span> <span class='ocrx_word' id='word_1_68' title='bbox 966 1120 1098 1206; x_wconf 81' lang='grc' dir='ltr'><strong><em>χάριτος</em></strong></span> 
     </span>
     <span class='ocr_line' id='line_1_10' title="bbox 25 1223 1097 1312; baseline 0.004 -25"><span class='ocrx_word' id='word_1_69' title='bbox 25 1247 58 1287; x_wconf 79' lang='grc' dir='ltr'><strong><em>ει</em></strong></span> <span class='ocrx_word' id='word_1_70' title='bbox 74 1224 170 1293; x_wconf 78' lang='grc' dir='ltr'><strong><em>ἕνεκ’</em></strong></span> <span class='ocrx_word' id='word_1_71' title='bbox 202 1225 274 1293; x_wconf 78' lang='grc' dir='ltr'><strong><em>οὔτ’</em></strong></span> <span class='ocrx_word' id='word_1_72' title='bbox 306 1229 441 1312; x_wconf 75' lang='grc' dir='ltr'><strong><em>ἔχθρας</em></strong></span> <span class='ocrx_word' id='word_1_73' title='bbox 473 1224 529 1292; x_wconf 79' lang='grc' dir='ltr'><strong><em>καὶ</em></strong></span> <span class='ocrx_word' id='word_1_74' title='bbox 556 1226 620 1312; x_wconf 79' lang='grc' dir='ltr'><strong><em>γὰρ</em></strong></span> <span class='ocrx_word' id='word_1_75' title='bbox 652 1235 751 1291; x_wconf 84' lang='grc' dir='ltr'><strong><em>τοῦτο</em></strong></span> <span class='ocrx_word' id='word_1_76' title='bbox 780 1227 928 1310; x_wconf 85' lang='grc' dir='ltr'><strong><em>φανερὸν</em></strong></span> <span class='ocrx_word' id='word_1_77' title='bbox 955 1223 1097 1309; x_wconf 81' lang='grc' dir='ltr'><strong><em>ἐγένετο,</em></strong></span> 
     </span>
     <span class='ocr_line' id='line_1_11' title="bbox 73 1327 1097 1418; baseline -0.004 -19"><span class='ocrx_word' id='word_1_78' title='bbox 73 1331 138 1399; x_wconf 85' lang='grc' dir='ltr'><strong><em>καί</em></strong></span> <span class='ocrx_word' id='word_1_79' title='bbox 168 1333 219 1399; x_wconf 82' lang='grc' dir='ltr'><strong><em>ότι</em></strong></span> <span class='ocrx_word' id='word_1_80' title='bbox 247 1329 282 1418; x_wconf 91' lang='grc' dir='ltr'><strong><em>γ’</em></strong></span> <span class='ocrx_word' id='word_1_81' title='bbox 310 1333 585 1418; x_wconf 72' lang='grc' dir='ltr'><strong><em>ἱεροσυλήσαντες</em></strong></span> <span class='ocrx_word' id='word_1_82' title='bbox 612 1331 653 1396; x_wconf 79' lang='grc' dir='ltr'><strong><em>τὰ</em></strong></span> <span class='ocrx_word' id='word_1_83' title='bbox 682 1331 769 1396; x_wconf 84' lang='grc' dir='ltr'><strong><em>ὅπλα</em></strong></span> <span class='ocrx_word' id='word_1_84' title='bbox 797 1327 977 1418; x_wconf 89' lang='grc' dir='ltr'><strong><em>(είρήσεται</em></strong></span> <span class='ocrx_word' id='word_1_85' title='bbox 1006 1328 1097 1417; x_wconf 77' lang='grc' dir='ltr'><strong><em>γάρ),</em></strong></span> 
     </span>
     <span class='ocr_line' id='line_1_12' title="bbox 74 1430 1098 1524; baseline -0.002 -20"><span class='ocrx_word' id='word_1_86' title='bbox 74 1439 100 1505; x_wconf 77' lang='grc' dir='ltr'>ἃ</span> <span class='ocrx_word' id='word_1_87' title='bbox 135 1437 199 1523; x_wconf 83' lang='grc' dir='ltr'><strong><em>ἐγὼ</em></strong></span> <span class='ocrx_word' id='word_1_88' title='bbox 229 1436 378 1523; x_wconf 90' lang='grc' dir='ltr'><strong><em>ἀνέθηκα</em></strong></span> <span class='ocrx_word' id='word_1_89' title='bbox 407 1446 447 1523; x_wconf 76' lang='grc' dir='ltr'><strong><em>τῇ</em></strong></span> <span class='ocrx_word' id='word_1_90' title='bbox 472 1430 618 1524; x_wconf 76' lang='grc' dir='ltr'><strong><em>Ἀθηνᾷ,</em></strong></span> <span class='ocrx_word' id='word_1_91' title='bbox 646 1435 702 1502; x_wconf 80' lang='grc' dir='ltr'><strong><em>καί</em></strong></span> <span class='ocrx_word' id='word_1_92' title='bbox 731 1438 768 1503; x_wconf 86' lang='grc' dir='ltr'><strong><em>τὸ</em></strong></span> <span class='ocrx_word' id='word_1_93' title='bbox 791 1431 936 1522; x_wconf 78' lang='grc' dir='ltr'><strong><em>ψήφισμ’</em></strong></span> <span class='ocrx_word' id='word_1_94' title='bbox 963 1435 1098 1502; x_wconf 87' lang='grc' dir='ltr'><strong><em>ἐκκολά-</em></strong></span> 
     </span>
     <span class='ocr_line' id='line_1_13' title="bbox 73 1537 1175 1630; baseline -0.004 -20"><span class='ocrx_word' id='word_1_95' title='bbox 73 1557 204 1624; x_wconf 88' lang='grc' dir='ltr'><strong><em>ψαντες</em></strong></span> <span class='ocrx_word' id='word_1_96' title='bbox 221 1543 240 1610; x_wconf 89' lang='grc' dir='ltr'><strong><em>δ</em></strong></span> <span class='ocrx_word' id='word_1_97' title='bbox 255 1542 328 1630; x_wconf 76' lang='grc' dir='ltr'><strong><em>ἐμοὶ</em></strong></span> <span class='ocrx_word' id='word_1_98' title='bbox 346 1539 548 1630; x_wconf 71' lang='grc' dir='ltr'><strong><em>ἐψηφίσανθ’</em></strong></span> <span class='ocrx_word' id='word_1_99' title='bbox 568 1543 604 1609; x_wconf 86' lang='grc' dir='ltr'><strong><em>οί</em></strong></span> <span class='ocrx_word' id='word_1_100' title='bbox 619 1544 770 1627; x_wconf 86' lang='grc' dir='ltr'><strong><em>δημόται,</em></strong></span> <span class='ocrx_word' id='word_1_101' title='bbox 789 1543 990 1626; x_wconf 82' lang='grc' dir='ltr'><strong><em>συνώμνυον</em></strong></span> <span class='ocrx_word' id='word_1_102' title='bbox 1004 1537 1097 1609; x_wconf 80' lang='grc' dir='ltr'><strong><em>οὗτοι</em></strong></span> <span class='ocrx_word' id='word_1_103' title='bbox 1108 1555 1175 1606; x_wconf 75' lang='grc'>1819</span> 
     </span>
     <span class='ocr_line' id='line_1_14' title="bbox 76 1645 1098 1736; baseline -0.003 -19"><span class='ocrx_word' id='word_1_104' title='bbox 76 1647 134 1717; x_wconf 84' lang='grc' dir='ltr'><strong><em>ἐπ’</em></strong></span> <span class='ocrx_word' id='word_1_105' title='bbox 162 1653 203 1736; x_wconf 86' lang='grc' dir='ltr'><strong><em>ἐμ</em></strong></span> <span class='ocrx_word' id='word_1_106' title='bbox 239 1651 276 1716; x_wconf 84' lang='grc' dir='ltr'><strong><em>ολ</em></strong></span> <span class='ocrx_word' id='word_1_107' title='bbox 294 1647 352 1716; x_wconf 83' lang='grc' dir='ltr'><strong><em>ὑπ’</em></strong></span> <span class='ocrx_word' id='word_1_108' title='bbox 378 1649 461 1735; x_wconf 83' lang='grc' dir='ltr'><strong><em>ἐμοῦ</em></strong></span> <span class='ocrx_word' id='word_1_109' title='bbox 482 1649 523 1714; x_wconf 80' lang='grc' dir='ltr'><strong><em>τὰ</em></strong></span> <span class='ocrx_word' id='word_1_110' title='bbox 544 1648 641 1715; x_wconf 87' lang='grc' dir='ltr'><strong><em>κοιυά</em></strong></span> <span class='ocrx_word' id='word_1_111' title='bbox 665 1645 928 1734; x_wconf 75' lang='grc' dir='ltr'><strong><em>εἰσπραχθέντες.</em></strong></span> <span class='ocrx_word' id='word_1_112' title='bbox 972 1646 1029 1714; x_wconf 82' lang='grc' dir='ltr'><strong><em>καλ</em></strong></span> <span class='ocrx_word' id='word_1_113' title='bbox 1049 1650 1098 1726; x_wconf 83' lang='grc' dir='ltr'><strong><em>είς</em></strong></span> 
     </span>
     <span class='ocr_line' id='line_1_15' title="bbox 75 1751 1097 1841; baseline -0.001 -20"><span class='ocrx_word' id='word_1_114' title='bbox 75 1752 214 1822; x_wconf 83' lang='grc' dir='ltr'><strong><em>τοσοῦτ’</em></strong></span> <span class='ocrx_word' id='word_1_115' title='bbox 242 1755 410 1834; x_wconf 79' lang='grc' dir='ltr'><strong><em>ἀναιδείας</em></strong></span> <span class='ocrx_word' id='word_1_116' title='bbox 433 1754 650 1840; x_wconf 82' lang='grc' dir='ltr'><strong><em>ἐληλύθασιν,</em></strong></span> <span class='ocrx_word' id='word_1_117' title='bbox 672 1751 749 1820; x_wconf 79' lang='grc' dir='ltr'><strong><em>ὥστ’</em></strong></span> <span class='ocrx_word' id='word_1_118' title='bbox 777 1756 892 1838; x_wconf 89' lang='grc' dir='ltr'><strong><em>ἐλεγου</em></strong></span> <span class='ocrx_word' id='word_1_119' title='bbox 913 1757 1097 1841; x_wconf 86' lang='grc' dir='ltr'><strong><em>περιιόντες</em></strong></span> 
     </span>
     <span class='ocr_line' id='line_1_16' title="bbox 77 1857 1096 1946; baseline -0.004 -18"><span class='ocrx_word' id='word_1_120' title='bbox 77 1857 142 1946; x_wconf 78' lang='grc' dir='ltr'><strong><em>ἐμέ</em></strong></span> <span class='ocrx_word' id='word_1_121' title='bbox 163 1870 221 1946; x_wconf 83' lang='grc' dir='ltr'><strong><em>τής</em></strong></span> <span class='ocrx_word' id='word_1_122' title='bbox 243 1860 422 1946; x_wconf 78' lang='grc' dir='ltr'><strong><em>ἀπολογίας</em></strong></span> <span class='ocrx_word' id='word_1_123' title='bbox 439 1859 535 1928; x_wconf 78' lang='grc' dir='ltr'><strong><em>ἕνεκα</em></strong></span> <span class='ocrx_word' id='word_1_124' title='bbox 553 1870 655 1927; x_wconf 90' lang='grc' dir='ltr'><strong><em>ταῦτα</em></strong></span> <span class='ocrx_word' id='word_1_125' title='bbox 673 1869 818 1946; x_wconf 81' lang='grc' dir='ltr'><strong><em>ποιήσαι.</em></strong></span> <span class='ocrx_word' id='word_1_126' title='bbox 854 1857 909 1925; x_wconf 81' lang='grc' dir='ltr'><strong><em>καί</em></strong></span> <span class='ocrx_word' id='word_1_127' title='bbox 931 1864 981 1937; x_wconf 92' lang='grc' dir='ltr'><strong><em>τίς</em></strong></span> <span class='ocrx_word' id='word_1_128' title='bbox 1001 1859 1096 1944; x_wconf 79' lang='grc' dir='ltr'><strong><em>ὑμῶν</em></strong></span> 
     </span>
     <span class='ocr_line' id='line_1_17' title="bbox 79 1961 1097 2052; baseline -0.005 -18"><span class='ocrx_word' id='word_1_129' title='bbox 79 1967 127 2034; x_wconf 81' lang='grc' dir='ltr'><strong><em>ἀν</em></strong></span> <span class='ocrx_word' id='word_1_130' title='bbox 153 1971 332 2052; x_wconf 87' lang='grc' dir='ltr'><strong><em>καταγνοίη</em></strong></span> <span class='ocrx_word' id='word_1_131' title='bbox 361 1992 426 2052; x_wconf 89' lang='grc' dir='ltr'><strong><em>μου</em></strong></span> <span class='ocrx_word' id='word_1_132' title='bbox 457 1969 622 2052; x_wconf 89' lang='grc' dir='ltr'><strong><em>τοσαύτην</em></strong></span> <span class='ocrx_word' id='word_1_133' title='bbox 652 1971 774 2052; x_wconf 89' lang='grc' dir='ltr'><strong><em>μανίαν</em></strong></span> <span class='ocrx_word' id='word_1_134' title='bbox 803 1961 829 2030; x_wconf 89' lang='grc' dir='ltr'><strong><em>ώ</em></strong></span> <span class='ocrx_word' id='word_1_135' title='bbox 859 1967 979 2051; x_wconf 84' lang='grc' dir='ltr'><strong><em>ἀνδρες</em></strong></span> <span class='ocrx_word' id='word_1_136' title='bbox 1006 1966 1097 2030; x_wconf 90' lang='grc' dir='ltr'><strong><em>δικα-</em></strong></span> 
     </span>
     <span class='ocr_line' id='line_1_18' title="bbox 80 2071 1098 2158; baseline -0.002 -20"><span class='ocrx_word' id='word_1_137' title='bbox 80 2076 171 2157; x_wconf 89' lang='grc' dir='ltr'><strong><em>σταί,</em></strong></span> <span class='ocrx_word' id='word_1_138' title='bbox 193 2073 277 2138; x_wconf 78' lang='grc' dir='ltr'><strong><em>ὥστε</em></strong></span> <span class='ocrx_word' id='word_1_139' title='bbox 299 2074 502 2157; x_wconf 90' lang='grc' dir='ltr'><strong><em>τηλικούτων</em></strong></span> <span class='ocrx_word' id='word_1_140' title='bbox 529 2071 626 2138; x_wconf 80' lang='grc' dir='ltr'><strong><em>ἕνεκα</em></strong></span> <span class='ocrx_word' id='word_1_141' title='bbox 652 2075 735 2158; x_wconf 89' lang='grc' dir='ltr'><strong><em>πρὸς</em></strong></span> <span class='ocrx_word' id='word_1_142' title='bbox 761 2074 798 2138; x_wconf 81' lang='grc' dir='ltr'><strong><em>τὸ</em></strong></span> <span class='ocrx_word' id='word_1_143' title='bbox 825 2080 960 2158; x_wconf 82' lang='grc' dir='ltr'><strong><em>πρᾶγμα</em></strong></span> <span class='ocrx_word' id='word_1_144' title='bbox 982 2094 1098 2156; x_wconf 87' lang='grc' dir='ltr'><strong><em>τεκμη-</em></strong></span> 
     </span>
     <span class='ocr_line' id='line_1_19' title="bbox 80 2174 1098 2266; baseline -0.004 -22"><span class='ocrx_word' id='word_1_145' title='bbox 80 2183 169 2266; x_wconf 88' lang='grc' dir='ltr'><strong><em>ρίων</em></strong></span> <span class='ocrx_word' id='word_1_146' title='bbox 192 2176 267 2255; x_wconf 75' lang='grc' dir='ltr'><strong><em>ἀξια</em></strong></span> <span class='ocrx_word' id='word_1_147' title='bbox 288 2178 442 2244; x_wconf 81' lang='grc' dir='ltr'><strong><em>θανάτου</em></strong></span> <span class='ocrx_word' id='word_1_148' title='bbox 466 2176 727 2264; x_wconf 78' lang='grc' dir='ltr'><strong><em>διαπράξασθαι,</em></strong></span> <span class='ocrx_word' id='word_1_149' title='bbox 754 2175 809 2243; x_wconf 84' lang='grc' dir='ltr'><strong><em>καὶ</em></strong></span> <span class='ocrx_word' id='word_1_150' title='bbox 832 2176 853 2244; x_wconf 80' lang='grc' dir='ltr'><strong><em>ἀ</em></strong></span> <span class='ocrx_word' id='word_1_151' title='bbox 876 2174 950 2261; x_wconf 79' lang='grc' dir='ltr'><strong><em>ἐμοὶ</em></strong></span> <span class='ocrx_word' id='word_1_152' title='bbox 972 2181 1098 2262; x_wconf 89' lang='grc' dir='ltr'><strong><em>φιλοτι-</em></strong></span> 
     </span>
     <span class='ocr_line' id='line_1_20' title="bbox 37 2279 1097 2370; baseline 0.001 -25"><span class='ocrx_word' id='word_1_153' title='bbox 37 2303 65 2345; x_wconf 80' lang='grc' dir='ltr'><strong><em>οε</em></strong></span> <span class='ocrx_word' id='word_1_154' title='bbox 81 2287 167 2370; x_wconf 85' lang='grc' dir='ltr'><strong><em>μίαν</em></strong></span> <span class='ocrx_word' id='word_1_155' title='bbox 185 2285 293 2367; x_wconf 87' lang='grc' dir='ltr'><strong><em>ἐφερε,</em></strong></span> <span class='ocrx_word' id='word_1_156' title='bbox 315 2280 403 2349; x_wconf 87' lang='grc' dir='ltr'><strong><em>ταῦτ’</em></strong></span> <span class='ocrx_word' id='word_1_157' title='bbox 427 2282 613 2368; x_wconf 73' lang='grc' dir='ltr'><strong><em>ἀφανίζεινς</em></strong></span> <span class='ocrx_word' id='word_1_158' title='bbox 636 2285 674 2349; x_wconf 86' lang='grc' dir='ltr'><strong><em>τὸ</em></strong></span> <span class='ocrx_word' id='word_1_159' title='bbox 694 2279 731 2348; x_wconf 77' lang='grc' dir='ltr'><strong><em>δέ</em></strong></span> <span class='ocrx_word' id='word_1_160' title='bbox 749 2282 883 2348; x_wconf 81' lang='grc' dir='ltr'><strong><em>πάντων</em></strong></span> <span class='ocrx_word' id='word_1_161' title='bbox 907 2283 1097 2348; x_wconf 90' lang='grc' dir='ltr'><strong><em>δεινότατον</em></strong></span> 
     </span>
     <span class='ocr_line' id='line_1_21' title="bbox 82 2384 1098 2474; baseline -0.004 -18"><span class='ocrx_word' id='word_1_162' title='bbox 82 2389 127 2457; x_wconf 92' lang='grc' dir='ltr'><strong><em>ού</em></strong></span> <span class='ocrx_word' id='word_1_163' title='bbox 156 2389 264 2474; x_wconf 88' lang='grc' dir='ltr'><strong><em>δήπου</em></strong></span> <span class='ocrx_word' id='word_1_164' title='bbox 291 2410 329 2472; x_wconf 89' lang='grc' dir='ltr'><strong><em>γε</em></strong></span> <span class='ocrx_word' id='word_1_165' title='bbox 356 2391 498 2474; x_wconf 81' lang='grc' dir='ltr'><strong><em>φήσαιεν</em></strong></span> <span class='ocrx_word' id='word_1_166' title='bbox 525 2387 568 2454; x_wconf 85' lang='grc' dir='ltr'><strong><em>ἀν</em></strong></span> <span class='ocrx_word' id='word_1_167' title='bbox 596 2384 652 2473; x_wconf 82' lang='grc' dir='ltr'><strong><em>ἐμέ</em></strong></span> <span class='ocrx_word' id='word_1_168' title='bbox 678 2387 927 2453; x_wconf 78' lang='grc' dir='ltr'><strong><em>κατασκευάσαι.</em></strong></span> <span class='ocrx_word' id='word_1_169' title='bbox 972 2386 1013 2453; x_wconf 86' lang='grc' dir='ltr'><strong><em>ού</em></strong></span> <span class='ocrx_word' id='word_1_170' title='bbox 1034 2387 1098 2473; x_wconf 81' lang='grc' dir='ltr'><strong><em>γὰρ</em></strong></span> 
     </span>
     <span class='ocr_line' id='line_1_22' title="bbox 82 2491 1099 2582; baseline -0.002 -20"><span class='ocrx_word' id='word_1_171' title='bbox 82 2500 174 2582; x_wconf 83' lang='grc' dir='ltr'><strong><em>ἔφθη</em></strong></span> <span class='ocrx_word' id='word_1_172' title='bbox 194 2517 251 2579; x_wconf 91' lang='grc' dir='ltr'><strong><em>μοι</em></strong></span> <span class='ocrx_word' id='word_1_173' title='bbox 270 2491 413 2580; x_wconf 83' lang='grc' dir='ltr'><strong><em>συμβᾶσ’</em></strong></span> <span class='ocrx_word' id='word_1_174' title='bbox 430 2494 451 2579; x_wconf 86' lang='grc' dir='ltr'><strong><em>ή</em></strong></span> <span class='ocrx_word' id='word_1_175' title='bbox 470 2491 599 2580; x_wconf 82' lang='grc' dir='ltr'><strong><em>ἀτυχία,</em></strong></span> <span class='ocrx_word' id='word_1_176' title='bbox 615 2491 672 2560; x_wconf 81' lang='grc' dir='ltr'><strong><em>καί</em></strong></span> <span class='ocrx_word' id='word_1_177' title='bbox 690 2493 806 2578; x_wconf 77' lang='grc' dir='ltr'><strong><em>εὐθὺς,</em></strong></span> <span class='ocrx_word' id='word_1_178' title='bbox 824 2493 935 2579; x_wconf 81' lang='grc' dir='ltr'><strong><em>ὥσπερ</em></strong></span> <span class='ocrx_word' id='word_1_179' title='bbox 949 2493 1099 2578; x_wconf 76' lang='grc' dir='ltr'><strong><em>φυγάδος</em></strong></span> 
     </span>
     <span class='ocr_line' id='line_1_23' title="bbox 83 2594 1098 2687; baseline -0.002 -19"><span class='ocrx_word' id='word_1_180' title='bbox 83 2605 149 2687; x_wconf 86' lang='grc' dir='ltr'><strong><em>ήδη</em></strong></span> <span class='ocrx_word' id='word_1_181' title='bbox 173 2626 238 2686; x_wconf 89' lang='grc' dir='ltr'><strong><em>μου</em></strong></span> <span class='ocrx_word' id='word_1_182' title='bbox 261 2601 357 2678; x_wconf 75' lang='grc' dir='ltr'><strong><em>ὄντος</em></strong></span> <span class='ocrx_word' id='word_1_183' title='bbox 378 2597 434 2666; x_wconf 81' lang='grc' dir='ltr'><strong><em>καί</em></strong></span> <span class='ocrx_word' id='word_1_184' title='bbox 461 2598 685 2683; x_wconf 88' lang='grc' dir='ltr'><strong><em>ἀπολωλότος,</em></strong></span> <span class='ocrx_word' id='word_1_185' title='bbox 712 2600 839 2665; x_wconf 88' lang='grc' dir='ltr'><strong><em>τούτων</em></strong></span> <span class='ocrx_word' id='word_1_186' title='bbox 865 2594 954 2676; x_wconf 81' lang='grc' dir='ltr'><strong><em>τινές</em></strong></span> <span class='ocrx_word' id='word_1_187' title='bbox 981 2595 1034 2665; x_wconf 77' lang='grc' dir='ltr'><strong><em>ἐπὶ</em></strong></span> <span class='ocrx_word' id='word_1_188' title='bbox 1060 2601 1098 2666; x_wconf 85' lang='grc' dir='ltr'><strong><em>τὸ</em></strong></span> 
     </span>
     <span class='ocr_line' id='line_1_24' title="bbox 85 2703 1098 2794; baseline -0.003 -21"><span class='ocrx_word' id='word_1_189' title='bbox 85 2709 229 2774; x_wconf 88' lang='grc' dir='ltr'><strong><em>οίκίδιον</em></strong></span> <span class='ocrx_word' id='word_1_190' title='bbox 256 2706 412 2783; x_wconf 74' lang='grc' dir='ltr'><strong><em>ἐλθόντες</em></strong></span> <span class='ocrx_word' id='word_1_191' title='bbox 442 2707 481 2772; x_wconf 88' lang='grc' dir='ltr'><strong><em>τὸ</em></strong></span> <span class='ocrx_word' id='word_1_192' title='bbox 513 2703 551 2770; x_wconf 91' lang='grc' dir='ltr'><strong><em>ἐν</em></strong></span> <span class='ocrx_word' id='word_1_193' title='bbox 583 2703 673 2794; x_wconf 72' lang='grc' dir='ltr'><strong><em>ἀγρῷ</em></strong></span> <span class='ocrx_word' id='word_1_194' title='bbox 705 2705 853 2791; x_wconf 86' lang='grc' dir='ltr'><strong><em>νύκτωρ,</em></strong></span> <span class='ocrx_word' id='word_1_195' title='bbox 885 2703 1098 2791; x_wconf 83' lang='grc' dir='ltr'><strong><em>ἐπεχείρησαν</em></strong></span> 
     </span>
     <span class='ocr_line' id='line_1_25' title="bbox 86 2806 1097 2900; baseline -0.003 -20"><span class='ocrx_word' id='word_1_196' title='bbox 86 2817 286 2900; x_wconf 81' lang='grc' dir='ltr'><strong><em>διαφορῆσαι</em></strong></span> <span class='ocrx_word' id='word_1_197' title='bbox 301 2811 497 2878; x_wconf 67' lang='grc' dir='ltr'><strong><em>τᾶνδοθεν·</em></strong></span> <span class='ocrx_word' id='word_1_198' title='bbox 529 2811 616 2878; x_wconf 80' lang='grc' dir='ltr'><strong><em>ούτω</em></strong></span> <span class='ocrx_word' id='word_1_199' title='bbox 653 2806 773 2896; x_wconf 92' lang='grc' dir='ltr'><strong><em>σφόδρ’</em></strong></span> <span class='ocrx_word' id='word_1_200' title='bbox 808 2811 904 2896; x_wconf 81' lang='grc' dir='ltr'><strong><em>ὑμῶν</em></strong></span> <span class='ocrx_word' id='word_1_201' title='bbox 940 2809 995 2877; x_wconf 83' lang='grc' dir='ltr'><strong><em>καὶ</em></strong></span> <span class='ocrx_word' id='word_1_202' title='bbox 1030 2822 1097 2877; x_wconf 81' lang='grc' dir='ltr'><strong><em>τῶν</em></strong></span> 
     </span>
     <span class='ocr_line' id='line_1_26' title="bbox 85 2914 1097 3005; baseline -0.004 -19"><span class='ocrx_word' id='word_1_203' title='bbox 85 2923 198 3005; x_wconf 91' lang='grc' dir='ltr'><strong><em>νόμων</em></strong></span> <span class='ocrx_word' id='word_1_204' title='bbox 228 2920 489 3004; x_wconf 86' lang='grc' dir='ltr'><strong><em>κατεφρόνησαν.</em></strong></span> <span class='ocrx_word' id='word_1_205' title='bbox 533 2914 589 2983; x_wconf 82' lang='grc' dir='ltr'><strong><em>καὶ</em></strong></span> <span class='ocrx_word' id='word_1_206' title='bbox 620 2927 723 2982; x_wconf 82' lang='grc' dir='ltr'><strong><em>ταῦτα</em></strong></span> <span class='ocrx_word' id='word_1_207' title='bbox 754 2918 832 2994; x_wconf 85' lang='grc' dir='ltr'><strong><em>τοῦς</em></strong></span> <span class='ocrx_word' id='word_1_208' title='bbox 863 2917 1007 3002; x_wconf 75' lang='grc' dir='ltr'><strong><em>εἰδότας,</em></strong></span> <span class='ocrx_word' id='word_1_209' title='bbox 1039 2916 1097 2982; x_wconf 80' lang='grc' dir='ltr'><strong><em>ἐὰν</em></strong></span> 
     </span>
     <span class='ocr_line' id='line_1_27' title="bbox 86 3026 463 3111; baseline -0.008 -20"><span class='ocrx_word' id='word_1_210' title='bbox 86 3026 266 3111; x_wconf 85' lang='grc' dir='ltr'><strong><em>βούλησθε,</em></strong></span> <span class='ocrx_word' id='word_1_211' title='bbox 287 3027 463 3108; x_wconf 86' lang='grc' dir='ltr'><strong><em>καλοῦμεν.</em></strong></span> 
     </span>
     <span class='ocr_line' id='line_1_28' title="bbox 47 3125 1098 3214; baseline 0 -19"><span class='ocrx_word' id='word_1_212' title='bbox 47 3148 73 3187; x_wconf 76' lang='lat'><strong><em>⁶⁶</em></strong></span> <span class='ocrx_word' id='word_1_213' title='bbox 151 3129 269 3196; x_wconf 85' lang='grc' dir='ltr'><strong><em>Πολλὰ</em></strong></span> <span class='ocrx_word' id='word_1_214' title='bbox 292 3125 322 3195; x_wconf 88' lang='grc' dir='ltr'><strong><em>δ’</em></strong></span> <span class='ocrx_word' id='word_1_215' title='bbox 345 3131 428 3214; x_wconf 81' lang='grc' dir='ltr'><strong><em>ἔχων</em></strong></span> <span class='ocrx_word' id='word_1_216' title='bbox 450 3128 507 3196; x_wconf 79' lang='grc' dir='ltr'><strong><em>καὶ</em></strong></span> <span class='ocrx_word' id='word_1_217' title='bbox 529 3125 604 3194; x_wconf 86' lang='grc' dir='ltr'><strong><em>ἀλλ’</em></strong></span> <span class='ocrx_word' id='word_1_218' title='bbox 632 3127 808 3213; x_wconf 80' lang='grc' dir='ltr'><strong><em>ἐπιδείξαι,</em></strong></span> <span class='ocrx_word' id='word_1_219' title='bbox 834 3129 855 3196; x_wconf 83' lang='grc' dir='ltr'><strong><em>ἀ</em></strong></span> <span class='ocrx_word' id='word_1_220' title='bbox 877 3130 1007 3206; x_wconf 87' lang='grc' dir='ltr'><strong><em>τούτοις</em></strong></span> <span class='ocrx_word' id='word_1_221' title='bbox 1029 3126 1098 3195; x_wconf 83' lang='grc' dir='ltr'><strong><em>ἐστὶ</em></strong></span> 
     </span>
     <span class='ocr_line' id='line_1_29' title="bbox 86 3233 1097 3322; baseline 0 -22"><span class='ocrx_word' id='word_1_222' title='bbox 86 3234 298 3322; x_wconf 78' lang='grc' dir='ltr'><strong><em>πεπραγμένα</em></strong></span> <span class='ocrx_word' id='word_1_223' title='bbox 315 3234 370 3302; x_wconf 82' lang='grc' dir='ltr'><strong><em>καί</em></strong></span> <span class='ocrx_word' id='word_1_224' title='bbox 388 3236 508 3302; x_wconf 78' lang='grc' dir='ltr'><strong><em>ἀείσιν</em></strong></span> <span class='ocrx_word' id='word_1_225' title='bbox 527 3233 736 3320; x_wconf 78' lang='grc' dir='ltr'><strong><em>ἐψευσμένοι,</em></strong></span> <span class='ocrx_word' id='word_1_226' title='bbox 754 3233 859 3319; x_wconf 87' lang='grc' dir='ltr'><strong><em>ήδέως</em></strong></span> <span class='ocrx_word' id='word_1_227' title='bbox 877 3233 938 3321; x_wconf 75' lang='grc' dir='ltr'><strong><em>μὲν</em></strong></span> <span class='ocrx_word' id='word_1_228' title='bbox 957 3234 999 3300; x_wconf 82' lang='grc' dir='ltr'><strong><em>ἀν</em></strong></span> <span class='ocrx_word' id='word_1_229' title='bbox 1016 3234 1097 3321; x_wconf 70' lang='grc' dir='ltr'><strong><em>ὑμῖν</em></strong></span> 
     </span>
     <span class='ocr_line' id='line_1_30' title="bbox 88 3334 1098 3427; baseline -0.004 -19"><span class='ocrx_word' id='word_1_230' title='bbox 88 3340 226 3426; x_wconf 78' lang='grc' dir='ltr'><strong><em>λέγοιμι,</em></strong></span> <span class='ocrx_word' id='word_1_231' title='bbox 248 3340 361 3427; x_wconf 86' lang='grc' dir='ltr'><strong><em>ἐπειδή</em></strong></span> <span class='ocrx_word' id='word_1_232' title='bbox 386 3338 416 3407; x_wconf 83' lang='grc' dir='ltr'><strong><em>δ’</em></strong></span> <span class='ocrx_word' id='word_1_233' title='bbox 443 3341 505 3420; x_wconf 83' lang='grc' dir='ltr'><strong><em>ἐξω</em></strong></span> <span class='ocrx_word' id='word_1_234' title='bbox 532 3352 592 3408; x_wconf 89' lang='grc' dir='ltr'><strong><em>τοῦ</em></strong></span> <span class='ocrx_word' id='word_1_235' title='bbox 619 3342 809 3427; x_wconf 78' lang='grc' dir='ltr'><strong><em>πράγματος</em></strong></span> <span class='ocrx_word' id='word_1_236' title='bbox 834 3338 973 3425; x_wconf 81' lang='grc' dir='ltr'><strong><em>νομίζετ’</em></strong></span> <span class='ocrx_word' id='word_1_237' title='bbox 1000 3334 1098 3423; x_wconf 84' lang='grc' dir='ltr'><strong><em>εἶναι,</em></strong></span> 
     </span>
     <span class='ocr_line' id='line_1_31' title="bbox 89 3444 1098 3532; baseline -0.006 -20"><span class='ocrx_word' id='word_1_238' title='bbox 89 3447 182 3512; x_wconf 84' lang='grc' dir='ltr'><strong><em>ἐύσω.</em></strong></span> <span class='ocrx_word' id='word_1_239' title='bbox 214 3445 448 3532; x_wconf 87' lang='grc' dir='ltr'><strong><em>ἀναμνήσθητε</em></strong></span> <span class='ocrx_word' id='word_1_240' title='bbox 464 3444 494 3513; x_wconf 83' lang='grc' dir='ltr'><strong><em>δ’</em></strong></span> <span class='ocrx_word' id='word_1_241' title='bbox 514 3445 649 3512; x_wconf 87' lang='grc' dir='ltr'><strong><em>ἐκείνων</em></strong></span> <span class='ocrx_word' id='word_1_242' title='bbox 662 3445 718 3512; x_wconf 79' lang='grc' dir='ltr'><strong><em>καὶ</em></strong></span> <span class='ocrx_word' id='word_1_243' title='bbox 730 3445 915 3530; x_wconf 76' lang='grc' dir='ltr'><strong><em>θεάσασθε,</em></strong></span> <span class='ocrx_word' id='word_1_244' title='bbox 933 3446 978 3521; x_wconf 80' lang='grc' dir='ltr'><strong><em>ὡς</em></strong></span> <span class='ocrx_word' id='word_1_245' title='bbox 991 3444 1098 3508; x_wconf 82' lang='grc' dir='ltr'><strong><em>πολλὰ</em></strong></span> 
     </span>
     <span class='ocr_line' id='line_1_32' title="bbox 88 3549 1099 3640; baseline -0.007 -22"><span class='ocrx_word' id='word_1_246' title='bbox 88 3549 142 3618; x_wconf 78' lang='grc' dir='ltr'><strong><em>καὶ</em></strong></span> <span class='ocrx_word' id='word_1_247' title='bbox 173 3550 271 3618; x_wconf 87' lang='grc' dir='ltr'><strong><em>δίκαι’</em></strong></span> <span class='ocrx_word' id='word_1_248' title='bbox 303 3554 388 3640; x_wconf 76' lang='grc' dir='ltr'><strong><em>ἔχων</em></strong></span> <span class='ocrx_word' id='word_1_249' title='bbox 419 3552 502 3638; x_wconf 83' lang='grc' dir='ltr'><strong><em>πρὸς</em></strong></span> <span class='ocrx_word' id='word_1_250' title='bbox 535 3550 621 3637; x_wconf 79' lang='grc' dir='ltr'><strong><em>ὑμᾶς</em></strong></span> <span class='ocrx_word' id='word_1_251' title='bbox 655 3551 734 3636; x_wconf 86' lang='grc' dir='ltr'><strong><em>ήκω.</em></strong></span> <span class='ocrx_word' id='word_1_252' title='bbox 785 3551 894 3634; x_wconf 78' lang='grc' dir='ltr'><strong><em>ὥσπερ</em></strong></span> <span class='ocrx_word' id='word_1_253' title='bbox 926 3549 988 3633; x_wconf 79' lang='grc' dir='ltr'><strong><em>γὰρ</em></strong></span> <span class='ocrx_word' id='word_1_254' title='bbox 1020 3550 1099 3624; x_wconf 85' lang='grc' dir='ltr'><strong><em>τοὺς</em></strong></span> 
     </span>
    </p>
   </div>
   <div class='ocr_carea' id='block_1_4' title="bbox 0 0 1336 3922">
    <p class='ocr_par' dir='ltr' id='par_1_4' title="bbox 0 0 1336 3922">
     <span class='ocr_line' id='line_1_33' title="bbox 0 0 1336 3922; baseline 0 0"><span class='ocrx_word' id='word_1_255' title='bbox 0 0 1336 3922; x_wconf 95' lang='lat' dir='ltr'><strong><em> </em></strong></span> 
     </span>
    </p>
   </div>
  </div>
 </body>
</html>
