2650 3918
495 201 590 252 ΚΑΤΑ
608 203 771 256 NEAlPA'z.
1075 199 1137 266 317

128 355 298 441 Θεογένην
326 357 389 423 ὅσα
417 363 515 445 κυρία
545 358 655 445 ἐστίν,
682 358 719 425 έν
748 359 923 452 ἀπορρήτῳ
946 357 985 427 δέ
1007 358 1062 427 καί
1086 361 1142 428 διδ

127 465 355 547 κοσμιότητος·
383 464 424 530 οὐ
447 465 510 552 γὰρ
540 464 779 553 αὐτοκράτορές
800 469 902 552 εἰσιν,
930 467 977 545 ὡς
998 467 1041 534 ἀν
1062 467 1142 552 βού-

83 587 112 628 ει
127 573 264 652 λωυται,
279 565 468 656 Ἀθηναίων
486 573 561 638 τινὰ
579 572 725 640 κολάσαι.
757 571 947 659 γενομένων
965 569 1004 640 δέ
1021 575 1142 656 λόγων,

126 671 185 740 καὶ
206 679 354 760 χαλεπῶς
375 675 544 762 φερούσης
558 674 616 763 τῆς
638 677 675 744 έν
694 673 807 768 Ἀρείφ
825 680 919 770 πάγη)
942 683 1066 765 βουλῆς
1086 676 1142 746 καί

128 781 307 866 ζημιούσης
328 785 387 851 τὸν
412 783 595 869 Θεογένην,
623 783 674 849 ὅτι
703 785 860 869 τοιαύτην
882 788 979 871 ἔλαβε
1001 796 1143 869 γυναῖκα
1273 857 1276 864 ,

125 885 184 952 καί
206 887 329 973 ταύτην
346 894 436 955 είασε
454 897 590 973 ποιῆσαι
613 889 653 955 τά
676 889 748 976 ίερὰ
770 890 811 957 τά
833 891 958 976 ἀρρητα
979 886 1063 972 ὑπὲρ
1084 898 1143 974 τῆς

125 995 274 1078 πόλεως,
305 994 411 1060 ἐδεῖτο
441 993 460 1061 ό
484 992 647 1080 Θεογένης
676 995 833 1062 ἱκετεύων
861 994 917 1062 καὶ
946 993 1142 1079 ἀντιβολῶν,

127 1096 236 1182 λέγων
262 1099 313 1166 ότι
341 1099 403 1166 ούκ
430 1098 505 1187 ᾔδει
526 1103 674 1186 Νεαίρας
701 1101 806 1186 αὐτήν
836 1096 941 1168 οὖσαν
962 1097 1142 1182 θυγατέρα,

128 1202 201 1270 ἀλλ’
227 1204 446 1290 ἐξαπατηθείη
468 1207 534 1272 ὑπὸ
557 1207 752 1291 Στεφάνου,
781 1207 826 1284 ὡς
849 1207 951 1272 αὐτοῦ
973 1203 1142 1290 θυγατέρα

127 1306 235 1377 οὖσαν
258 1310 363 1396 αὐτήν
384 1312 564 1397 λαμβάνων
586 1315 728 1396 γνησίαν
749 1314 832 1378 κατὰ
854 1314 914 1379 τὸν
935 1314 1059 1395 νόμον,
1086 1307 1142 1376 καί
1174 1347 1176 1354 ·

127 1417 186 1482 διὰ
203 1417 265 1502 τήν
283 1414 437 1502 ἀπειρίαν
454 1429 522 1484 τῶν
540 1418 741 1504 πραγμάτων
759 1416 814 1484 καὶ
836 1419 898 1502 τήν
920 1416 1059 1482 ἀκακίαν
1080 1417 1142 1499 τήν

127 1521 249 1590 ἑαυτοῦ
271 1533 390 1590 τοῦτον
416 1523 584 1610 πάρεδρον
611 1525 801 1608 ποιήσαιτο,
828 1524 884 1590 ἵνα
907 1524 1058 1609 διοικήση
1080 1523 1142 1606 τήν

126 1628 266 1715 ἀργήν,
281 1628 326 1706 ὡς
357 1630 482 1698 εύνουν
513 1631 610 1712 όντα,
644 1627 700 1695 καί
733 1630 788 1694 διὰ
818 1639 917 1696 τοῦτο
947 1630 1141 1713 κηδεύσειεν

86 1753 115 1794 8²
128 1735 246 1824 αὑτηὶ,
273 1735 340 1802 εότι
363 1730 415 1801 δέ’
444 1737 507 1820 ἔφη
530 1734 589 1801 ὀὐ
615 1736 800 1820 ψεύδομαι,
825 1735 956 1824 μεγάλῳ
978 1737 1141 1823 τεκμηρίῳ

127 1838 184 1908 καί
205 1851 383 1928 περιφανεῖ
401 1840 554 1920 ἐπιδείξω
571 1841 667 1926 ὑμίν·
689 1842 751 1926 τήν
768 1841 832 1926 γὰρ
857 1842 1039 1926 ἀνθρωπον
1062 1839 1141 1906 ἀπο-

127 1947 301 2032 πέμψωέκ
318 1956 376 2032 τῆς
393 1950 510 2032 οἰκίας,
533 1946 645 2031 ἐπειδή
669 1947 731 2018 ούκ
749 1949 817 2012 ἔστι
835 1946 1012 2032 Στεφάνου
1034 1946 1141 2029 θυγά-

126 2078 201 2140 τηρ,
217 2053 302 2118 ἀλλὰ
315 2056 470 2137 Νεαίρας.
506 2052 570 2124 κάν
583 2049 645 2137 μὲν
662 2063 765 2118 ταῦτα
782 2054 922 2137 ποιήσω,
943 2053 1007 2137 ήδη
1030 2049 1140 2118 πιστοί
1151 2072 1219 2122 τελε

127 2159 209 2243 [ὑμῖν
232 2160 379 2224 ἔστωσαν
392 2159 428 2224 οί
447 2160 542 2241 λόγοι
555 2160 591 2224 οί
606 2155 683 2244 παρ’
701 2157 782 2243 ἐμοῦ
795 2161 980 2243 λεγόμενοι,
1003 2156 1054 2223 ὅτι
1068 2155 1140 2242 έξη-

128 2264 296 2346 πατήθην·
320 2262 378 2328 ἐὰν
401 2259 438 2332 δέ
456 2264 501 2348 μή
518 2264 658 2347 ποιήσω,
680 2260 747 2329 τότ’
773 2264 901 2348 ἦδημε
923 2263 1072 2342 κολάζετε
1095 2263 1140 2340 ὡς

87 2370 285 2453 ωπονηρὸν
305 2370 386 2436 όντα
412 2367 467 2434 καί
484 2370 542 2446 είς
567 2371 646 2446 τούς
676 2371 778 2446 θεοὺς
806 2366 1014 2453 ήσεβηκότα.’
1059 2368 1139 2434 ὑπο-

127 2472 294 2562 σχομένου
316 2470 476 2541 δὲταῦτα
498 2473 767 2558 τοῦΓΘεογένους
789 2473 844 2539 καὶ
868 2472 1044 2559 δεομένου,
1072 2475 1140 2558 ἅμα

128 2579 190 2668 μέν
212 2579 267 2648 καὶ
289 2567 450 2666 ἐλεήσασα
472 2581 576 2647 αὐτὸν
598 2581 619 2666 ή
643 2581 680 2647 έν
699 2578 814 2671 Ἀρείφ
835 2581 931 2670 πάγφ
953 2581 1058 2666 βουλή
1082 2581 1139 2646 διό

128 2690 190 2773 τήν
211 2686 351 2760 ἀκακίαν
371 2690 596 2772 τοῦτρόπου,
626 2689 693 2771 ἅμα
716 2683 758 2753 δέ
775 2685 831 2754 καί
854 2684 1138 2773 έξηπατῆσθαιττή

128 2794 270 2882 ἀληθείᾳ
283 2792 459 2879 Ιἡγουμένη
482 2794 547 2861 ὑπὸ
566 2803 627 2860 τού
645 2794 835 2879 Στεφάνου,
858 2791 1003 2880 έπέσγεν.
1035 2790 1139 2871 ὡςδὲ

127 2899 246 2985 κατέβη
265 2899 298 2979 έξ
319 2898 446 2986 ’Ἀρείου
465 2900 612 2984 πάγου-ό
634 2897 810 2984 Θεογένης,
832 2899 937 2977 εὐθὺς
951 2902 1011 2985 τήν
1024 2921 1059 2974 τε
1082 2901 1139 2965 άν-

127 3013 269 3092 θρωπον
296 3008 366 3091 τήν
384 3003 522 3091 ταυτησί
550 3009 701 3093 Νεαίρας
727 3003 896 3092 θυγατέρα
923 3004 1073 3090 ἐκβάλλει
1103 3004 1140 3070 έκ

128 3120 186 3196 τῆς
208 3113 331 3194 οἰκίας,
351 3114 467 3190 τόντε
490 3108 667 3196 Στέφανον
688 3110 747 3176 τὸν
769 3107 1015 3194 έξαπατήσαντα
1036 3109 1139 3176 αὐτὸν

128 3214 263 3286 τουτονί
298 3215 474 3283 ἀπελαύνει
511 3215 575 3283 ἀπὸ
611 3225 673 3281 τού
709 3217 897 3302 συνεδρίου.
948 3214 1004 3282 καὶ
1034 3216 1140 3293 οὕτως

130 3323 316 3404 ἐπαύσαντο
333 3322 369 3387 οί
385 3319 613 3406 Ἀρεοπαγῖται
629 3325 798 3406 κρίνοντες
814 3323 874 3387 τὸν
895 3319 1062 3406 Θεογένην
1083 3319 1139 3386 καί

131 3429 335 3516 ὀργιζόμενοι
358 3426 460 3515 αύτῷ,
481 3425 536 3494 καί
559 3428 758 3512 συγγνώμην
780 3423 871 3513 είγον
894 3424 1138 3508 ἐξαπατηθέντα.

93 3533 184 3606 εικαὶ
207 3534 259 3600 ὅτι
279 3529 368 3600 ταῦτ’
396 3531 505 3616 ἀληθῆ
528 3531 629 3616 λέγω,
657 3535 784 3598 τούτων
806 3532 887 3614 ὑμίν
909 3531 1058 3627 μάρτυρα
1079 3529 1139 3596 αὖ·
