2658 3914
462 131 562 184 ΠΡΟΣ
580 131 781 187 ΤΙΜΟΘΕΟΝ.
1063 131 1125 196 161
1192 139 1195 145 ’

59 311 90 352 σε
105 293 196 378 πρὸς
218 292 258 357 τὸ
280 292 362 356 ἀλλο
389 288 501 377 χρέως.
543 288 619 356 ὥστ’
646 289 689 357 ἀν
715 292 817 378 ταύτη
844 290 1007 379 ἀπολογίᾳ
1032 315 1128 360 κατα-

105 406 241 485 χρῆται,
265 397 315 463 ότι
338 395 400 462 οὐκ
423 394 577 482 ἐπεδήμει
596 395 633 463 ἐν
651 407 720 474 τοίς
737 400 872 484 χρόνοις
889 396 926 462 ἐν
945 388 995 474 οἷς
1011 395 1129 484 γέγρα-

106 526 191 570 πται
209 504 272 588 τήν
289 503 388 587 τιμήν
406 513 474 568 τῶν
492 508 622 589 φιαλῶν
645 502 802 589 ὀφείλων,
819 502 1021 587 ὑποβάλλετε
1039 503 1127 593 αὐτῷ

109 611 164 676 ὅτι
195 608 326 694 εἐλαβες
354 603 415 692 μέν
446 607 628 695 ἐπιδημῶν·
659 607 771 694 ἐπειδή
802 605 833 674 δ’
867 609 929 678 οὐκ
958 607 1128 698 ἀπέφερες,

109 715 292 800 ἀπεδήμεις
321 711 377 800 δέ,
410 714 472 780 ούκ
500 709 586 798 ἦσαν
616 710 648 782 δ’
675 714 713 780 αί
738 715 855 801 φιάλαι
885 714 924 792 ἃς
947 714 965 780 ὁ
988 715 1129 801 θέμενος

110 817 243 907 ἀπῄτει,
267 819 412 906 ἐγράφης
432 820 494 904 τήν
516 820 616 904 τιμήν
638 819 748 886 αὐτῶν
772 819 932 906 ὀφείλων,
962 820 980 887 δ
1003 820 1128 888 ἀπετεί-

66 947 96 988 ει
111 933 182 1012 σθη
206 936 274 991 τῶν
295 923 448 1011 φιαλῶν.’
485 923 575 992 ἀλλά.
587 927 629 1010 νή
648 928 728 1010 Δία,
750 928 849 1012 φήσει
867 933 958 1010 ἴσως,
979 929 1048 993 ἔδει
1069 931 1129 996 τὸν

109 1030 240 1119 πατέρα
269 1033 330 1097 τὸν
360 1029 443 1114 ἐμὸν
474 1029 626 1098 ἀπαιτεῖν
656 1031 759 1098 αὐτὸν
790 1033 848 1109 τὰς
879 1033 1007 1118 φιάλας.
1053 1029 1125 1101 ἀλλ’

112 1136 202 1224 ἑώρα
228 1154 265 1205 σε
293 1138 337 1215 ὡς
363 1137 501 1224 ήποροῦ.
542 1134 699 1224 καὶπερὶ
726 1133 787 1222 μὲν
813 1147 874 1204 τοῦ
901 1140 1004 1205 ἀλλον
1027 1138 1130 1226 χρέως

113 1260 169 1310 σοι
193 1243 354 1329 ἐπίστευε,
377 1240 433 1309 καὶ
453 1243 582 1328 ήγείτο,
604 1241 740 1311 ἐπειδὰν
762 1246 875 1331 ἒλδης,
897 1242 1130 1329 ἀπολήψεσθαι

112 1350 203 1436 παρὰ
226 1358 289 1416 σοῦ
311 1349 568 1436 εὐπορήσαντος,
591 1347 666 1436 περὶ
686 1346 723 1416 δὲ
741 1359 808 1417 τῶν
826 1354 958 1436 φιαλῶν
980 1367 1034 1417 σοι
1055 1349 1130 1418 ἀπι·

113 1458 250 1541 στήσειν
277 1456 426 1540 ἐμελλεν;
454 1451 510 1519 καί
536 1451 696 1541 ὑπέσχετο
724 1449 786 1541 μέν
814 1453 976 1540 δεομένου
1003 1474 1065 1525 σον
1092 1461 1129 1525 τὸ

112 1565 242 1628 ναῦλον
263 1571 331 1628 τῶν
354 1559 464 1639 ξύλων
485 1563 721 1648 παρασχήσειν,
743 1562 798 1628 ὅτε
821 1560 948 1647 ἀνήγου
970 1563 1016 1640 ὡς
1036 1567 1130 1648 βασι-

115 1665 187 1734 λέα·
211 1666 306 1734 ἕνεκα
329 1662 368 1732 δέ
388 1677 456 1732 τῶν
483 1673 630 1754 φιαλῶν,
657 1669 755 1735 δυοίν
783 1667 909 1754 οὐσῶν,
936 1667 1129 1754 ἀπιστήσειν

115 1790 170 1839 σοι
197 1776 346 1857 ἔμελλεν;
373 1770 429 1839 καὶ
455 1776 493 1840 τὸ
521 1769 582 1858 μὲν
609 1776 691 1841 ἀλλο
718 1771 823 1860 χρέως
849 1791 887 1841 σε
914 1774 976 1842 οὐκ
1002 1773 1130 1864 ἀπῄτει,

115 1878 346 1967 ἀπορούμενον
370 1879 471 1963 ὀρῶν·
494 1880 552 1957 τδς
575 1875 613 1945 δέ
634 1881 756 1965 φιάλας
778 1882 928 1965 ἐμελλεν;

73 2004 103 2048 τε
181 1987 354 2069 Βούλομαι
384 1987 502 2051 τοίνυν
533 1982 589 2051 καὶ
624 1983 700 2071 περὶ
735 1995 794 2071 τῆς
828 1989 1039 2074 προκλήσεως
1068 1999 1129 2056 τοῦ

116 2091 218 2175 ὅρκον
247 2094 372 2174 είπειν,
399 2090 442 2174 ἣν
472 2089 536 2174 ἐγώ
565 2113 601 2156 τε
630 2100 751 2159 τοῦτον
777 2093 1048 2179 προεκαλεσάμην
1074 2092 1130 2160 καὶ

116 2194 214 2273 οὗτος
237 2194 303 2280 ἐμέ.
339 2194 567 2281 ἐμβαλομένου
594 2197 657 2283 γάρ
685 2197 767 2282 ἐμοῦ
790 2198 891 2284 ὅρκον
914 2200 961 2276 είς
983 2200 1042 2265 τὸν
1065 2197 1129 2285 ἐχί-

116 2325 192 2387 νον,
213 2299 308 2385 ήξίου
335 2297 391 2366 καὶ
418 2301 517 2378 αὐτὸς
543 2301 667 2385 ὀμόσας
693 2301 914 2388 ἀπηλλάχθαι.
955 2303 1019 2388 ἐγὼ
1043 2301 1074 2370 δ’
1101 2307 1133 2372 εί

117 2405 179 2495 μόν
201 2409 246 2493 μή
273 2416 462 2493 περιφανῶς
491 2406 593 2473 αύτόν
619 2405 685 2495 ήδη
712 2411 858 2486 πολλοὺς
884 2406 939 2475 καὶ
968 2409 1131 2494 μεγάλους

118 2515 238 2602 ὅρκους
267 2514 494 2602 ἐπιωρκηκότα
521 2509 578 2578 καὶ
606 2516 722 2580 πόλεσι
751 2512 807 2580 καὶ
837 2515 1001 2600 ἰδιώταις,
1030 2515 1125 2582 ἔδωκ’

118 2621 160 2688 ἀν
188 2621 278 2710 αύτῷ
308 2621 367 2687 τόν
397 2618 511 2706 ὅρκον·
541 2627 606 2686 νῦν
640 2617 680 2686 δέ
712 2643 769 2705 μοι
798 2619 924 2707 ἐδόκει,
954 2622 1130 2708 μαρτύρων
1139 2637 1208 2688 ιεοι

119 2729 225 2794 ὀντων
249 2723 321 2812 ἐμοὶ
343 2726 390 2804 ὡς
410 2727 532 2809 ἔλαβον
557 2726 596 2794 τό
624 2725 786 2813 ἀργύριον
808 2724 873 2794 ἀπὸ
895 2735 952 2811 τῆς
974 2726 1131 2814 τραπέζης

119 2825 168 2910 οἷς
189 2827 287 2910 οὗτος
309 2830 459 2899 ἐκέλευσε
488 2832 607 2898 δοῦναι
632 2830 690 2898 καὶ
716 2844 909 2919 περιφανῶν
935 2837 1130 2920 τεκμηρίων,

119 2941 230 3006 δεινὸν
253 2934 339 3005 εἶναι
362 2937 464 3024 ὅρκον
487 2939 606 3004 δοῦναι
633 2939 754 3030 τούτῳ,
781 2939 818 3017 ὃς
840 2939 901 3027 οὐχ
924 2939 1012 3018 ὅπως
1034 2939 1129 3026 εύορ-

119 3047 210 3130 κήσει
237 3047 399 3131 πρόνοιαν
426 3044 613 3128 ποιήσεται,
639 3041 712 3110 ἀλλ’
739 3040 820 3111 οὐδὲ
850 3057 918 3111 τῶν
946 3045 1044 3133 ίερῶν
1071 3044 1130 3110 αύ-

83 3161 184 3217 ωτῦν
216 3148 312 3216 ἕνεκα
347 3159 408 3218 τοῦ
443 3152 724 3235 πλεονεκτήματος
761 3151 947 3239 ἀπέσχηται.
997 3152 1037 3217 τά
1068 3147 1130 3237 μὲν

120 3251 181 3322 οὖν
203 3253 281 3322 καθ’
308 3254 427 3322 ἕκαστα
448 3253 543 3321 πόλλ’
571 3254 686 3342 ἀνείη
710 3255 834 3342 λέγειν,
858 3250 905 3322 ὧν
928 3255 1130 3343 ἐπιώρκηκεν

121 3356 216 3438 οὗτος
244 3360 379 3449 ῥηιδίως·
406 3359 466 3438 οὓς
489 3355 527 3426 δέ
552 3359 816 3448 περιφανέστατα
842 3359 898 3427 καί
924 3361 1018 3445 ὑμεῖς
1040 3361 1128 3449 αύτῷ

122 3468 238 3546 πάντες
256 3467 389 3533 σύνιστε
408 3465 529 3554 ὅρκους
547 3463 774 3554 ἐπιωρκηκότι,
796 3469 933 3544 τούτους
951 3464 1128 3550 ἀναμνήσω

171 3580 297 3624 Βιιιοεεια
324 3579 376 3622 Vol
389 3580 433 3622 111
936 3572 968 3622 11
