2656 3926
525 187 720 242 ammom
736 189 786 240 111.
1093 187 1160 253 415

148 346 254 434 γμένα
276 349 439 432 φαίνεται,
462 345 528 431 <μή
551 349 677 431 μόνον)
700 349 842 433 μηδενὸς
863 356 978 431 κακοῦ,
1001 346 1160 416 ἀλλὰκαὶ

147 453 282 520 πάντων
304 463 372 518 τῶν
395 451 534 537 ἀγαθῶν
561 455 640 532 τοὺς
665 455 785 530 παῖδας
812 453 915 521 αὐτοῦ
939 455 1069 522 δίκαιόν
1090 453 1160 520 ἐστι

147 559 324 647 τυγχάνειν
342 556 419 647 παρ’
440 559 550 644 ὑμῶν·
573 562 606 626 εί
623 555 661 625 δέ
678 558 836 628 τάναντία
857 561 997 644 τούτων,
1020 558 1160 646 ἐκείνου,

147 663 197 732 ὅτ’
223 668 293 749 ἔζη,
320 667 388 731 ἔδει
416 666 513 748 δίκην
541 665 690 750 διδόναι,
716 666 855 743 τούτους
877 662 915 731 δέ
937 663 1017 751 μηδ’
1044 665 1160 750 οὕτως,

148 768 201 857 ἐφ’
227 763 277 847 οἷς
299 769 414 860 ἐκείνω
432 793 483 846 τις
501 768 643 856 ἐγκαλεί,
666 771 842 856 τυγχάνειν
861 771 974 856 ὀργῆς·
997 781 1078 839 πᾶσι
1095 771 1159 856 γὰρ

106 896 133 937 1⁵
147 878 282 943 πάντων
303 886 371 942 τῶν
394 873 636 959 ἁμαρτημάτων
658 875 737 962 δρος
760 873 828 942 ἐστὶ
850 879 994 961 τελευτή.
1036 874 1108 944 ἐπεὶ
1130 881 1164 942 εί

147 980 179 1067 γ’
201 983 306 1060 οὕτως
329 982 427 1064 ἕξετε,
450 977 534 1046 ὥσθ’
557 981 593 1049 οί
607 976 670 1066 μέν
688 979 911 1067 ἀχθεσθέντες
932 1005 964 1047 τι
986 992 1055 1060 τοις
1074 979 1158 1068 ὑπὲρ

146 1099 206 1156 τοῦ
234 1090 342 1173 δήμου
369 1086 654 1172 πολιτευομένοις,
686 1084 771 1172 μηδὲ
796 1091 879 1174 πρὸς
904 1089 1159 1172 τελευτήσαντας

147 1196 437 1278 διαλλαγήσονται,
457 1192 540 1259 ἀλλά
558 1192 613 1259 καὶ
631 1203 701 1270 τοῖς
718 1192 812 1262 παισὶ
824 1195 886 1280 τήν
900 1196 1025 1281 ἔχθραν
1040 1196 1159 1280 διαφυ-

146 1299 316 1383 λάξουσιν,
334 1299 352 1366 ὁ
373 1296 409 1366 δέ
429 1301 543 1382 δήμος,
562 1291 589 1386 ηδ
609 1303 867 1382 συναγωνίζεται
885 1309 953 1367 τῶν
972 1302 1159 1386 δημοτικῶν

146 1406 291 1490 ἕκαστος,
314 1403 409 1493 μέχρι
426 1415 486 1471 τοῦ
508 1407 672 1487 παρόντος
693 1413 839 1492 χρῆσθαι
857 1407 1080 1492 μνημονεύσω
1101 1406 1159 1483 τὰς

145 1513 291 1600 χάριτας,
312 1513 392 1596 μετὰ
413 1521 516 1578 ταῦτα
539 1507 577 1576 δὲ
599 1507 705 1596 μηδὲν
727 1523 890 1598 φροντιεῖ,
912 1509 1013 1580 οὐδέν
1035 1511 1158 1579 ἀθλιώ-

145 1642 243 1706 τερον
265 1621 355 1684 ἒσται
377 1628 437 1685 τοῦ
458 1620 520 1703 τήν
543 1613 627 1704 ὑπέρ
649 1627 710 1684 τοῦ
733 1619 841 1703 δήμου
863 1616 966 1700 τάξινΙ
979 1619 1157 1705 αἱρεῖσθαι.

105 1742 132 1783 1⁶
211 1727 256 1790 Εί
278 1721 315 1790 δέ
333 1727 527 1811 Μοιροκλῆς
549 1723 761 1809 ἀποκρίνεται
783 1734 885 1790 ταῦτα
908 1721 969 1810 μὲν
992 1722 1155 1811 σοφώτερ’

146 1831 167 1916 ή
190 1827 268 1897 καθ’
296 1829 416 1898 ἑαυτὸν
439 1827 537 1916 εἶναι,
560 1831 616 1897 ἵνα
635 1827 672 1897 δέ
690 1831 734 1916 μή
754 1829 957 1916 ἀποδρῶσιν,
980 1831 1078 1909 αὐτὸς
1099 1831 1158 1897 αὐ-

145 1940 223 2013 τοὺς
246 1938 357 2021 δήσαι,
379 1931 557 2023 ἐρωτήσατ’
584 1935 698 2019 αὐτόν,
720 1936 819 2019 ἡνίκα
841 1934 987 2022 Ταυρέας
1009 1935 1064 2002 καὶ
1086 1938 1158 2004 Πά·

145 2065 257 2118 ταικος
278 2041 333 2107 καὶ
352 2039 602 2129 Ἀριστογείτων
619 2038 675 2106 καὶ
693 2041 792 2117 αὐτὸς
809 2044 857 2118 είς
875 2043 912 2108 τὸ
931 2043 1157 2126 δεσμωτήριον

146 2144 408 2232 παραδοθέντες,
431 2146 472 2212 οὐ
494 2147 600 2230 μόνον
623 2144 685 2210 οὐκ
714 2143 881 2230 ἐδέδεντο,
908 2144 991 2211 ἀλλά
1013 2145 1158 2233 κάδημη-

107 2271 133 2313 ιτ
146 2254 288 2337 γόρουν,
314 2255 350 2317 τί
369 2247 484 2337 δήποτ’
511 2249 572 2336 οὐχ
600 2248 686 2336 ἑώρα
711 2251 752 2316 τά
779 2252 890 2318 δίκαια
912 2262 1022 2318 ταῦτα.
1067 2255 1098 2318 εί
1120 2249 1157 2320 δέ

146 2360 190 2445 μή
215 2360 314 2444 φήσει
335 2353 403 2424 τότ’
431 2358 564 2442 ἀρχειν,
592 2352 671 2422 οὐδὲ
698 2354 807 2440 λέγειν
836 2359 872 2422 ἔκ
894 2380 931 2439 γε
953 2368 1021 2424 τῶν
1043 2361 1157 2442 νόμων

146 2464 234 2553 αὐτῷ
257 2464 424 2550 προσήκει.
470 2463 553 2528 ὥστε
570 2471 640 2539 πῶς
658 2469 732 2528 ἴσον
757 2459 825 2528 έστί
848 2464 926 2540 τοὺς
948 2459 1010 2548 μὲν
1032 2464 1157 2549 άρχειν,

147 2562 197 2648 οἷς
219 2565 307 2655 μηδὲ
336 2567 446 2652 λέγειν
473 2567 595 2652 ἔξεστι,
623 2571 701 2645 τοὺς
724 2565 761 2634 δέ
785 2567 958 2654 δεδέσθαι,
981 2563 1029 2634 ὧν
1050 2571 1157 2638 πολλά

145 2678 304 2764 χρήσιμος
325 2671 370 2762 ήν
390 2675 471 2760 ὑμῖν
494 2674 513 2741 δ
536 2678 660 2760 πατήρ;
689 2675 753 2759 ἐγὼ
780 2671 842 2761 μέν
870 2676 931 2742 οὐκ
953 2678 1016 2763 ἐχω
1039 2681 1157 2744 συλλο-

108 2801 133 2841 18
146 2786 323 2867 γίσασθαι,
352 2783 384 2848 εί
411 2782 456 2868 μή
486 2789 585 2848 τοῦτο
616 2779 721 2860 δεῖξαι
744 2783 886 2869 δημοσίᾳ
907 2783 1083 2866 βούλεσθε,
1106 2783 1156 2851 ὅτι

140 2890 305 2976 ,βδελυρία
327 2886 382 2954 καί
406 2886 559 2954 ἀναίδεια
580 2885 635 2952 καὶ
662 2891 852 2974 προαίρεσις
873 2893 1034 2976 πονηρίας
1056 2888 1094 2956 ἐν
1117 2899 1155 2977 τῇ

147 2996 257 3078 πόλει,
280 2995 385 3080 ίσχύει
407 2992 463 3061 καὶ
491 2995 700 3079 διασωθῆναι
727 2997 828 3059 πλείω
851 2997 1055 3080 προσδοκίαν
1078 2999 1155 3081 ἐχει,

148 3099 211 3164 κάν
233 3121 266 3165 τι
288 3103 396 3185 συμβῇ
418 3100 563 3186 χαλεπὸν
581 3108 650 3176 τοῖς
672 3101 846 3186 τοιούτοις,
868 3099 1027 3177 ἀπόλυσις
1049 3106 1155 3186 γίγνε-
1168 3115 1234 3164 1479

148 3228 217 3288 ται,
247 3203 284 3269 έν
315 3201 351 3271 δέ
380 3203 570 3291 προαιρέσει
599 3215 722 3292 χρηστή
752 3204 806 3272 καί
835 3209 898 3297 βίω
927 3209 1076 3295 σώφρονι
1102 3205 1157 3274 καὶ

150 3313 312 3398 δημοτικῷ
344 3310 545 3397 προελέσθαι
576 3313 632 3396 ζήν
662 3315 849 3399 σφαλερόν,
875 3313 938 3378 κάν
964 3335 997 3378 τι
1023 3310 1157 3397 γένηται

149 3413 297 3502 πταίσμ,
320 3417 470 3502 ἀφυκτον
493 3419 592 3482 ἔσται.
1312 3455 1313 3458 =

111 3543 136 3583 ιε
208 3522 280 3590 Ἔτι
302 3527 418 3590 τοίνυν
441 3524 479 3589 τὸ
500 3517 563 3607 μέν
585 3525 629 3609 μή
654 3524 784 3588 δίκαιον
810 3517 897 3588 εἶναι
918 3523 981 3605 τήν
1004 3521 1154 3587 ἐναντίαν
1308 3477 1313 3707 J
