2658 3922
221 171 287 240 208
537 175 607 228 mv.
634 171 917 228 ΔΗΜΟΣΘΕΝΟΤΣ

628 365 829 421 ΜΑΡΓΤΡΕΣ.

179 507 209 550 τε
289 491 382 556 Κατὰ
403 491 510 558 πολλὰ
532 485 592 575 μὲν
621 487 684 556 ούν
713 491 824 574 ἔμοιγε
853 490 1012 555 δοκοῦσιν
1033 483 1120 556 εἶναι
1142 487 1242 556 ἀναί-

222 613 358 682 σχνντοι
380 595 664 682 ἀμφισβητοῦντες
682 605 751 662 τῶν
772 593 952 681 ὑμετέροιν,
974 594 1037 661 οὐκ
1057 597 1175 681 ήκιστα
1200 591 1243 660 δὲ

221 699 302 786 ὑμίν
330 701 452 780 αὐτοὺς
482 700 634 781 ἐπιδείξω
656 699 695 766 ἐκ
721 711 790 768 τῶν
817 703 932 786 νόμιον
960 712 1028 767 τῶν
1056 698 1241 788 ὑμετέρων.

222 800 316 873 οὗτοι
337 808 416 894 γδρ,
445 808 499 875 ὅτε
522 808 558 874 οί
578 802 730 873 δικασταὶ
759 805 938 892 ἐβούλοντο
965 806 1116 873 θανοίτον
1143 815 1242 891 τιμῆ-

222 927 278 978 σαι
299 921 345 1002 τῷ
366 910 586 1004 Ἅρεθαυσίφ,
613 909 747 979 ἐδέοντο
773 922 841 978 τῶν
869 914 1033 977 δικαστῶν
1059 912 1241 999 χρημάτων

223 1025 355 1104 τιμῆσαι
376 1017 432 1086 καί
455 1019 538 1105 ἐμοῦ
560 1026 789 1105 συγχωρήσαι,
816 1013 871 1082 καί
899 1016 1117 1102 ὡμολόγησαν
1140 1015 1241 1084 αὐτοὶ

184 1142 209 1182 n
223 1128 455 1191 συνεκτείσειν.
497 1125 659 1191 τοσούτου
694 1123 737 1208 δή
772 1119 907 1189 δέουσιν
941 1121 1081 1188 ἐκτίνειν
1109 1119 1189 1190 καθ’
1218 1123 1239 1188 θ

222 1229 449 1315 ἠγγυήσαντο,
476 1229 559 1296 ὥστε
585 1228 641 1295 καὶ
668 1239 735 1294 τῶν
766 1225 933 1314 ὑμετέρων
961 1226 1238 1314 ἀμφισβητοῦσιν.

222 1339 330 1402 καίτοι
352 1336 445 1420 οἵγε
467 1337 566 1419 νόμοι
593 1335 767 1402 κελεύουσι
793 1334 854 1417 τήν
882 1333 1001 1400 οὐσίαν
1026 1329 1113 1401 εἶναι
1135 1335 1307 1419 δημο-ιιοο

223 1444 312 1524 σίαν,
334 1439 371 1516 ὃς
393 1438 436 1505 ἀν
455 1438 701 1524 ἐγγυησάμενός
721 1461 755 1504 τι
773 1449 841 1504 τῶν
863 1447 921 1522 τῆς
941 1441 1068 1515 πόλεως
1089 1439 1134 1523 μή
1157 1437 1238 1505 ἀπο-

224 1545 307 1632 διδῷ
330 1545 391 1628 τήν
415 1544 550 1629 ἐγγύην·
574 1545 657 1610 ὥστε
680 1542 735 1610 καὶ
759 1545 791 1609 εί
806 1543 934 1609 τούτων
952 1539 995 1628 ἦν
1013 1542 1238 1631 τάνδράποδα,

223 1658 389 1736 προσῆκεν
418 1648 502 1714 αὐτὰ
532 1650 674 1735 δημόσια
708 1645 813 1734 εἶναι,
846 1655 937 1735 είτιερ
967 1672 1000 1715 τι
1027 1660 1095 1715 τῶν
1123 1653 1237 1735 νόμων

185 1773 211 1814 τε
225 1756 353 1839 ὀφελος.
393 1751 449 1819 καὶ
475 1751 555 1840 πρὶν
582 1749 644 1838 μδν
672 1754 821 1838 ὀφείλειν
847 1763 893 1844 τῷ
921 1756 1087 1845 δημοσίῳ,
1108 1756 1128 1823 δ
1147 1754 1236 1844 Ἀρε-

223 1859 364 1936 θούσιος
386 1858 587 1944 ὡμολογεῖτο
615 1871 683 1926 τῶν
711 1858 865 1945 ἀδελφῶν
888 1859 1115 1947 εὐπορώτατος
1136 1858 1235 1928 εἶναι·

224 1965 336 2049 ἐπειδή
360 1961 391 2030 δ’
419 1966 455 2032 οί
473 1969 572 2051 νόμοι
598 1966 772 2032 κελεύουσι
798 1964 951 2032 τάκείνου
978 1963 1118 2053 ὑμέτερα
1140 1963 1236 2053 εἶναι,

223 2080 402 2157 τηνικαῦτα
422 2070 525 2157 πίνης
547 2070 596 2137 ὢν
616 2074 771 2158 φαίνεται
793 2071 812 2137 δ
832 2067 1062 2157 Ἀρεθούσιος,
1088 2071 1145 2138 καὶ
1170 2086 1235 2140 τῶν

224 2174 285 2266 μὲν
309 2178 329 2264 r}
352 2179 458 2263 μήτηρ
482 2175 692 2264 ἀμφισβητεῖ,
714 2187 782 2243 τῶν
806 2173 837 2241 δ’
860 2177 897 2243 οί
912 2174 1059 2263 ἀδελφοί.
1095 2187 1180 2266 χρήν
1201 2177 1231 2245 δ’

225 2285 361 2370 αὐτούς,
388 2289 479 2370 είπερ
508 2281 688 2369 ἐβούλοντο
718 2283 854 2358 δικαίως
880 2279 1129 2368 προσφέρεσθαι
1155 2288 1236 2372 πρὸς

225 2392 325 2478 ὑμᾶς,
351 2386 588 2468 ἀποδείξαντας
615 2389 747 2455 ἅπασαν
773 2389 835 2473 τήν
862 2386 981 2453 οὐσίαν
1007 2390 1069 2473 τήν
1097 2389 1234 2474 ἐκείνου,

185 2513 211 2553 ²⁹
224 2498 265 2563 τὰ
285 2497 413 2564 τούτων
437 2495 547 2560 αὐτῶν
569 2500 604 2560 εί
621 2517 671 2572 τις
688 2491 890 2579 ἀπέγραφεν,
912 2491 1142 2579 ἀμφισβητεῖν.
1178 2495 1234 2562 ἐδν

226 2595 288 2669 οὖν
311 2601 540 2686 ἐνθυμηθῆτε,
567 2600 618 2666 ὅτι
645 2596 796 2666 οὐδέποτ’
824 2602 916 2666 ἐσται
943 2598 1066 2689 ἀπορία
1086 2613 1155 2668 τῶν
1177 2602 1234 2688 ἀμ-

224 2707 498 2791 φισβητησόντων
526 2706 607 2789 ὑμῖν
636 2703 712 2791 περὶ
740 2714 809 2771 τῶν
836 2702 1023 2792 ὑμετέρων,
1053 2743 1091 2756 -
1122 2707 1144 2792 ἦ
1172 2710 1232 2794 γάρ

225 2810 394 2898 ὀρφανούς
424 2810 445 2895 ἢ
478 2809 674 2898 ἐπικλήρους
703 2811 1005 2890 κατασκευάσαντες
1036 2811 1232 2892 ἀξιώσουσιν

226 2916 392 2983 ἐλεεῖσθαι
413 2913 472 3004 ὑφ’
497 2917 606 3003 ὑμῶν,
628 2915 649 3001 ή
673 2925 776 3004 γήρας
798 2915 854 2983 καὶ
877 2916 1015 3004 ἀπορίας
1036 2916 1092 2985 καὶ
1114 2921 1233 3006 τροφὰς

226 3020 323 3109 μητρὶ
349 3019 516 3106 λέγοντες,
542 3021 597 3088 καὶ
625 3023 824 3110 ὀδυρόμενοι
853 3020 897 3089 δι’
924 3018 971 3091 ὧν
994 3022 1122 3108 μάλιστ’
1148 3025 1230 3092 ἐλπί-

226 3131 338 3209 ζουσιν
357 3126 570 3213 ἐξαπατήσειν
588 3127 685 3213 ὑμᾶς,
708 3128 921 3215 πειράσονται
939 3127 1157 3217 ἀποστερῆσαι
1174 3133 1231 3217 τήν

225 3237 323 3300 πόλιν
349 3243 409 3300 τοῦ
438 3232 639 3320 ὀφλήματος·
672 3270 708 3280 -
741 3232 799 3299 ἐδιν
826 3228 889 3302 οὖν
914 3244 1017 3301 ταῦτα
1043 3236 1232 3324 παριδόντες

226 3339 333 3406 πάντα
354 3341 643 3426 καταψηφίσησθε,
666 3336 776 3424 ὀρθῶς
797 3339 1031 3425 βουλεύσεσθε.
