2654 3926
453 171 553 224 Ῑιεοε
572 172 769 226 ΣΠουωΑω.
1098 169 1117 234 ’ί

106 333 166 396 τοί.
203 341 305 397 ταῦτα
326 335 443 398 τοίνυν
466 326 492 397 ὦ
516 333 636 419 ἀνδρες
663 331 813 399 δικασταὶ
836 331 1038 419 μεμνημένοι
1060 347 1117 399 σα-

107 447 186 520 φῶς,
211 435 273 502 ἐὰν
293 438 356 522 ἀρα
378 462 410 503 τι
432 436 507 524 περὶ
530 439 639 504 αὐτῶν
662 438 791 526 ἐγχειρῇ
814 438 892 505 νυνὶ
915 439 1118 523 διαβάλλειν,

109 541 271 608 ἀντίθετε.
308 554 441 629 πρῶτον
471 541 501 609 δ’
536 541 582 609 ἵν’
617 542 718 628 εἰδῆτ’
750 543 892 630 ἀκριβῶς
919 544 970 610 ότι
998 553 1118 612 τοῦτον

110 650 163 714 τὸν
184 651 311 732 τρόπον
335 651 418 734 ἔχει,
440 660 506 715 τῶν
530 651 707 736 μαρτύρων
730 649 900 716 ἀκούσατε.
936 649 1019 734 λέγε.

507 844 710 898 ΜΑΡΤΤΡΕΣ,

75 985 97 1024 1⁹
173 967 308 1034 Οὐκοῦν
338 963 364 1032 ὦ
394 969 514 1054 ἀνδρες
544 967 694 1034 δικασταὶ
721 980 788 1034 τῶν
815 965 875 1053 μέν
903 972 1017 1055 χιλίων
1041 971 1118 1055 δρα-

107 1083 198 1156 χμῶν
220 1073 267 1150 ὡς
290 1075 425 1151 δικαίως
447 1071 502 1139 καὶ
524 1073 842 1159 προσοφειλομένων
864 1073 1043 1160 ἀπετίμησέ
1062 1098 1118 1159 μοι

107 1179 166 1262 την
188 1181 299 1245 οίκίαν
327 1179 346 1245 δ
369 1181 597 1263 Πολύευκτος,
623 1180 721 1256 αὐτὸς
749 1175 845 1256 οὗτός
874 1203 931 1264 μοι
953 1191 1113 1266 μαρτυρεῖ
1121 1204 1187 1253 1034

108 1283 160 1349 καί
180 1285 202 1368 ἡ
226 1287 348 1353 τούτου
371 1288 457 1370 γυνὴ
485 1288 568 1372 πρὸς
597 1297 665 1362 τοῖς
688 1286 801 1362 ἀλλοις
824 1285 952 1362 τούτοις
974 1297 1042 1362 τοῖς
1065 1309 1120 1370 με-

110 1395 351 1478 μαρτυρηκόσι,
384 1403 633 1478 συγχωροῦντες
660 1395 733 1458 τότε
761 1389 818 1457 καὶ
848 1392 924 1457 ούτε
950 1393 1033 1476 πρὸς
1060 1393 1119 1457 τὸν

109 1498 323 1565 Πολύευκτον
355 1497 563 1575 ἀντειπόντες
595 1497 765 1582 ἐπιβιόντα
796 1497 956 1574 τοσαύτας
987 1496 1120 1583 ἡμέρας,

111 1603 180 1669 υύτε
213 1607 298 1690 πρὸς
328 1607 388 1671 τὸν
416 1601 670 1690 Ἀριστογένην,
702 1601 771 1669 ἐπεὶ
802 1600 925 1689 τάχιστ’
961 1605 1118 1687 ἥκουσαν.

110 1708 187 1774 ἀλλά
211 1712 279 1794 μὴν
303 1717 338 1776 εί
356 1733 392 1793 γε
423 1711 558 1786 δικαίως
585 1709 790 1794 ἀπετιμήθη,
820 1707 1037 1794 μεμνημένοις
1058 1719 1119 1775 τοῦ

80 1925 293 1989 θΣπουδίου.
330 1921 498 2002 σκέψασθε
518 1918 555 1987 δέ
573 1920 721 2008 καὶπερὶ
739 1934 806 1988 τῶν
828 1929 932 1989 είκοσι
954 1931 1059 2007 μνῶν,
1081 1920 1120 1998 ἀς

113 2028 168 2094 οὐκ
190 2027 404 2115 ἐπαναφέρει·
428 2026 483 2094 καλ
505 2029 569 2115 γὰρ
595 2027 755 2095 ένταυθοϊ
779 2030 879 2094 πάλιν
902 2029 1000 2106 αὐτὸς
1023 2023 1120 2104 οὗτός

113 2157 163 2216 μοι
189 2133 344 2220 μέγιστος
376 2139 467 2200 ἔσται
494 2135 635 2221 μάρτυς,
663 2134 704 2200 ού
732 2138 820 2223 λόγῳ
848 2136 892 2218 μά
922 2132 981 2199 Δί’
1009 2135 1119 2220 ὥσπερ

113 2249 170 2306 νῦν
188 2241 369 2308 ἀντιδικῶν
389 2239 495 2328 (τουτὶ
514 2237 657 2325 μὲνγὰρ
681 2237 781 2307 οὐδέν
803 2242 979 2325 τεκμήριόν
1002 2237 1120 2325 ἐστιν),

114 2344 178 2412 ἀλλ’
209 2351 298 2438 ἔργῳ
327 2358 511 2434 περιφανεῖ.
555 2349 591 2412 τί
615 2357 720 2412 ποιῶν
748 2341 774 2410 ό)
802 2347 922 2432 ἀνδρες
952 2349 1104 2412 δικασταί
1108 2373 1117 2425 3

114 2453 210 2543 τούτῳ
228 2455 295 2539 γὰρ
313 2455 377 2538 ἥδη
395 2451 570 2540 προσέχετε
589 2454 648 2518 τὸν
666 2461 762 2536 νοῦν,
784 2447 829 2516 ἵν’
853 2450 910 2517 έάν
929 2453 993 2538 ἀρα
1014 2458 1120 2540 τολμᾷ

114 2579 142 2621 τι
160 2558 213 2625 καλ
239 2557 319 2647 περὶ
347 2567 404 2642 τῆς
431 2559 552 2645 μητρὸς
579 2569 645 2623 τῶν
672 2567 841 2642 γυναικῶν
868 2560 1076 2644 βλασφημεῖν
1098 2557 1120 2643 ἢ
1150 2576 1153 2586 '

116 2663 182 2750 περὶ
203 2679 272 2733 τῶν
295 2667 508 2752 γραμμάτων,
530 2666 659 2742 είδότας
675 2664 761 2749 ὑμᾶς
784 2666 828 2749 μὴ
853 2665 991 2749 δύνηται
1014 2663 1120 2748 λέγων

87 2784 107 2824 ²1
119 2769 280 2848 ἐξαπατᾶν.
317 2769 410 2837 ταυτὶ
446 2772 509 2858 γάρ
545 2772 585 2836 τδ
621 2771 794 2858 γράμματα
824 2771 975 2837 κατέλιπε
1006 2767 1067 2856 μέν
1098 2771 1119 2855 ἡ

118 2879 325 2946 Πολυεύκτου
361 2880 468 2962 γυνη,
503 2878 654 2964 καθάπερ
686 2873 781 2944 εἶπον
813 2878 914 2967 όλίγω
944 2880 1119 2965 πρότερον·

120 2981 386 3070 ὁμολογουμένων
410 2981 447 3050 δὲ
469 2995 535 3050 τῶν
559 2987 704 3068 σημείων
732 2981 786 3049 καλ
809 2985 897 3071 παρά
920 2993 977 3068 τῆς
998 2985 1120 3051 τούτου

119 3095 265 3170 γυναικὸς
282 3089 338 3157 καὶ
356 3092 444 3177 παρά
462 3100 519 3175 τῆς
538 3089 627 3175 ἐμῆς,
649 3090 829 3176 ἀμφότεροι
847 3093 1007 3176 παρόντες
1029 3089 1120 3157 ἀνοί-

122 3190 221 3276 ξαντες
251 3197 439 3282 ἀντίγραφά
466 3193 495 3262 τ’
522 3196 703 3282 ἐλάβομεν,
733 3196 869 3263 κάκεῖνα
895 3197 996 3262 πάλιν
1022 3220 1119 3262 κατα-

93 3305 335 3390 2εσημηνάμενοι
357 3299 434 3388 παρ’
458 3299 678 3389 Ἀριστογένει
700 3300 916 3387 κατεθέμεθα.
957 3311 1053 3369 τοῦτο
1077 3304 1118 3386 δη

123 3408 198 3473 τοῦτ’
227 3407 253 3478 ὦ
281 3411 404 3496 ἀνδρες
432 3409 583 3475 δικασταὶ
613 3410 734 3493 μάθετε
757 3411 839 3495 πρὸς
860 3415 960 3474 θεῶν.
998 3407 1120 3491 ἐνῆσαν

124 3506 174 3590 μὲν
194 3518 255 3602 ηάρ
279 3517 318 3582 αί
338 3517 400 3582 δύο
423 3527 515 3601 μναί,
536 3517 557 3600 ἡ
581 3517 656 3601 τιμὴ
680 3525 740 3580 τοῦ
759 3513 899 3596 οἰκέτου,
921 3511 976 3579 καλ
999 3513 1039 3578 ού
1061 3515 1120 3594 μό-
