2658 3914
184 191 249 255 100
474 193 569 244 xm.
594 189 900 277 [ΔΗιιοΣοοιιοεΣ]

225 355 367 438 πρότερον
398 353 612 436 διεφθαρκέναι
640 353 696 434 τήν
725 353 834 438 μητέρα
859 353 914 434 τήν
940 351 1031 435 ἐμήν,
1059 353 1131 436 πρὶν
1157 345 1194 416 οδ

227 451 387 530 ἀποφαίνει
407 452 548 534 Φορμίων
566 461 658 533 γήμαι
675 448 892 532 ἐγγυησάμενος
914 450 1008 530 αὐτὴν
1029 449 1110 532 παρὰ
1128 452 1194 510 Πα-

227 550 342 622 σίωνος.
378 559 468 611 ταῦτα
486 545 518 610 δὲ
535 546 777 631 προκαλουμένου
797 541 1020 629 Ἀπολλοδώρου
1043 545 1098 609 ούκ
1119 543 1193 625 ήθὲ-

227 650 296 724 λησε
321 647 463 727 Φορμίων
484 646 671 727 παραδοῦναι
692 645 744 720 τὰς
766 645 959 726 θεραπαίνας.

143 776 170 816 ¹²
254 767 322 832 Τὸν
350 769 466 832 τοίνυν
492 767 600 849 νόμον
626 763 680 831 ἐπὶ
706 765 836 841 τούτοις
863 763 1052 848 ἀνάγνωθι,
1083 762 1120 840 ὃς
1141 785 1194 828 κε-

182 871 272 936 λεύει
298 871 505 937 ἐπιδικασίαν
533 867 619 937 είναι
646 883 713 937 τῶν
741 870 926 956 ἐπικλήρων
956 869 1109 954 ἀπασῶν,
1137 867 1193 934 καὶ

182 974 287 1055 ξένων
309 977 364 1043 καὶ
387 977 515 1062 ἀστῶν,
537 975 592 1043 καὶ
613 975 690 1062 περὶ
712 972 773 1061 μὲν
795 987 863 1042 τῶν
885 980 1030 1042 πολιτῶν
1053 977 1114 1042 τὸν
1136 976 1194 1058 ἀρ-

181 1105 283 1168 ηοντα
309 1083 454 1167 εἰσάγειν
480 1081 536 1149 καὶ
563 1082 808 1168 ἐπιμελεῖσθαι,
833 1079 909 1168 περὶ
939 1077 976 1147 δέ
996 1093 1064 1147 τῶν
1087 1085 1194 1165 μετοί-

182 1212 251 1255 κων
273 1191 332 1256 τὸν
354 1186 579 1273 πολέμαρχον,
601 1185 657 1253 καὶ
680 1187 873 1254 ἀνεπίδικον
896 1187 940 1272 μή
963 1183 1084 1264 ἐξεῖναι
1105 1189 1193 1271 ἔχειν

181 1297 261 1379 μήτε
283 1299 408 1380 κλήρων
431 1296 512 1379 μήτε
535 1292 722 1379 ἐπίκληρον.

617 1495 755 1550 ΝΟΜΟΣ.
975 1507 978 1510 ·
1204 1509 1274 1559 1136

293 1618 433 1697 Κληρούν
452 1609 485 1674 δὲ
502 1612 554 1676 τὸν
571 1610 697 1696 ἀρχοντα
718 1613 837 1697 κλήρων
858 1614 908 1677 καί
929 1612 1106 1698 ἐπικλήρων,
1128 1613 1194 1676 ὅσοι

226 1710 283 1773 εἰσί
306 1721 406 1792 μήνες,
428 1710 507 1789 πλήν
523 1719 576 1773 τού
599 1720 842 1794 σκιροφοριῶνος.
874 1709 1047 1775 ἀνεπίδικον
1069 1709 1102 1774 δὲ
1123 1717 1194 1793 κλή-

227 1830 282 1890 ρον
304 1807 344 1887 μή
367 1807 451 1890 ἐχειν.

143 1939 169 1980 ²³
252 1928 386 1994 Οὐκοῦν
416 1925 537 2012 αὐτὸν,
566 1933 657 2014 εἴπερ
680 1929 842 2015 ἠβούλετο
864 1929 975 2014 ὀρθῶς
1002 1930 1193 2016 διαπράττε·

184 2040 277 2118 σθαι,
294 2039 410 2120 λαχεῖν
428 2021 496 2099 ἔδει
514 2042 571 2118 τῆς
589 2033 779 2120 ἐπικλήρου,
801 2041 866 2100 εἴτε
883 2035 964 2100 κατά
989 2037 1085 2101 δύσιν
1103 2036 1191 2124 αὐτῷ

183 2149 349 2225 προσῆκεν
367 2145 432 2206 εἴτε
452 2140 533 2206 κατά
551 2137 659 2224 γένος,
681 2143 713 2206 εί
734 2136 795 2226 μὲν
812 2141 858 2218 ὡς
874 2136 957 2227 ὑπὲρ
980 2140 1091 2225 ἀστῆς,
1111 2144 1194 2226 πρὸς

182 2249 242 2312 τὸν
264 2247 419 2332 ἀρηοντα,
441 2248 473 2312 εί
494 2242 527 2311 δ’
551 2246 595 2323 ὡς
612 2243 695 2332 ὑπὲρ
719 2243 823 2332 ξένης,
845 2249 928 2332 πρὸς
949 2247 1008 2313 τὸν
1030 2245 1193 2332 πολέμαρ-
1323 2263 1324 2282 ³

182 2375 260 2437 χον,
282 2350 337 2418 καὶ
359 2355 448 2437 τότε,
475 2357 568 2438 εἴπερ
590 2376 623 2418 τι
646 2351 754 2436 λέγειν
777 2349 844 2438 εἶχε
867 2353 1015 2437 δίκαιον,Ι
1035 2357 1194 2420 πείσαντα

183 2457 277 2541 ὑμῶν
299 2459 377 2535 τοὺς
399 2460 560 2545 λαχόντας
586 2459 666 2542 μετά
693 2469 761 2524 τῶν
787 2461 900 2542 νόμων
922 2456 977 2524 καὶ
998 2467 1056 2542 τής
1077 2461 1192 2544 ψήφου

183 2563 301 2647 κύριον
324 2558 422 2648 εἶναι,
443 2561 561 2649 καὶμὴ
581 2563 684 2631 αὐτὸν
706 2563 795 2652 αὑτῶ
818 2566 944 2648 νόμους
967 2565 1073 2643 ίδίους
1094 2563 1192 2648 θέμε-

183 2691 246 2734 νον
269 2668 514 2755 διαπράξασθαι
537 2670 558 2735 θ
582 2670 746 2754 ἐβούλετο.

144 2787 171 2827 ²4
251 2773 430 2854 Σκέύασθε
454 2777 495 2860 δή
518 2773 574 2841 καὶ
592 2774 687 2843 τονδὶ
708 2777 769 2842 τὸν
785 2778 903 2860 νόμον,
926 2775 963 2853 ὃς
984 2777 1110 2843 κελεύει
1132 2777 1192 2861 τήν

183 2880 366 2964 διαθήκην,
388 2880 432 2964 ήν
451 2879 493 2946 ἀν
511 2884 641 2947 παίδων
660 2883 767 2948 ὄντων
789 2884 937 2966 γνησίων
956 2881 974 2948 ὁ
992 2884 1098 2968 πατήρ
1122 2884 1192 2948 δια-

181 2992 295 3071 θῆται,
318 2985 376 3052 ἐάν
395 2985 612 3053 ἀποθάνωσιν
630 2989 667 3054 οί
681 2989 796 3065 παῖδες
817 2985 898 3074 πρὶν
919 2986 1052 3073 ήβήσαι,
1074 2991 1192 3074 κυρίαν

182 3088 278 3158 εἶναι.

616 3199 754 3252 ΝΟΜΟΣ.

285 3322 324 3387 Ὅ
339 3348 369 3387 τι
384 3323 424 3388 ἀν
440 3328 572 3407 γνησίων
590 3324 684 3388 ὄντων
702 3324 792 3389 οίέοεν
814 3324 945 3409 δπατήρ
968 3327 1119 3409 διαθῆται,
1141 3325 1193 3390 ἐὰν

226 3419 422 3484 ἀποθάνωσιν
445 3423 477 3484 οἱ
495 3423 569 3496 υἱεῖς
591 3421 663 3505 πρὶν
685 3420 734 3484 ἐπί
756 3423 846 3497 δίετες
868 3421 963 3504 ήβᾶν,
984 3423 1040 3503 τήν
1062 3434 1115 3487 τού
1137 3445 1193 3486 πα-

226 3517 294 3597 τρὸς
316 3518 468 3598 διαθήκην
489 3519 595 3596 καιρίαν
617 3512 702 3580 εἶναι.
