2656 3926
430 197 618 250 nP001M1A.
645 197 826 250 κεναί-ι..
1066 189 1132 256 395

121 357 182 422 έδιν
205 352 266 441 μὲν
290 348 345 422 οἷά
367 373 469 441 φασιν
492 359 527 423 ol
546 360 620 423 τότε
642 361 812 434 πείσαντες
834 364 940 442 φανῇ,
961 354 1133 438 προθυμό-

121 486 219 548 τερον
242 460 402 549 πράττηθ’
430 463 475 540 ὡς
496 465 633 549 ἔλεγχον
656 464 838 547 δεδωκότα,
862 461 919 527 ε’άν
943 457 973 525 δ’
1000 459 1065 544 άρα
1088 459 1131 542 μὴ

121 565 253 634 τοιαῦθ’
278 568 412 654 εὑρεθῇ,
434 567 514 653 πρὶν
536 566 732 655 πορρωτέρω
756 573 950 654 προελθεῖν,
972 564 1132 650 ἐπίσχητε.

121 673 178 740 καὶ
200 676 264 761 γάρ
287 673 329 741 ἀν
353 675 466 741 δεινὸν
489 679 553 758 εἴη,
576 676 608 739 εί
628 683 699 750 τοίς
716 684 776 740 τοῦ
794 677 970 759 κρατίστου
993 672 1132 755 διαμαρ-

122 791 218 847 τοῦσι
245 781 282 847 τὸ
309 785 475 866 χείριστον
503 779 629 864 ἀνάγκη
656 780 812 866 πράττειν
839 785 890 861 εἴη
897 827 907 862 ,
934 775 989 842 καὶ
1011 778 1071 861 μὴ,
1093 779 1131 842 τὸ

92 903 107 942 2
123 887 280 970 δεύτερον
298 885 335 952 ἐκ
352 897 419 952 τῶν
433 890 571 970 λοιπῶν,
590 885 675 969 ἐξείη
690 885 1027 970 μεταβουλεύσασθαι.
1054 885 1132 959 τοὺς

122 988 184 1076 μὲν
214 985 276 1059 οὖν
305 994 428 1068 ἄλλους
458 993 603 1068 ἅπαντας
637 989 732 1075 ἔγωγ’
767 991 834 1077 ὁρῶ
868 989 929 1074 τὴν
963 988 1131 1071 ἀειλογίαν

121 1097 408 1185 προτεινομένους,
432 1098 512 1163 ὅταν
534 1121 566 1162 τι
588 1099 766 1163 πιστεύωσι
789 1098 925 1172 δικαίως
947 1095 1060 1171 αὐτοῖς
1076 1114 1132 1160 πε-

120 1211 283 1290 πρᾶχθαι·
319 1198 412 1268 οὗτοι
446 1199 476 1267 δ’
512 1205 591 1268 αὐτὸ
626 1203 824 1269 τούναντίου
859 1201 1074 1285 ἐγκαλοῦσιν,
1103 1202 1133 1265 εί
1212 1267 1214 1276 ,

120 1307 197 1394 περὶ
220 1304 267 1374 ὧν
289 1307 447 1393 ἡμάρτετε
469 1319 535 1374 νῦν
558 1295 746 1374 ἀναθέσθαι
768 1309 945 1391 βούλεσθε,
966 1307 1028 1390 τὴν
1050 1305 1132 1371 ἀπά-

121 1439 183 1499 την
214 1412 417 1500 κυριωτέραν
453 1417 600 1499 οἰόμενοι
637 1416 709 1480 δεῖν
745 1410 832 1480 εἶναι
867 1423 925 1498 τῆς
960 1413 1041 1498 μετὰ
1071 1423 1132 1479 τοῦ

120 1523 246 1608 χρόνον
268 1521 426 1604 βασάνου.
472 1523 533 1607 τὴν
556 1516 617 1604 μὲν
641 1513 703 1586 οὖν
729 1522 857 1586 τούτων
881 1520 1032 1603 σπουδὴν
1055 1515 1127 1585 οὐδ’

121 1627 215 1711 ὑμῶν
248 1632 327 1704 ίσως
358 1625 539 1709 ἀγνοοῦσιν
571 1628 607 1693 οί
634 1629 768 1692 πολλοί·
801 1627 855 1691 δελ
884 1621 914 1689 δ’
949 1620 1033 1709 ὑπὲρ
1064 1635 1131 1690 τῶν

118 1733 339 1818 πραγμάτων,
372 1731 546 1818 ἐπειδήπερ
576 1731 713 1818 γέγονεν
743 1735 846 1815 λόγου
874 1741 1004 1816 τνχείν,
1033 1731 1055 1795 ά
1083 1754 1132 1807 τις

120 1838 246 1922 ἡγεῖται
268 1838 435 1924 κράτιστα,
458 1838 576 1921 λέγειν.

607 2017 651 2080 Ν.

178 2149 273 2218 Ὅτι
296 2148 357 2237 μέν
384 2150 495 2238 μέλλει
522 2157 692 2234 συνοίσειν
718 2155 807 2240 πάσχ
834 2163 873 2240 τῇ
896 2158 1005 2240 πόλει,
1032 2165 1129 2222 τοῦτο

120 2257 176 2324 καὶ
205 2253 314 2342 λέγειν
348 2259 485 2345 εὔχομαι
519 2260 643 2337 πάντας
672 2255 698 2324 δι
729 2261 848 2346 ἀνδρες
872 2256 1046 2346 Ἀθηναῖοι
1074 2261 1129 2328 καὶ

120 2365 206 2449 ὑμᾶς
229 2361 372 2430 ἑλέσθαι.
417 2364 481 2449 ἐγὼ
505 2362 535 2429 δ’
563 2360 637 2451 οὖν,
664 2366 684 2432 ἃ
706 2367 867 2443 πεπεικὼς
888 2365 1031 2451 ἐμαυτὸν
1053 2392 1129 2452 τυγ-

120 2472 210 2557 χάνω
243 2471 383 2555 μάλιστα
416 2470 596 2558 συμφέρειν
628 2471 725 2556 ὑμῖν,
760 2470 851 2538 ταῦτ’
885 2471 965 2557 ἐρῶ,
997 2471 1207 2558 δεηθεὶςιεοι

119 2579 215 2662 ὑμῶν
241 2586 418 2662 τοσοῦτον,
450 2581 530 2661 μήτε
561 2580 639 2654 τοὺς
670 2576 790 2657 ἐξιέναι
820 2580 1015 2656 κελεύοντας
1045 2581 1131 2672 ὑμᾶς

120 2684 177 2749 διά
204 2692 302 2750 τοῦτο
329 2686 476 2768 νομιζειν
503 2683 694 2770 ἀνδρείους,
726 2687 805 2770 μήτε
836 2688 914 2762 τοὺς
945 2685 1129 2769 ἀντιλέγειν

121 2789 367 2877 ἐπιχειροῦντας
386 2790 441 2856 διά
459 2798 556 2856 τοῦτο
575 2792 704 2867 κακούς.
746 2791 867 2877 οὐγὰρ
887 2791 906 2857 ὁ
925 2792 1022 2870 αὐτὸς
1040 2797 1129 2878 ἔλεγ-

121 2919 179 2980 χος
201 2891 226 2959 ὦ
250 2898 369 2983 ἀνδρες
388 2893 561 2980 Ἀθηναῖοι
587 2907 653 2962 τῶν
680 2919 714 2961 τε
742 2900 851 2979 λόγων
879 2895 1025 2964 καὶτῶν
1047 2920 1128 2981 πρα-

121 3000 255 3083 γμάτων
282 3002 387 3086 ἐστίν,
414 3001 497 3067 ἀλλά
525 3004 579 3068 δεῖ
603 3013 667 3068 νῦν
694 2998 755 3087 μὲν
782 2999 820 3068 εὖ
846 3004 1129 3088 βεβουλευμένους

121 3105 206 3189 ἡμᾶς
234 3117 391 3192 φανῆναι,
419 3110 491 3174 τότε
523 3105 569 3193 δ’,
599 3107 641 3174 ἀν
670 3109 734 3195 άρα
755 3119 857 3174 ταῦτα
885 3111 982 3196 δοκῇ,
1010 3110 1050 3174 τά
1072 3121 1129 3196 τῆς

95 3209 275 3297 εάνδρείας
293 3211 540 3292 ἀποδείξασθαι.
580 3212 601 3297 ἡ
625 3210 686 3298 μὲν
710 3209 771 3280 οὖν
793 3201 933 3299 ὑμετέρα
956 3222 1127 3301 προθυμία

120 3319 243 3395 παντὸς
260 3317 335 3396 ἀξία
352 3315 408 3382 καὶ
424 3321 559 3403 τοιαύτη
577 3320 746 3404 πάρεστιν,
770 3322 845 3386 οἵαν
868 3323 911 3386 ἀν
932 3345 981 3398 τις
1004 3321 1124 3400 εὔξαιτ’

120 3425 239 3501 εὔνους
262 3423 309 3488 ὢν
331 3431 370 3508 τῇ
392 3426 504 3489 πόλει·
526 3434 591 3490 νῦν
619 3423 650 3490 δ’
677 3425 744 3515 ὅσω
771 3426 927 3512 τυγχάνει
950 3428 1128 3492 σπουδαιο-

119 3528 212 3616 τέρα,
248 3530 395 3621 τοσούτω
428 3531 482 3595 δελ
511 3535 637 3615 μᾶλλον
669 3533 820 3615 προϊδεῖν
852 3532 940 3608 ὅπως
971 3535 1018 3608 είς
1050 3530 1127 3596 δέον
