2654 3926
458 184 557 234 ΠΡΟΣ
576 185 795 238 ΦΑΙΝΙΠΠΟΝ.
1088 179 1128 244 17

20 381 22 422 ,
114 339 176 406 καί
208 344 302 429 βοᾷςς
333 339 427 407 πόλλ’
460 341 496 408 έκ
524 353 591 408 τῶν
621 345 727 429 ἔργων
757 353 823 410 τῶν
853 342 1039 429 ἀργυρείων
1066 333 1130 425 έγὼ

20 455 22 530 λ
116 451 288 512 Φαίνιππε
315 451 476 535 πρότερον
504 449 602 525 αὐτὸς
628 457 673 536 τῷ
701 449 844 533 ἐμαυτοῦ
872 450 996 533 σάματι
1018 459 1131 514 πονῶν
1142 455 1210 506 1⁰4⁶

20 605 21 636 χ
115 552 175 618 καὶ
193 552 409 639 ἐργαζόμενος
428 553 665 639 συνελεξάμην·
689 555 849 640 ὁμολογῶ.
885 552 962 621 νυνὶ
985 550 1023 619 δέ
1044 555 1131 638 πλήν

20 669 22 756 χ
117 659 246 743 ὀλίγων
269 656 387 724 ἅπαντ’
414 658 614 726 ἀπολώλεκα.
652 663 694 725 σὺ
713 658 744 726 δ’
769 661 804 726 έκ
821 671 878 744 τῆς
896 660 1045 746 ἐσχατιᾶς
1067 667 1131 724 νῦν

20 757 21 810 λ
116 769 242 830 πωλῶν
265 765 322 841 τάς
344 766 464 850 κριθάς
483 765 872 851 ὀκτωκαιδεκαδράχμους
888 764 943 832 καὶ
961 768 1019 832 τὸν
1038 760 1132 831 οίνον

117 871 413 956 δωδεκάδραχμον,
435 877 587 948 πλουτεῖς
604 874 749 956 εἰκότως,
771 871 906 936 ἐπειδὰν
923 881 1019 956 ποιής
1037 874 1131 937 σίτου

117 972 180 1059 μέν
214 977 394 1060 μεδίμνους
424 974 524 1043 πλέον
556 976 577 1060 ή
609 981 751 1062 χιλίους,
783 984 877 1044 οῖνου
907 975 945 1044 δὲ
974 978 1132 1064 μετρήτας

82 1098 105 1138 ¹1
118 1077 206 1167 ὑπὲρ
225 1081 447 1160 ὀκτακοσίους.
483 1080 527 1150 ἔτ’
551 1077 613 1149 οὐν
631 1084 693 1167 τήν
712 1083 815 1168 αὐτήν
833 1083 918 1168 ἡμᾶς
935 1082 1026 1161 τάξιν
1045 1086 1131 1170 ἔχειν

118 1189 188 1271 δεῖ,
210 1189 255 1272 μή
282 1196 340 1270 της
367 1189 466 1272 αὐτῆς
492 1189 593 1275 τύχης
618 1187 698 1273 ἡμῖν
725 1190 1042 1276 παρακολουθούσης
1067 1199 1131 1254 νῦν

117 1315 153 1359 τε
184 1292 241 1358 καὶ
272 1296 448 1380 πρότερον;
482 1295 651 1379 μηδαμῶς·
689 1295 730 1360 οὐ
765 1295 828 1381 γάρ
866 1296 1005 1360 δίκαιον.
1049 1292 1132 1359 ἀλλὰ

118 1398 269 1478 διάδεξαι
292 1397 347 1464 καὶ
369 1403 411 1464 σὺ
434 1397 489 1464 καὶ
516 1401 676 1484 μετάλαβε
703 1402 822 1486 μικρὸν
849 1404 972 1487 χρόνον
994 1409 1051 1484 τής
1072 1410 1132 1467 τοῦ

118 1509 384 1591 λητουργοῦντος
410 1504 546 1589 τάξεως,
578 1505 690 1590 ε’πειδή
718 1506 754 1571 οί
778 1502 839 1590 μὲν
866 1505 902 1571 ἐν
929 1517 998 1583 τοῖς
1025 1508 1133 1591 ἔργοις

118 1601 333 1696 ήτυχήκασιν,
353 1610 449 1695 ὑμεῖς
471 1608 503 1675 δ’
527 1611 563 1677 οί
577 1621 801 1697 γεωργοῦντες
819 1610 986 1698 εὐπορεῖτε
1005 1617 1131 1697 μᾶλλον

118 1715 339 1802 ήπροσήκεν.
382 1717 497 1782 ίκανὸν
524 1717 587 1802 γάρ
615 1720 738 1802 χρόνον
766 1714 821 1790 δύ’
848 1717 963 1795 οὐσίας
989 1718 1131 1802 καρπού·

119 1844 219 1906 μενος
249 1823 418 1906 διατελεῖς,
447 1823 508 1905 τήν
537 1817 598 1906 μέν
627 1833 686 1888 τοῦ
716 1823 815 1907 φύσει
841 1824 963 1909 πατρὸς
985 1825 1131 1887 Καλλίπ-

118 1950 201 2011 που,
233 1927 295 2010 τήν
327 1926 365 1994 δὲ
397 1938 457 1994 τοῦ
487 1923 713 2013 ποιησαμένου
739 1945 787 2013 σε,
817 1929 1043 2015 Φιλοστράτου
1070 1939 1131 1995 τοῦ

82 2051 107 2090 ει
120 2033 273 2119 ῥήτορος,
294 2032 349 2100 καὶ
372 2029 473 2100 οὐδέν
491 2035 620 2099 πώποτε
638 2032 784 2100 τουτοισί
802 2039 988 2119 πεποίηκας.
1024 2038 1131 2100 καίτοι

120 2138 139 2204 δ
162 2133 224 2222 μὶν
247 2137 325 2222 ἐμὸς
342 2139 447 2225 πατήρ
465 2137 562 2205 πέντε
580 2137 634 2204 καὶ
652 2140 889 2225 τετταράκοντα
907 2151 999 2224 μνῶν
1018 2143 1130 2223 μόνων

121 2241 279 2333 ἑκατέρω,
303 2242 375 2329 έμολ
397 2242 518 2331 καὶτῷ
543 2243 694 2333 ἀδελφῷ,
719 2245 781 2328 τήν
809 2244 926 2311 οὐσίαν
949 2243 1131 2331 κατέλιπεν,

121 2347 180 2435 ἀφ’
206 2344 246 2433 ἧς
270 2352 327 2433 ζήν
350 2348 390 2415 οὐ
413 2346 532 2436 ῥᾴδιόν
554 2349 658 2415 έστιν·
673 2350 718 2418 ,οί
738 2347 774 2416 δὲ
793 2347 846 2415 σοὶ
864 2347 999 2435 πατέρες
1016 2353 1131 2417 τοσού-

122 2479 189 2522 των
217 2450 305 2540 ἦσαν
333 2456 443 2541 κύριοι
471 2456 666 2542 χρημάτων,
695 2452 780 2521 ὥσθ’
814 2452 967 2543 ἑκατέρου
996 2461 1131 2543 τρίπους

122 2560 307 2645 ἀνάκειται,
333 2560 540 2644 νικησάντων
568 2561 677 2626 αὐτῶν
700 2561 867 2626 Διονύσια
889 2564 1130 2648 χορηγούντων.

122 2664 176 2732 καί
198 2665 240 2732 οὐ
262 2673 397 2751 φθονῶ·
420 2667 475 2732 δεῖ
495 2668 557 2753 γὰρ
584 2670 661 2744 τούς
687 2666 849 2752 εὐπόρους
870 2671 1051 2754 χρησίμους
1072 2669 1131 2734 αὐ-

123 2775 198 2850 τοὺς
216 2770 371 2859 παρέχειν
389 2784 457 2849 τοῖς
475 2777 630 2849 πολίταις.
668 2776 710 2838 σὺ
728 2777 844 2838 τοίνυν
864 2773 972 2852 δεῖξον
986 2779 1130 2860 χαλκοῦν

124 2877 180 2942 ἕνα
198 2880 305 2961 μόνον
323 2880 371 2955 είς
387 2880 449 2963 τήν
471 2880 569 2943 πόλιν
591 2876 778 2963 ἀνηλωκώς,
801 2878 819 2945 δ
838 2879 894 2956 τάς
913 2880 974 2946 δύο
993 2885 1131 2966 λητουρ-

91 3002 112 3042 ιε
126 2986 245 3066 γούσας
270 2982 385 3060 οὐσίας
407 2984 623 3069 παρειληφώς.
666 2982 736 3048 ἀλλ’
767 2982 808 3050 οὐ
834 2983 964 3062 δείξεις·
989 2983 1131 3071 άποκρύ-

124 3096 263 3156 πτεσθαι
285 3089 348 3175 γάρ
376 3087 431 3154 καλ
458 3090 656 3154 διαδύεσθαι
682 3087 737 3154 καλ
763 3090 869 3154 πάντα
896 3101 1003 3156 ποιεῖν
1027 3090 1059 3169 ἐξ
1084 3085 1131 3158 ὧν

125 3198 165 3280 μή
188 3197 426 3280 λῃτουργήσεις
443 3192 590 3260 τουτοισί
608 3195 806 3279 μεμάθηκας.
844 3192 917 3260 ἀλλ’
945 3194 1009 3278 ἐγὼ
1033 3198 1130 3275 δείξω

125 3298 218 3367 πόλλ’
255 3299 446 3385 ἀνηλωκώς,
482 3300 500 3366 δ
531 3301 593 3384 τήν
624 3300 744 3387 μικράν
781 3301 899 3366 οὐσίαν
930 3303 1130 3387 παραλαβὼν

125 3409 208 3494 παρὰ
231 3417 293 3473 τοῦ
315 3410 445 3493 πατρός.
479 3417 611 3489 πρῶτον
638 3403 678 3470 δέ
702 3429 758 3490 μοι
784 3409 843 3472 τὸν
869 3408 975 3490 νόμον
1002 3406 1130 3473 ἐκεῖνον
1142 3426 1210 3477 1046

127 3511 299 3596 άνάγνωθι
326 3514 385 3579 τὸν
413 3511 474 3578 οὐκ
504 3511 608 3578 έῶντα
636 3522 703 3577 τῶν
732 3510 769 3577 έν
798 3523 867 3588 τοῖς
896 3514 1003 3597 ἔργοις
1030 3509 1130 3576 οὐδέν

176 3628 303 3668 Duum.
327 3625 378 3667 Ἰοῖ.
391 3625 435 3666 m
953 3619 969 3666 2
