2658 3922
428 190 527 241 Πεοε.
545 191 809 245 κεκοετεετοα.
1059 185 1124 251 203
1151 179 1154 192 '

99 342 282 428 ἀπαιτοῖεν
303 347 417 433 αὐτὸν,
444 350 480 416 οἱ
504 351 716 428 δανείσαντες
741 349 781 416 τὰ
804 351 923 435 λύτρα,
945 349 983 415 τὸ
1007 349 1124 414 λοιπὸν

100 450 290 538 ἀργύριον,
313 450 368 518 καὶ
392 451 429 518 ἐν
450 465 522 531 ταῖς
545 467 751 541 συγγραφαῖς
773 462 824 540 εῖη
846 449 1020 541 τριάκονθ’
1047 451 1124 537 ἡμε-

101 568 180 641 ρῶν
209 557 311 623 αὐτὸν
339 557 523 626 ἀποδοῦναι
550 559 571 644 ἢ
599 561 774 627 διπλάσιον
803 561 966 647 ὀφείλειν,
992 555 1047 625 καλ
1075 557 1125 624 δτι

101 665 144 728 τὸ
178 666 304 750 χωρίον
325 666 372 750 ’τὸ
402 664 440 730 ἐν
468 669 628 748 γειτόνων
657 690 715 750 μοι
743 677 842 733 τοῦτο
872 663 984 742 οὐδεὶς
1013 661 1125 730 ἐθέλοι

104 770 188 834 οὔτε
201 772 373 855 πρίασθαι
401 770 477 836 οὔτε
505 775 677 838 τίθεσθαι·
706 772 724 838 ὁ
747 773 810 856 γάρ
833 770 977 856 ἀδελφὸς
999 770 1018 836 δ
1038 766 1125 852 Ἀρε-

103 875 269 959 θούσιος,
295 871 337 942 οὗ
363 874 566 961 τάνδράποδ’
588 874 657 943 ἐστὶ
684 887 786 942 ταῦτα
809 876 830 942 δ
852 885 916 941 νῦν
944 872 1125 960 ἀπογέγρα·

104 1001 207 1064 πται,
235 979 359 1047 οὐδένα
386 977 450 1068 ἐμύη
479 982 556 1048 οὔτε
585 981 746 1048 ὠνεῖσθαι
774 982 851 1047 ούτε
878 984 1050 1064 τίθεσθαι,
1081 980 1126 1057 ὡς

66 1103 92 1142 11
106 1085 370 1170 ἐνοφειλομένου
389 1087 477 1174 αύτῷ
498 1085 670 1172 ἀργυρίου.
706 1087 765 1154 ’σὺ
784 1081 847 1154 οὖν
870 1085 942 1171 μοι’
965 1087 1027 1170 ἐφη
1051 1084 1126 1152 ’πό

106 1209 208 1278 ρισον
231 1192 269 1259 τὸ
293 1191 445 1258 ἐλλεῖπον
473 1202 535 1258 τοῦ
558 1192 738 1278 ἀργυρίου,
765 1190 845 1279 πρὶν
871 1191 930 1268 τὰς
950 1188 1122 1275 τριάκονθ’

107 1296 234 1383 ἡμέρας
255 1303 453 1382 παρελθεῖν,
475 1300 532 1364 ἵνα
554 1298 599 1383 μὴ
623 1297 643 1363 δ
665 1321 700 1364 τε
723 1295 933 1364 ἀποδέδωκα’
956 1299 1031 1381 ἐφη,
1059 1295 1127 1372 ’τὰς

108 1407 218 1490 χιλίας
242 1405 400 1489 δραχμάς,
422 1402 623 1488 ἀπόλωνται,
645 1402 701 1469 καὶ
721 1403 821 1481 αὐτὸς
839 1403 1004 1487 ἀγώγιμος
1026 1400 1126 1484 γένω-

109 1533 179 1594 μαι.
222 1508 379 1588 συλλέξας
408 1507 458 1575 δ”
490 1513 552 1596 ἐφη
583 1511 686 1591 ’[τδν]
719 1509 856 1595 ἔρανον,
887 1507 1021 1576 ἐπειδὰν
1050 1509 1127 1584 τοὺς

110 1615 228 1694 ξένους
241 1615 429 1701 ἀπαλλάξω,
447 1614 502 1683 σολ
521 1615 683 1682 ἀποδώσω
698 1615 717 1682 ὃ
730 1617 774 1682 άν
787 1640 844 1701 μοι
858 1617 989 1703 χρήσης.
1025 1608 1127 1681 οἶσθα

112 1719 164 1787 δ”
186 1724 262 1808 ἔφη,
285 1721 356 1788 ’ὅτι
385 1721 442 1788 καὶ
469 1723 506 1788 οί
529 1725 627 1807 νόμοι
654 1723 829 1788 κελεύουσι
854 1731 916 1788 τοῦ
938 1719 1126 1804 λυσαμένου
1137 1736 1206 1787 ικσο

113 1825 150 1892 ἐκ
172 1839 239 1894 τῶν
260 1832 429 1914 πολεμίων
452 1824 538 1894 εἶναι
560 1829 620 1894 τὸν
642 1826 804 1912 λυθέντα,
827 1825 886 1892 ἐὰν
908 1828 952 1912 μὴ
977 1825 1125 1914 ἀποδιδῷ

74 1950 99 1990 ιε
112 1931 153 1997 τὰ
184 1933 308 2019 λύτρα.’
347 1933 486 2000 ἀκούων
519 1931 551 2000 δ’
585 1933 688 2000 αὐτοῦ
726 1943 829 2000 ταῦτα
859 1929 914 1998 καί
946 1933 1056 1998 δοκῶν
1086 1931 1127 1998 ού

113 2037 311 2122 ψεύδεσθαι,
334 2037 559 2126 ἀπεκρινάμην
579 2040 667 2128 αύτῷ
688 2040 770 2126 άπερ
789 2036 925 2118 ἀννέος
942 2057 976 2102 τε
994 2039 1127 2123 ἀνθρω-

113 2161 174 2220 πος
196 2141 251 2208 καὶ
281 2145 409 2218 οἰκείως
435 2145 619 2228 χρώμενος,
645 2144 707 2211 οὐκ
733 2144 776 2212 δν
803 2146 941 2230 νομίσας
967 2141 1126 2227 ἀδικηθῆ-

114 2270 182 2328 ναι,
204 2245 255 2310 δτι
274 2242 312 2310 ’ὦ
331 2250 554 2334 Νικόστρατε,
576 2246 632 2314 καὶ
650 2247 687 2314 ἐν
704 2258 750 2336 τῷ
771 2250 836 2333 πρὸ
859 2257 919 2314 τοῦ
941 2263 996 2313 σοι
1017 2251 1127 2337 χρόνῳ

115 2355 211 2437 φίλος
237 2345 283 2436 ἦν
308 2350 485 2436 ἀληθινός,
511 2351 568 2420 καὶ
595 2363 660 2420 νῦν
688 2352 725 2419 ἐν
754 2363 825 2430 ταῖς
852 2365 1036 2438 συμφοραῖς
1063 2370 1127 2438 σοι,

116 2454 194 2524 καθ’
222 2456 305 2524 ὅσον
333 2457 399 2542 ἐγὼ
427 2457 613 2544 ἐδυνάμην,
640 2461 841 2544 βεβοήθηκα.
888 2457 1000 2544 ἐπειδὴ
1029 2456 1060 2524 δ’
1090 2458 1127 2526 ἐν

117 2573 160 2653 τῷ
181 2567 322 2652 παρόντι
349 2565 391 2630 οὐ
420 2565 562 2631 δύνασαι
589 2568 725 2650 πορίσαι
750 2565 878 2630 ἅπαντα
903 2566 943 2631 τδ
969 2567 1127 2653 χρήματα,

119 2669 275 2756 ἀργύριον
298 2668 359 2755 μέν
381 2693 439 2756 μοι
461 2671 503 2737 οὐ
525 2671 699 2756 πάρεστιν,
728 2669 801 2737 οὐδ’
827 2673 890 2756 ἐχιο
918 2668 993 2737 οὐδ’
1018 2672 1127 2756 αὐτός,

119 2786 181 2842 τῶν
203 2771 241 2841 δὲ
263 2777 436 2861 κτημάτων
460 2794 515 2843 σοι
537 2788 605 2843 τῶν
635 2775 725 2862 ἐμῶν
750 2779 884 2863 κίχρημι
906 2777 926 2842 ὅ
948 2800 979 2842 τι
1002 2780 1127 2864 βούλει,

119 2879 218 2948 θέντα
238 2891 299 2948 τοῦ
322 2881 495 2950 ἐπιλοίπου
523 2882 685 2970 ἀργυρίου
708 2883 790 2949 όσου
814 2883 906 2950 ἐνδεῖ
930 2901 995 2968 σοι,
1017 2883 1126 2950 ἐνιαυ-

121 2989 175 3054 τόν
201 2985 308 3076 ἀτόκῳ
335 2995 479 3075 χρῆσθαι
507 2997 553 3078 τῷ
584 2988 731 3078 άργυρίφ
760 2985 815 3054 καλ
845 2988 1029 3056 ἀποδοῦναι
1057 3002 1127 3067 τοῖς

122 3089 230 3170 ξένοις.
271 3092 429 3171 συλλέξας
451 3091 482 3158 δ’
508 3097 645 3180 ἔρανον,
672 3094 781 3180 ’ὥσπερ
805 3093 903 3170 αὐτὸς
925 3092 1005 3181 φῄς,
1028 3100 1130 3162 λῦσαί

88 3196 194 3282 τιμαί
229 3195 374 3272 ἀκούσας
397 3194 429 3262 δ’
454 3193 551 3275 οὗτος
577 3209 679 3266 ταῦτα
701 3196 757 3264 καὶ
780 3196 953 3276 ἐπαινέσας
975 3223 1030 3284 με,
1058 3199 1125 3266 ἐκέ-

123 3309 212 3370 λενσε
234 3305 296 3388 τὴν
317 3307 473 3389 ταχίστην
495 3303 631 3388 πρᾶξαι,
658 3301 738 3390 πρὶν
765 3303 893 3390 ἐξήκειν
920 3306 978 3382 τὰς
1004 3305 1126 3392 ἡμέρας

124 3401 228 3486 έναῖς
250 3411 312 3494 ἔφη
333 3409 406 3474 δεῖν
422 3409 463 3473 τά
481 3410 584 3494 λύτρα
601 3416 804 3475 καταθεῖναι.
840 3413 957 3493 τίθημι
980 3405 1042 3475 οὖν
1064 3413 1125 3494 τὴν

126 3516 290 3581 συνοικίαν
313 3511 484 3580 ἑκκαίδεκα
510 3525 604 3599 μνῶν
623 3513 812 3601 Ἀρκέσαντι
833 3514 1062 3599 Παμβωτάδῃ,
1085 3515 1125 3578 ὃν
1186 3551 1188 3563 ·
