2658 3914
441 228 543 282 ΠΡΟΣ
560 229 776 282 nomm.
1048 225 1112 291 165

100 384 160 454 καὶ
179 389 420 475 Καλχηδονίων
437 386 493 454 καί
511 390 706 473 Κυζικηνῶν
725 391 935 472 καταγόντων
952 388 993 454 τὰ
1014 392 1114 455 πλοῖα

103 493 200 560 ἕνεκα
221 503 279 578 της
302 495 388 572 ίδίας
409 496 522 581 χρείας
541 504 603 561 τοῦ
625 497 735 580 σίτου,
761 489 817 561 καὶ
844 494 986 581 ὁρωντες
1007 491 1045 560 ἐν
1066 502 1192 583 τρῖιιοε

103 605 260 687 Πειραιεῖ
278 600 338 667 τὸν
361 610 454 666 σῖτον
476 599 720 686 ἐπιτιμώμενον
741 597 797 667 καὶ
819 599 881 668 ούκ
903 601 984 667 ὄντα
1005 601 1114 686 ἀφθο-

103 729 166 772 νον
189 706 363 790 ὠνεῖσθαι,
384 705 594 791 ἐψηφίσασθε
611 705 669 784 τάς
685 729 721 772 τε
738 713 821 783 ναῦς
842 703 1018 772 καθέλκειν
1037 707 1115 782 τοὺς

103 811 323 899 τριηράρχους
347 809 404 877 καὶ
430 813 663 898 παρακομίζειν
690 809 744 877 ἐπὶ
770 814 808 878 τὸ
830 821 939 897 χῶμα,
960 808 1115 888 καὶτοὺς

103 918 286 1003 βουλευτάς
311 915 367 982 καὶ
394 919 473 994 τοὺς
499 916 688 1005 δημάρχους
718 920 921 1001 καταλόγους
945 923 1115 983 ποιεῖσθαι

103 1035 172 1090 τῶν
199 1024 354 1108 δημοτῶν
379 1021 435 1088 καὶ
462 1020 642 1109 ἀποφέρειν
668 1023 806 1107 ναύτας,
832 1020 888 1088 καὶ
915 1023 971 1088 διδ
997 1022 1116 1109 τάχους

104 1132 164 1196 τὸν
186 1128 374 1196 ἀπόστολον
396 1134 566 1195 ποιεῖσθαι
593 1126 649 1194 καὶ
675 1132 818 1214 βοηθεῖν
845 1125 1025 1214 ἑκασταχοῖ.
1060 1125 1116 1193 καὶ

105 1235 236 1321 ἐνίκησε
258 1237 296 1303 τὸ
315 1232 576 1322 Ἀριστοφῶντος
596 1235 751 1320 ψήφισμα
772 1237 874 1302 τουτί.

517 1427 700 1480 ΨΗΦῙΣΜΑ.

76 1571 89 1611 ⁷
177 1556 245 1620 Τοῦ
272 1548 335 1638 μὲν
365 1555 576 1639 ψηφίσματος
605 1555 722 1619 τοίνυν
754 1551 914 1636 ἀκηκόατε
941 1546 968 1618 ὦ
997 1552 1117 1637 ἄνδρες

104 1661 264 1725 δικασταί.
301 1655 420 1743 έγὼδ
448 1658 561 1743 ἐπειδη
584 1682 641 1744 μοι
667 1658 730 1726 ούκ
755 1653 865 1743 ηλθον
888 1659 925 1725 οί
942 1667 1061 1725 ναῦται
1083 1657 1119 1724 οί

104 1763 334 1850 καταλεγέντες
354 1764 420 1831 ὑπὸ
442 1775 511 1831 των
533 1766 697 1850 δημοτῶν,
720 1762 793 1830 ἀλλ’
814 1763 836 1850 ἢ
854 1765 961 1850 ὀλίγοι
982 1761 1037 1829 καὶ
1059 1759 1116 1830 οὗ·

103 1896 157 1939 τοι
180 1871 352 1956 ἀδύνατοι,
373 1872 513 1948 τούτους
530 1866 592 1956 μὲν
611 1870 732 1957 ἀφηκα,
754 1869 893 1949 ὑποθεὶς
916 1867 954 1938 δὲ
974 1871 1036 1956 την
1060 1871 1116 1937 ού·

105 1982 182 2045 σίαν
204 1979 265 2063 την
288 1975 433 2062 ἐμαυτοῦ
454 1975 510 2042 καὶ
533 1977 769 2062 δανεισάμενος
790 1975 967 2064 ἀργύριον,
988 1986 1117 2064 πρῶτος

106 2081 346 2170 ἐπληρωσάμην
363 2083 424 2166 τὴν
442 2091 540 2167 ναῦν,
562 2082 816 2167 μισθωσάμενος
836 2082 959 2159 ναύτας
980 2082 1025 2159 ὡς
1042 2074 1115 2149 οἷόν

105 2190 133 2257 τ’
164 2185 208 2273 ἦν
236 2187 406 2273 ἀρίστους,
434 2187 574 2273 δωρειὰς
600 2185 656 2253 καὶ
682 2189 858 2271 προδόσεις
885 2189 966 2265 δοὺς
992 2184 1116 2277 ἑκάστῳ

105 2295 219 2362 αὐτῶν
237 2291 388 2377 μεγάλας.
425 2293 473 2357 ἐτι
491 2287 530 2358 δὲ
548 2292 699 2358 σκεύεσιν
718 2294 816 2369 ἰδίοις
832 2293 894 2376 τὴν
911 2301 998 2358 ναῦν
1015 2294 1117 2358 άπασι

105 2399 345 2482 κατεσκεύασα,
380 2393 437 2462 καὶ
466 2407 534 2462 των
565 2397 734 2482 δημοσίων
764 2401 886 2482 ἔλαβον
916 2396 1032 2484 οὐδέν,
1062 2397 1117 2465 καὶ

106 2510 219 2596 κόσμφ
242 2505 287 2582 ὡς
309 2495 383 2570 οἷόν
404 2499 433 2568 τ’
459 2497 503 2588 ἦν
526 2501 684 2568 κάλλιστα
700 2499 757 2570 καὶ
774 2501 1031 2591 διαπρεπέστατα
1049 2515 1117 2572 τῶν

107 2611 324 2701 τριηράρχων.
359 2607 543 2695 ὑπηρεσίαν
560 2610 676 2675 τοίνυν
693 2607 736 2692 ἣν
754 2607 924 2694 ἐδυνάμην
939 2613 1116 2698 κρατίστην

80 2716 355 2806 εέμισθωσάμην.
391 2714 433 2782 ού
454 2718 561 2801 μόνον
583 2717 700 2782 τοίνυν
718 2709 745 2780 ὦ
763 2716 883 2803 ἄνδρες
905 2715 1055 2784 δικασταὶ
1076 2720 1116 2784 τά

107 2826 188 2892 κατὰ
210 2824 272 2909 την
293 2825 510 2909 τριηραρχίαν
537 2819 718 2906 ἀνήλισκον
745 2823 818 2888 τότε
846 2819 931 2888 ούτω
953 2829 1115 2910 πολυτελῆ

108 2934 204 3014 όντα,
234 2928 319 2996 ἀλλά
348 2926 404 2994 καί
434 2939 502 2994 τῶν
532 2927 708 3015 χρημάτων
735 2921 784 2994 ὧν
810 2930 858 3006 είς
886 2931 946 2996 τὸν
973 2933 1117 2998 ἔκπλουν

107 3037 317 3122 ἐψηφίσασθε
352 3035 582 3121 εἰσενεχθῆναι
617 3031 717 3120 μέρος
751 3033 813 3102 ούκ
849 3034 1020 3122 ἐλάχιστον
1051 3036 1115 3120 ἐγὼ

109 3145 187 3229 ὑμῖν
209 3142 458 3230 προεισήνεγκεν.
501 3139 603 3220 δόξαν
625 3141 689 3228 γάρ
711 3140 792 3226 ὑμῖν
818 3138 903 3229 ὑπὲρ
924 3152 991 3208 τῶν
1014 3144 1115 3228 δημο-

107 3262 174 3317 τῶν
201 3251 279 3325 τοὺς
304 3247 485 3331 βουλευτὰς
516 3245 708 3331 ἀπενεγκεῖν
739 3249 818 3325 τοὺς
847 3250 1116 3335 προεισοίσοντας

107 3368 174 3423 τῶν
196 3377 232 3422 τε
255 3355 407 3439 δημοτῶν
423 3351 479 3419 καί
496 3363 563 3419 τῶν
581 3350 836 3438 ἐγκεκτημένων,
858 3351 1115 3438 προσαπηνέχθη

108 3485 174 3548 μου
195 3461 342 3544 τοῦνομα
359 3458 397 3525 ἐν
414 3469 553 3546 τριττοῖς
572 3461 699 3545 δήμοις,
722 3460 777 3524 διά
799 3460 837 3525 τὸ
859 3460 1008 3545 φανερὰν
1031 3453 1121 3523 είναί

83 3584 174 3652 θμου
196 3567 258 3650 τὴν
280 3565 407 3632 ούσίαν.
442 3560 648 3631 καὶτούτων
671 3561 747 3650 ἐγώ,
770 3563 929 3647 ούδεμίαν
946 3564 1114 3649 πρόφασιν
