2658 3914
461 153 560 205 ΠΡΟΣ
578 152 792 206 ΠΟΛΤΚΑΕΑ.
1068 150 1132 216 175

122 307 207 375 άλλδ
229 311 494 395 πλεονεκτήματα
521 313 658 397 τούτου,
685 312 847 396 ἀναγκαία
870 310 911 379 δέ
929 334 987 396 μοι
1009 310 1046 377 ἐκ
1067 322 1133 376 τῶν

79 432 108 472 ³⁹
120 419 310 502 παρόντων,
333 414 461 500 εἐπειδή
485 433 538 482 σοι
560 415 625 504 φῂς
647 412 674 483 ώ
693 419 879 495 Πολύκλεις
899 419 959 484 τὸν
981 419 1134 503 συντριή-
1144 445 1213 496 1219

122 546 247 609 ραρχον
271 522 332 608 οὐχ
354 521 464 606 ήκειν,
492 533 557 590 τοῦ
577 519 638 608 μὲν
661 521 1036 611 ἐπιτετριηραρχημένου
1057 524 1134 608 χρύ-

123 651 185 693 νου
213 627 341 693 ἐκεῖνον
369 626 433 710 ἐγώ
461 627 627 714 πράξομαι
655 627 876 715 τάναλώματ’,
899 629 942 696 διν
972 630 1135 714 δύνωμαι,

121 743 189 799 τῶν
220 733 384 820 τεττάρων
416 745 546 818 μηνῶν·
580 737 621 800 σὺ
654 731 692 800 δὲ
723 737 925 822 παραλαβών
955 736 1017 819 τήν
1047 744 1134 801 ναῦν

121 835 340 925 πρῶτονμὲν
367 840 427 904 τὸν
455 836 537 925 ὑπὲρ
561 849 704 906 σεαυτοῦ
731 845 854 927 χρόνον
881 841 1134 927 τριηράρχησον,

120 947 200 1022 τοὺς
226 943 259 1023 ἓξ
288 953 406 1029 μήνας·
435 943 533 1011 ἔπειτ’
560 944 619 1011 ἐὰν
646 943 708 1031 μέν
735 962 789 1012 σοι
816 949 900 1032 ἔλθη
927 945 964 1011 ἐν
985 947 1092 1034 τούτῳ
1115 945 1134 1011 ὁ

121 1052 401 1137 συντριήραρχος,
433 1049 547 1141 ἐκείνῳ
569 1052 777 1138 παραδώσεις
803 1054 1030 1138 λῃτουργήσας
1037 1101 1047 1136 ,
1076 1050 1135 1116 ἐὰν

122 1153 161 1222 δέ
188 1157 250 1240 μή,
278 1151 379 1220 οὐδὲν
407 1156 520 1221 δεινὸν
546 1158 644 1242 πείσῃ
674 1157 736 1221 δύο
759 1164 865 1239 μήνας
887 1155 1134 1243 ἐπιτριηραρχή-

80 1277 108 1318 ⁴⁰
122 1277 191 1338 σας.
227 1261 248 1346 ή
276 1260 340 1344 ἐγώ
368 1256 430 1345 μὲν
457 1261 476 1327 ὁ
498 1264 558 1327 τόν
584 1283 619 1326 τε
646 1257 730 1348 ὑπὲρ
759 1260 903 1345 ἐμαυτοῦ
929 1262 1054 1347 χρόνον
1079 1259 1135 1326 καί

121 1376 183 1434 τοῦ
198 1366 462 1452 συντριηράρχου
476 1368 745 1454 λελῃτουργηκὼς
758 1367 1038 1454 ἐπετριηράρχησα
1050 1361 1134 1452 ὑπὲρ

121 1473 239 1558 ὑμῶν,
271 1475 313 1538 σὺ
343 1469 373 1537 δ’
408 1467 509 1539 οὐδὲν
541 1471 717 1556 ἀνηλωκὼς
746 1472 807 1540 ούιι
834 1471 938 1552 άξιοῑς
968 1469 1049 1538 οὐδὲ
1074 1474 1135 1540 τὸν

121 1575 206 1664 ὑπὲρ
230 1587 372 1646 σεαυτοῦ
398 1579 539 1664 χρόνον,
560 1579 763 1664 παραλαβὼν
785 1579 847 1664 τήν
867 1588 972 1663 ναῦν,
994 1584 1134 1666 λητουρ-

122 1693 235 1768 χήσαι,
258 1679 337 1750 οὐδὲ
358 1680 565 1767 τάναλώματ’
592 1681 810 1764 άποδοῦναι;’
832 1683 986 1769 λίνοντος
1008 1684 1049 1751 δέ
1068 1707 1134 1770 μου

122 1800 238 1874 ταῦτα,
260 1788 458 1876 ἀπεκρίνατό
476 1811 534 1874 μοι
552 1789 603 1856 ὅτι
621 1790 751 1873 μύθους
769 1787 906 1875 λέγοιμι.
942 1792 961 1858 δ
981 1787 1018 1856 δὲ
1036 1808 1133 1878 στρα-

122 1898 221 1979 τηγὸς
243 1894 413 1980 ἐμβαίνειν
435 1918 476 1980 με
499 1893 649 1961 ἐκέλευεν
678 1896 726 1971 είς
747 1896 809 1979 τήν
831 1903 918 1961 ναῦν
939 1893 995 1962 καὶ
1017 1895 1134 1980 ἀνάγε-

124 2007 206 2067 σθαι
238 1996 313 2085 μεθ’
347 1997 477 2066 ἑαυτοῦ.
523 2000 568 2076 ώς
597 1994 660 2066 οὖν
689 1995 781 2066 ταῦτ’
808 1998 1023 2087 ἀπεκρίνατο,
1055 2000 1134 2068 ἀνά-

123 2108 237 2190 γνωθί
256 2127 314 2189 μοι
336 2106 397 2190 τήν
419 2107 614 2191 μαρτυρίαν.

537 2296 726 2352 ΜΑΡΤΤΡΙΔ.

82 2442 109 2481 ιι
191 2420 363 2503 Βούλομαι
385 2415 416 2484 δ’
444 2419 524 2504 ὑμῖν
546 2418 601 2485 καί
622 2423 799 2508 τεκμήριόν
821 2443 853 2488 τι
875 2422 996 2506 είαεϊν,
1019 2418 1064 2487 ἵν’
1089 2424 1135 2488 εί-

124 2523 203 2612 δήθ’
231 2526 281 2592 ὅτι
303 2536 492 2612 περιφανῶς
513 2525 678 2610 ἠδίκημαι.
711 2524 826 2614 Ἅννίηι
848 2527 911 2614 γάρ
934 2525 989 2592 καὶ
1011 2527 1135 2616 Πραξι-

124 2639 199 2701 κλεῖ
217 2633 282 2699 ὑπὸ
301 2634 361 2698 τὸν
383 2631 485 2697 αὐτὸν
502 2633 627 2718 χρόνον
649 2631 849 2716 κατέστησαν
873 2632 1024 2718 διάδοχοι
1036 2636 1134 2718 Μνη-

125 2742 256 2824 σίλοχός
277 2761 312 2804 τε
335 2738 354 2804 ὁ
377 2739 584 2824 Περνῦοίδης
605 2735 661 2803 καὶ
685 2739 912 2823 Φρασιηρίδης
934 2738 952 2806 ὁ
972 2735 1134 2825 Ἀναφλύ-

126 2862 223 2922 στιος.
260 2843 321 2909 οὐκ
339 2842 587 2929 άφικνουμάνου
611 2839 649 2909 δὲ
666 2853 727 2910 τοῦ
746 2845 975 2930 Φρασιηρίδου
998 2844 1052 2912 ἐπὶ
1073 2846 1135 2931 τήν

124 2961 226 3034 ναῦν,
249 2950 268 3016 ὁ
290 2953 505 3036 Μνησίλοχος
532 2949 643 3016 ἐλθών
671 2951 718 3027 είς
744 2951 805 3034 τήν
833 2950 946 3018 Θάσον
970 2949 1139 3038 παρέλαβέ

85 3073 112 3112 42
125 3078 160 3122 τε
182 3056 271 3142 παρὰ
297 3066 358 3122 τοῦ
376 3053 511 3139 Ἁγνίου
538 3056 600 3141 τήν
626 3059 760 3142 τριήρη,
786 3053 841 3122 καί
868 3058 905 3122 τὸ
930 3054 1135 3143 ἐπιτριηράρ-

124 3185 213 3247 χημα
240 3159 388 3228 ἀπέδωκε
415 3170 461 3248 τῷ
483 3158 599 3249 Ἀχνίηι
628 3172 687 3229 τοῦ
714 3164 837 3248 χρόνον
860 3156 902 3227 οὗ
925 3160 1136 3245 ἐπανήλωσεν

124 3264 209 3355 ὑπὲρ
241 3267 369 3351 αύτῦν,
405 3266 487 3332 ὅσον
513 3269 642 3350 ἔπεισε,
672 3265 728 3332 καί
755 3268 795 3333 τά
828 3268 928 3350 σκεύη
956 3268 1045 3354 παρὰ
1076 3277 1135 3334 τοῦ

119 3371 255 3456 Ἁγνίου
275 3371 495 3457 ἐμισθώσατο,
513 3369 569 3437 καί
587 3372 687 3450 αὐτὸς
705 3371 917 3458 ἐτριηράρχει.
944 3372 1085 3456 ὕστερον
1100 3368 1131 3436 δ’

126 3479 162 3544 οί
179 3478 269 3564 παρὰ
296 3485 357 3544 τοῦ
382 3478 611 3563 Φρασιηρίδου
638 3476 793 3553 ἐλθόντες
821 3487 888 3543 τῶν
910 3498 945 3543 τε
968 3471 1134 3560 άυηλοιμέ-
