<?xml version="1.0" encoding="UTF-8"?>
<!DOCTYPE html PUBLIC "-//W3C//DTD XHTML 1.0 Transitional//EN"
    "http://www.w3.org/TR/xhtml1/DTD/xhtml1-transitional.dtd">
<html xmlns="http://www.w3.org/1999/xhtml" xml:lang="en" lang="en">
 <head>
  <title>
</title>
<meta http-equiv="Content-Type" content="text/html;charset=utf-8" />
  <meta name='ocr-system' content='tesseract 3.04.00' />
  <meta name='ocr-capabilities' content='ocr_page ocr_carea ocr_par ocr_line ocrx_word'/>
</head>
<body>
  <div class='ocr_page' id='page_1' title='image "./orationes01demogoog_0336.png"; bbox 0 0 2658 3922; ppageno 0'>
   <div class='ocr_carea' id='block_1_1' title="bbox 428 155 1148 220">
    <p class='ocr_par' dir='ltr' id='par_1_1' title="bbox 428 155 1148 220">
     <span class='ocr_line' id='line_1_1' title="bbox 428 155 1148 220; baseline 0.011 -12"><span class='ocrx_word' id='word_1_1' title='bbox 428 157 524 210; x_wconf 72' lang='lat' dir='ltr'><strong><em>xm</em></strong></span> <span class='ocrx_word' id='word_1_2' title='bbox 541 157 837 220; x_wconf 72' lang='grc' dir='ltr'><strong><em>Διοαοιιοοιιοον.</em></strong></span> <span class='ocrx_word' id='word_1_3' title='bbox 1075 155 1148 220; x_wconf 79' lang='grc'>243.</span> 
     </span>
    </p>
   </div>
   <div class='ocr_carea' id='block_1_2' title="bbox 80 312 1219 1995">
    <p class='ocr_par' dir='ltr' id='par_1_2' title="bbox 80 312 1219 1995">
     <span class='ocr_line' id='line_1_2' title="bbox 121 312 1147 404; baseline 0.002 -22"><span class='ocrx_word' id='word_1_4' title='bbox 121 325 221 396; x_wconf 76' lang='grc' dir='ltr'><strong><em>ναῦςς</em></strong></span> <span class='ocrx_word' id='word_1_5' title='bbox 249 314 390 400; x_wconf 78' lang='grc' dir='ltr'><strong><em>μάλιστα</em></strong></span> <span class='ocrx_word' id='word_1_6' title='bbox 418 312 479 402; x_wconf 73' lang='grc' dir='ltr'><strong><em>μὲν</em></strong></span> <span class='ocrx_word' id='word_1_7' title='bbox 507 315 540 396; x_wconf 79' lang='grc' dir='ltr'><strong><em>ἐξ</em></strong></span> <span class='ocrx_word' id='word_1_8' title='bbox 569 317 672 384; x_wconf 87' lang='grc' dir='ltr'><strong><em>αὐτοῦ</em></strong></span> <span class='ocrx_word' id='word_1_9' title='bbox 699 327 759 384; x_wconf 91' lang='grc' dir='ltr'><strong><em>τοῦ</em></strong></span> <span class='ocrx_word' id='word_1_10' title='bbox 787 313 873 383; x_wconf 79' lang='grc' dir='ltr'><strong><em>εἶναι</em></strong></span> <span class='ocrx_word' id='word_1_11' title='bbox 899 319 962 404; x_wconf 87' lang='grc' dir='ltr'><strong><em>τήν</em></strong></span> <span class='ocrx_word' id='word_1_12' title='bbox 989 328 1075 385; x_wconf 84' lang='grc' dir='ltr'><strong><em>ναῦν</em></strong></span> <span class='ocrx_word' id='word_1_13' title='bbox 1090 317 1147 384; x_wconf 82' lang='grc' dir='ltr'><strong><em>Ιέν</em></strong></span> 
     </span>
     <span class='ocr_line' id='line_1_3' title="bbox 122 418 1139 511; baseline 0 -23"><span class='ocrx_word' id='word_1_14' title='bbox 122 427 209 511; x_wconf 75' lang='grc' dir='ltr'><strong><em>πλῷ,</em></strong></span> <span class='ocrx_word' id='word_1_15' title='bbox 239 422 301 508; x_wconf 81' lang='grc' dir='ltr'><strong><em>οὐχ</em></strong></span> <span class='ocrx_word' id='word_1_16' title='bbox 330 418 430 507; x_wconf 80' lang='grc' dir='ltr'><strong><em>ήττον</em></strong></span> <span class='ocrx_word' id='word_1_17' title='bbox 460 420 497 489; x_wconf 70' lang='grc' dir='ltr'><strong><em>δὲ</em></strong></span> <span class='ocrx_word' id='word_1_18' title='bbox 525 422 582 490; x_wconf 79' lang='grc' dir='ltr'><strong><em>καὶ</em></strong></span> <span class='ocrx_word' id='word_1_19' title='bbox 609 423 643 503; x_wconf 79' lang='grc' dir='ltr'><strong><em>ἐξ</em></strong></span> <span class='ocrx_word' id='word_1_20' title='bbox 671 419 718 492; x_wconf 81' lang='grc' dir='ltr'><strong><em>ὧν</em></strong></span> <span class='ocrx_word' id='word_1_21' title='bbox 741 423 836 491; x_wconf 74' lang='grc' dir='ltr'><strong><em>αὐτοὶ</em></strong></span> <span class='ocrx_word' id='word_1_22' title='bbox 859 421 952 491; x_wconf 85' lang='grc' dir='ltr'><strong><em>οὗτοι</em></strong></span> <span class='ocrx_word' id='word_1_23' title='bbox 974 423 1139 508; x_wconf 81' lang='grc' dir='ltr'><strong><em>λέγουσιν.</em></strong></span> 
     </span>
     <span class='ocr_line' id='line_1_4' title="bbox 124 527 1145 617; baseline 0.002 -23"><span class='ocrx_word' id='word_1_24' title='bbox 124 527 256 608; x_wconf 79' lang='grc' dir='ltr'><strong><em>ἀξιοῦσι</em></strong></span> <span class='ocrx_word' id='word_1_25' title='bbox 282 529 346 615; x_wconf 84' lang='grc' dir='ltr'><strong><em>γδρ</em></strong></span> <span class='ocrx_word' id='word_1_26' title='bbox 372 528 458 615; x_wconf 82' lang='grc' dir='ltr'><strong><em>ἡμᾶς</em></strong></span> <span class='ocrx_word' id='word_1_27' title='bbox 485 529 525 596; x_wconf 81' lang='grc' dir='ltr'><strong><em>τό</em></strong></span> <span class='ocrx_word' id='word_1_28' title='bbox 551 527 585 596; x_wconf 56' lang='lat' dir='ltr'><strong><em>v*</em></strong></span> <span class='ocrx_word' id='word_1_29' title='bbox 607 530 726 617; x_wconf 79' lang='grc' dir='ltr'><strong><em>ἀρχαῖα</em></strong></span> <span class='ocrx_word' id='word_1_30' title='bbox 753 529 933 616; x_wconf 72' lang='grc' dir='ltr'><em>ἀπολαβεῖν</em></span> <span class='ocrx_word' id='word_1_31' title='bbox 959 528 1016 597; x_wconf 80' lang='grc' dir='ltr'><strong><em>καὶ</em></strong></span> <span class='ocrx_word' id='word_1_32' title='bbox 1042 528 1145 617; x_wconf 87' lang='grc' dir='ltr'><strong><em>μέρος</em></strong></span> 
     </span>
     <span class='ocr_line' id='line_1_5' title="bbox 123 631 1219 722; baseline 0.004 -22"><span class='ocrx_word' id='word_1_33' title='bbox 123 657 158 701; x_wconf 88' lang='grc' dir='ltr'><strong><em>τι</em></strong></span> <span class='ocrx_word' id='word_1_34' title='bbox 174 645 242 701; x_wconf 78' lang='grc' dir='ltr'><strong><em>τῶν</em></strong></span> <span class='ocrx_word' id='word_1_35' title='bbox 260 637 379 718; x_wconf 83' lang='grc' dir='ltr'><strong><em>τόκων,</em></strong></span> <span class='ocrx_word' id='word_1_36' title='bbox 398 635 443 712; x_wconf 83' lang='grc' dir='ltr'><strong><em>ὡς</em></strong></span> <span class='ocrx_word' id='word_1_37' title='bbox 456 633 667 722; x_wconf 84' lang='grc' dir='ltr'><strong><em>σεσοσμένης</em></strong></span> <span class='ocrx_word' id='word_1_38' title='bbox 681 631 748 721; x_wconf 71' lang='grc' dir='ltr'><strong><em>μὲν·</em></strong></span> <span class='ocrx_word' id='word_1_39' title='bbox 760 645 818 720; x_wconf 77' lang='grc' dir='ltr'><strong><em>τῆς</em></strong></span> <span class='ocrx_word' id='word_1_40' title='bbox 834 639 929 722; x_wconf 87' lang='grc' dir='ltr'><strong><em>νεώς,</em></strong></span> <span class='ocrx_word' id='word_1_41' title='bbox 948 637 989 704; x_wconf 88' lang='grc' dir='ltr'><strong><em>οῦ</em></strong></span> <span class='ocrx_word' id='word_1_42' title='bbox 1001 641 1140 702; x_wconf 85' lang='grc' dir='ltr'><strong><em>πεπλευ-</em></strong></span> <span class='ocrx_word' id='word_1_43' title='bbox 1151 653 1219 704; x_wconf 79' lang='lat'>129³</span> 
     </span>
     <span class='ocr_line' id='line_1_6' title="bbox 80 737 1141 830; baseline 0.008 -30"><span class='ocrx_word' id='word_1_44' title='bbox 80 759 112 800; x_wconf 74' lang='grc' dir='ltr'><strong><em>ει</em></strong></span> <span class='ocrx_word' id='word_1_45' title='bbox 124 743 222 818; x_wconf 89' lang='grc' dir='ltr'><strong><em>κνίας</em></strong></span> <span class='ocrx_word' id='word_1_46' title='bbox 240 737 278 806; x_wconf 76' lang='grc' dir='ltr'><strong><em>δὲ</em></strong></span> <span class='ocrx_word' id='word_1_47' title='bbox 295 739 402 806; x_wconf 78' lang='grc' dir='ltr'><strong><em>πάντα</em></strong></span> <span class='ocrx_word' id='word_1_48' title='bbox 420 744 480 808; x_wconf 84' lang='grc' dir='ltr'><strong><em>τὸν</em></strong></span> <span class='ocrx_word' id='word_1_49' title='bbox 498 741 616 809; x_wconf 92' lang='grc' dir='ltr'><strong><em>πλοῦν.</em></strong></span> <span class='ocrx_word' id='word_1_50' title='bbox 653 754 802 809; x_wconf 78' lang='grc' dir='ltr'><strong><em>σκοπεῖτε</em></strong></span> <span class='ocrx_word' id='word_1_51' title='bbox 822 740 853 810; x_wconf 90' lang='grc' dir='ltr'><strong><em>δ’</em></strong></span> <span class='ocrx_word' id='word_1_52' title='bbox 871 739 898 810; x_wconf 80' lang='grc' dir='ltr'><strong>ὦ</strong></span> <span class='ocrx_word' id='word_1_53' title='bbox 913 739 1141 830; x_wconf 75' lang='grc' dir='ltr'><strong><em>όίνδρεςἏθη-</em></strong></span> 
     </span>
     <span class='ocr_line' id='line_1_7' title="bbox 124 846 1141 936; baseline 0 -23"><span class='ocrx_word' id='word_1_54' title='bbox 124 857 233 930; x_wconf 77' lang='grc' dir='ltr'><strong><em>ναῖοι,</em></strong></span> <span class='ocrx_word' id='word_1_55' title='bbox 257 849 398 931; x_wconf 86' lang='grc' dir='ltr'><strong><em>πότερον</em></strong></span> <span class='ocrx_word' id='word_1_56' title='bbox 425 846 519 932; x_wconf 70' lang='grc' dir='ltr'><strong><em>ἡμεῖς</em></strong></span> <span class='ocrx_word' id='word_1_57' title='bbox 545 859 616 925; x_wconf 86' lang='grc' dir='ltr'><strong><em>τοίς</em></strong></span> <span class='ocrx_word' id='word_1_58' title='bbox 642 847 680 914; x_wconf 75' lang='grc' dir='ltr'><strong><em>ἐκ</em></strong></span> <span class='ocrx_word' id='word_1_59' title='bbox 705 857 763 932; x_wconf 85' lang='grc' dir='ltr'><strong><em>τής</em></strong></span> <span class='ocrx_word' id='word_1_60' title='bbox 785 857 979 936; x_wconf 76' lang='grc' dir='ltr'><em>συγγραφῆς</em></span> <span class='ocrx_word' id='word_1_61' title='bbox 1001 850 1141 925; x_wconf 88' lang='grc' dir='ltr'><strong><em>δικαίοις</em></strong></span> 
     </span>
     <span class='ocr_line' id='line_1_8' title="bbox 124 948 1140 1041; baseline 0.002 -23"><span class='ocrx_word' id='word_1_62' title='bbox 124 953 283 1038; x_wconf 80' lang='grc' dir='ltr'><strong><em>χρώμεθα</em></strong></span> <span class='ocrx_word' id='word_1_63' title='bbox 305 951 326 1038; x_wconf 88' lang='grc' dir='ltr'><strong><em>ή</em></strong></span> <span class='ocrx_word' id='word_1_64' title='bbox 350 948 454 1038; x_wconf 83' lang='grc' dir='ltr'><strong><em>οὗτοι,</em></strong></span> <span class='ocrx_word' id='word_1_65' title='bbox 477 955 514 1020; x_wconf 77' lang='grc' dir='ltr'><strong><em>οἳ</em></strong></span> <span class='ocrx_word' id='word_1_66' title='bbox 529 950 600 1020; x_wconf 77' lang='grc' dir='ltr'><strong><em>οὔτ’</em></strong></span> <span class='ocrx_word' id='word_1_67' title='bbox 623 957 671 1032; x_wconf 90' lang='grc' dir='ltr'><strong><em>είς</em></strong></span> <span class='ocrx_word' id='word_1_68' title='bbox 688 956 963 1041; x_wconf 83' lang='grc' dir='ltr'><strong><em>τὸσνγκείμενον</em></strong></span> <span class='ocrx_word' id='word_1_69' title='bbox 982 954 1140 1041; x_wconf 78' lang='grc' dir='ltr'><strong><em>ἐμπόριον</em></strong></span> 
     </span>
     <span class='ocr_line' id='line_1_9' title="bbox 124 1056 1142 1146; baseline 0.001 -21"><span class='ocrx_word' id='word_1_70' title='bbox 124 1061 363 1143; x_wconf 75' lang='grc' dir='ltr'><strong><em>πεπλεύκασιν,</em></strong></span> <span class='ocrx_word' id='word_1_71' title='bbox 386 1056 458 1125; x_wconf 86' lang='grc' dir='ltr'><strong><em>ἀλλ’</em></strong></span> <span class='ocrx_word' id='word_1_72' title='bbox 486 1061 533 1137; x_wconf 91' lang='grc' dir='ltr'><strong><em>είς</em></strong></span> <span class='ocrx_word' id='word_1_73' title='bbox 550 1056 666 1126; x_wconf 90' lang='grc' dir='ltr'><strong><em>Ῥόδον</em></strong></span> <span class='ocrx_word' id='word_1_74' title='bbox 688 1058 744 1126; x_wconf 78' lang='grc' dir='ltr'><strong><em>καὶ</em></strong></span> <span class='ocrx_word' id='word_1_75' title='bbox 762 1067 954 1146; x_wconf 79' lang='grc' dir='ltr'><strong><em>ΙΑἴγυπτον,</em></strong></span> <span class='ocrx_word' id='word_1_76' title='bbox 977 1065 1142 1144; x_wconf 74' lang='grc' dir='ltr'><strong><em>σωθείσης</em></strong></span> 
     </span>
     <span class='ocr_line' id='line_1_10' title="bbox 124 1163 1141 1252; baseline 0 -20"><span class='ocrx_word' id='word_1_77' title='bbox 124 1187 161 1232; x_wconf 79' lang='grc' dir='ltr'><strong><em>τε</em></strong></span> <span class='ocrx_word' id='word_1_78' title='bbox 183 1173 241 1250; x_wconf 78' lang='grc' dir='ltr'><strong><em>τῆς</em></strong></span> <span class='ocrx_word' id='word_1_79' title='bbox 262 1167 347 1242; x_wconf 80' lang='grc' dir='ltr'><strong><em>νεὼς</em></strong></span> <span class='ocrx_word' id='word_1_80' title='bbox 369 1163 425 1230; x_wconf 82' lang='grc' dir='ltr'><strong><em>καὶ</em></strong></span> <span class='ocrx_word' id='word_1_81' title='bbox 448 1165 489 1232; x_wconf 85' lang='grc' dir='ltr'><strong><em>οῦ</em></strong></span> <span class='ocrx_word' id='word_1_82' title='bbox 507 1164 764 1252; x_wconf 85' lang='grc' dir='ltr'><strong><em>διεφθαρμένης</em></strong></span> <span class='ocrx_word' id='word_1_83' title='bbox 777 1167 897 1252; x_wconf 77' lang='grc' dir='ltr'><strong><em>τ’ίφεσιν</em></strong></span> <span class='ocrx_word' id='word_1_84' title='bbox 919 1173 1047 1234; x_wconf 91' lang='grc' dir='ltr'><strong><em>οίονται</em></strong></span> <span class='ocrx_word' id='word_1_85' title='bbox 1067 1168 1141 1232; x_wconf 76' lang='grc' dir='ltr'><strong><em>δεῖν</em></strong></span> 
     </span>
     <span class='ocr_line' id='line_1_11' title="bbox 125 1270 1141 1358; baseline 0.001 -21"><span class='ocrx_word' id='word_1_86' title='bbox 125 1271 340 1358; x_wconf 82' lang='grc' dir='ltr'><strong><em>εὑρίσκεσθαι</em></strong></span> <span class='ocrx_word' id='word_1_87' title='bbox 348 1281 416 1336; x_wconf 81' lang='grc' dir='ltr'><strong><em>τῶν</em></strong></span> <span class='ocrx_word' id='word_1_88' title='bbox 425 1273 545 1355; x_wconf 86' lang='grc' dir='ltr'><strong><em>τόκων,</em></strong></span> <span class='ocrx_word' id='word_1_89' title='bbox 559 1275 965 1358; x_wconf 85' lang='grc' dir='ltr'><strong><em>παρασυγγεγραφηκότες,</em></strong></span> <span class='ocrx_word' id='word_1_90' title='bbox 977 1270 1033 1338; x_wconf 79' lang='grc' dir='ltr'><strong><em>καὶ</em></strong></span> <span class='ocrx_word' id='word_1_91' title='bbox 1047 1270 1141 1338; x_wconf 79' lang='grc' dir='ltr'><strong><em>αὐτοὶ</em></strong></span> 
     </span>
     <span class='ocr_line' id='line_1_12' title="bbox 125 1374 1144 1464; baseline 0 -20"><span class='ocrx_word' id='word_1_92' title='bbox 125 1374 188 1463; x_wconf 71' lang='grc' dir='ltr'><strong><em>μέν</em></strong></span> <span class='ocrx_word' id='word_1_93' title='bbox 205 1379 314 1444; x_wconf 76' lang='grc' dir='ltr'><strong><em>πολλὰ</em></strong></span> <span class='ocrx_word' id='word_1_94' title='bbox 331 1374 468 1464; x_wconf 88' lang='grc' dir='ltr'><strong><em>χρήματ’</em></strong></span> <span class='ocrx_word' id='word_1_95' title='bbox 491 1375 702 1463; x_wconf 83' lang='grc' dir='ltr'><strong><em>είργασμίνοι</em></strong></span> <span class='ocrx_word' id='word_1_96' title='bbox 724 1379 813 1460; x_wconf 79' lang='grc' dir='ltr'><strong><em>παρὰ</em></strong></span> <span class='ocrx_word' id='word_1_97' title='bbox 831 1379 893 1462; x_wconf 89' lang='grc' dir='ltr'><strong><em>τήν</em></strong></span> <span class='ocrx_word' id='word_1_98' title='bbox 909 1381 1062 1463; x_wconf 85' lang='grc' dir='ltr'><strong><em>σιτηγίαν</em></strong></span> <span class='ocrx_word' id='word_1_99' title='bbox 1080 1378 1144 1463; x_wconf 87' lang='grc' dir='ltr'><strong><em>τήν</em></strong></span> 
     </span>
     <span class='ocr_line' id='line_1_13' title="bbox 126 1480 1142 1572; baseline 0 -22"><span class='ocrx_word' id='word_1_100' title='bbox 126 1485 174 1561; x_wconf 86' lang='grc' dir='ltr'><strong><em>είς</em></strong></span> <span class='ocrx_word' id='word_1_101' title='bbox 190 1481 318 1568; x_wconf 89' lang='grc' dir='ltr'><strong><em>Ῥόδον,</em></strong></span> <span class='ocrx_word' id='word_1_102' title='bbox 340 1483 380 1548; x_wconf 82' lang='grc' dir='ltr'><strong><em>ιδ</em></strong></span> <span class='ocrx_word' id='word_1_103' title='bbox 399 1480 430 1548; x_wconf 91' lang='grc' dir='ltr'><strong><em>δ’</em></strong></span> <span class='ocrx_word' id='word_1_104' title='bbox 453 1481 595 1568; x_wconf 79' lang='grc' dir='ltr'><strong><em>ἡμέτερα</em></strong></span> <span class='ocrx_word' id='word_1_105' title='bbox 613 1481 750 1570; x_wconf 78' lang='grc' dir='ltr'><strong><em>χρήματ’</em></strong></span> <span class='ocrx_word' id='word_1_106' title='bbox 773 1486 903 1570; x_wconf 82' lang='grc' dir='ltr'><strong><em>ἔχοντες</em></strong></span> <span class='ocrx_word' id='word_1_107' title='bbox 924 1482 980 1550; x_wconf 82' lang='grc' dir='ltr'><strong><em>καί</em></strong></span> <span class='ocrx_word' id='word_1_108' title='bbox 998 1485 1142 1572; x_wconf 84' lang='grc' dir='ltr'><strong><em>καρπού-</em></strong></span> 
     </span>
     <span class='ocr_line' id='line_1_14' title="bbox 83 1587 1141 1676; baseline 0.001 -20"><span class='ocrx_word' id='word_1_109' title='bbox 83 1606 112 1649; x_wconf 76' lang='grc' dir='ltr'><strong><em>εσ</em></strong></span> <span class='ocrx_word' id='word_1_110' title='bbox 126 1610 223 1675; x_wconf 88' lang='grc' dir='ltr'><strong><em>μενοι</em></strong></span> <span class='ocrx_word' id='word_1_111' title='bbox 241 1589 399 1676; x_wconf 83' lang='grc' dir='ltr'><strong><em>δεῦιερον</em></strong></span> <span class='ocrx_word' id='word_1_112' title='bbox 422 1590 494 1666; x_wconf 81' lang='grc' dir='ltr'><strong><em>ἔτος</em></strong></span> <span class='ocrx_word' id='word_1_113' title='bbox 513 1593 615 1655; x_wconf 86' lang='grc' dir='ltr'><strong><em>τουτί.</em></strong></span> <span class='ocrx_word' id='word_1_114' title='bbox 651 1592 847 1656; x_wconf 89' lang='grc' dir='ltr'><strong><em>καινότατον</em></strong></span> <span class='ocrx_word' id='word_1_115' title='bbox 866 1587 897 1656; x_wconf 91' lang='grc' dir='ltr'><strong><em>δ’</em></strong></span> <span class='ocrx_word' id='word_1_116' title='bbox 920 1589 990 1657; x_wconf 77' lang='grc' dir='ltr'><strong><em>ἐστὶ</em></strong></span> <span class='ocrx_word' id='word_1_117' title='bbox 1007 1591 1141 1669; x_wconf 83' lang='grc' dir='ltr'><strong><em>πόντων</em></strong></span> 
     </span>
     <span class='ocr_line' id='line_1_15' title="bbox 126 1691 1142 1783; baseline 0.001 -22"><span class='ocrx_word' id='word_1_118' title='bbox 126 1699 165 1762; x_wconf 89' lang='grc' dir='ltr'><strong><em>τὸ</em></strong></span> <span class='ocrx_word' id='word_1_119' title='bbox 187 1699 400 1780; x_wconf 88' lang='grc' dir='ltr'><strong><em>γιγνόμενον·</em></strong></span> <span class='ocrx_word' id='word_1_120' title='bbox 427 1696 466 1762; x_wconf 83' lang='grc' dir='ltr'><strong><em>τὸ</em></strong></span> <span class='ocrx_word' id='word_1_121' title='bbox 493 1691 555 1780; x_wconf 74' lang='grc' dir='ltr'><strong><em>μὲν</em></strong></span> <span class='ocrx_word' id='word_1_122' title='bbox 582 1695 646 1782; x_wconf 82' lang='grc' dir='ltr'><strong><em>γὰρ</em></strong></span> <span class='ocrx_word' id='word_1_123' title='bbox 675 1695 811 1763; x_wconf 81' lang='grc' dir='ltr'><strong><em>δάνειον</em></strong></span> <span class='ocrx_word' id='word_1_124' title='bbox 833 1699 870 1763; x_wconf 87' lang='grc' dir='ltr'><strong><em>τὸ</em></strong></span> <span class='ocrx_word' id='word_1_125' title='bbox 895 1696 1033 1783; x_wconf 79' lang='grc' dir='ltr'><strong><em>ἀρχαῖον</em></strong></span> <span class='ocrx_word' id='word_1_126' title='bbox 1060 1691 1142 1763; x_wconf 80' lang='grc' dir='ltr'><strong><em>ἀπὸ·</em></strong></span> 
     </span>
     <span class='ocr_line' id='line_1_16' title="bbox 128 1800 1137 1887; baseline 0.001 -19"><span class='ocrx_word' id='word_1_127' title='bbox 128 1803 281 1869; x_wconf 90' lang='grc' dir='ltr'><strong><em>διδόασιν</em></strong></span> <span class='ocrx_word' id='word_1_128' title='bbox 299 1802 380 1887; x_wconf 79' lang='grc' dir='ltr'><strong><em>ήμῐν</em></strong></span> <span class='ocrx_word' id='word_1_129' title='bbox 399 1802 444 1880; x_wconf 79' lang='grc' dir='ltr'><strong><em>ὡς</em></strong></span> <span class='ocrx_word' id='word_1_130' title='bbox 463 1800 672 1887; x_wconf 84' lang='grc' dir='ltr'><strong><em>σεσωσμένης</em></strong></span> <span class='ocrx_word' id='word_1_131' title='bbox 689 1811 747 1885; x_wconf 78' lang='grc' dir='ltr'><strong><em>τῆς</em></strong></span> <span class='ocrx_word' id='word_1_132' title='bbox 764 1803 859 1886; x_wconf 82' lang='grc' dir='ltr'><strong><em>νεώς,</em></strong></span> <span class='ocrx_word' id='word_1_133' title='bbox 877 1805 955 1880; x_wconf 80' lang='grc' dir='ltr'><strong><em>τοὺς</em></strong></span> <span class='ocrx_word' id='word_1_134' title='bbox 967 1807 1086 1880; x_wconf 86' lang='grc' dir='ltr'><strong><em>τόκους</em></strong></span> <span class='ocrx_word' id='word_1_135' title='bbox 1104 1800 1137 1869; x_wconf 93' lang='grc' dir='ltr'><strong><em>δ’</em></strong></span> 
     </span>
     <span class='ocr_line' id='line_1_17' title="bbox 128 1907 1141 1995; baseline 0.001 -21"><span class='ocrx_word' id='word_1_136' title='bbox 128 1908 348 1995; x_wconf 78' lang='grc' dir='ltr'><strong><em>ἀποστερῆσαι</em></strong></span> <span class='ocrx_word' id='word_1_137' title='bbox 371 1915 498 1974; x_wconf 79' lang='grc' dir='ltr'><strong><em>οἴονται</em></strong></span> <span class='ocrx_word' id='word_1_138' title='bbox 525 1909 598 1973; x_wconf 82' lang='grc' dir='ltr'><strong><em>δεῖν</em></strong></span> <span class='ocrx_word' id='word_1_139' title='bbox 628 1908 673 1984; x_wconf 83' lang='grc' dir='ltr'><strong><em>ὡς</em></strong></span> <span class='ocrx_word' id='word_1_140' title='bbox 700 1907 955 1995; x_wconf 79' lang='grc' dir='ltr'><strong><em>διεφθαρμένης.</em></strong></span> <span class='ocrx_word' id='word_1_141' title='bbox 991 1909 1141 1994; x_wconf 87' lang='grc' dir='ltr'><strong><em>καίτοιή</em></strong></span> 
     </span>
    </p>
   </div>
   <div class='ocr_carea' id='block_1_3' title="bbox 86 2009 1142 2415">
    <p class='ocr_par' dir='ltr' id='par_1_3' title="bbox 128 2009 1142 2206">
     <span class='ocr_line' id='line_1_18' title="bbox 128 2009 1142 2110; baseline 0.001 -29"><span class='ocrx_word' id='word_1_142' title='bbox 128 2016 303 2100; x_wconf 80' lang='grc' dir='ltr'><strong><em>συγγραφή</em></strong></span> <span class='ocrx_word' id='word_1_143' title='bbox 328 2014 388 2100; x_wconf 81' lang='grc' dir='ltr'><strong><em>οὐχ</em></strong></span> <span class='ocrx_word' id='word_1_144' title='bbox 412 2013 506 2100; x_wconf 81' lang='grc' dir='ltr'><strong><em>ἔτερα</em></strong></span> <span class='ocrx_word' id='word_1_145' title='bbox 529 2009 590 2098; x_wconf 73' lang='grc' dir='ltr'><strong><em>μέν</em></strong></span> <span class='ocrx_word' id='word_1_146' title='bbox 613 2011 701 2097; x_wconf 85' lang='grc' dir='ltr'><strong><em>λέγει</em></strong></span> <span class='ocrx_word' id='word_1_147' title='bbox 718 2012 795 2100; x_wconf 85' lang='grc' dir='ltr'><strong><em>περὶ</em></strong></span> <span class='ocrx_word' id='word_1_148' title='bbox 816 2026 888 2080; x_wconf 81' lang='grc' dir='ltr'><strong><em>τῶν·</em></strong></span> <span class='ocrx_word' id='word_1_149' title='bbox 906 2018 1025 2110; x_wconf 81' lang='grc' dir='ltr'><strong><em>τόκων,</em></strong></span> <span class='ocrx_word' id='word_1_150' title='bbox 1048 2016 1142 2103; x_wconf 80' lang='grc' dir='ltr'><strong><em>ἕτερα</em></strong></span> 
     </span>
     <span class='ocr_line' id='line_1_19' title="bbox 129 2117 1142 2206; baseline 0 -20"><span class='ocrx_word' id='word_1_151' title='bbox 129 2117 167 2186; x_wconf 75' lang='grc' dir='ltr'><strong><em>δὲ</em></strong></span> <span class='ocrx_word' id='word_1_152' title='bbox 197 2119 273 2206; x_wconf 84' lang='grc' dir='ltr'><strong><em>περὶ</em></strong></span> <span class='ocrx_word' id='word_1_153' title='bbox 304 2130 364 2186; x_wconf 91' lang='grc' dir='ltr'><strong><em>τοῦ</em></strong></span> <span class='ocrx_word' id='word_1_154' title='bbox 402 2118 541 2205; x_wconf 80' lang='grc' dir='ltr'><strong><em>ἀρχαίου</em></strong></span> <span class='ocrx_word' id='word_1_155' title='bbox 578 2120 810 2204; x_wconf 79' lang='grc' dir='ltr'><strong><em>δανείσματος,</em></strong></span> <span class='ocrx_word' id='word_1_156' title='bbox 846 2118 929 2186; x_wconf 80' lang='grc' dir='ltr'><strong><em>ἀλλὰ</em></strong></span> <span class='ocrx_word' id='word_1_157' title='bbox 960 2121 1000 2185; x_wconf 85' lang='grc' dir='ltr'><strong><em>τὰ</em></strong></span> <span class='ocrx_word' id='word_1_158' title='bbox 1031 2123 1142 2186; x_wconf 89' lang='grc' dir='ltr'><strong><em>δίκαια</em></strong></span> 
     </span>
    </p>

    <p class='ocr_par' dir='ltr' id='par_1_4' title="bbox 86 2221 1142 2415">
     <span class='ocr_line' id='line_1_20' title="bbox 86 2221 1142 2311; baseline 0.006 -25"><span class='ocrx_word' id='word_1_159' title='bbox 86 2245 115 2286; x_wconf 80' lang='grc' dir='ltr'><strong><em>τε</em></strong></span> <span class='ocrx_word' id='word_1_160' title='bbox 129 2224 231 2289; x_wconf 86' lang='grc' dir='ltr'><strong><em>ταότδι</em></strong></span> <span class='ocrx_word' id='word_1_161' title='bbox 260 2223 336 2310; x_wconf 77' lang='grc' dir='ltr'><strong><em>περὶ</em></strong></span> <span class='ocrx_word' id='word_1_162' title='bbox 365 2223 490 2309; x_wconf 78' lang='grc' dir='ltr'><strong><em>ἀμφοῖν</em></strong></span> <span class='ocrx_word' id='word_1_163' title='bbox 519 2221 589 2289; x_wconf 83' lang='grc' dir='ltr'><strong><em>έστι</em></strong></span> <span class='ocrx_word' id='word_1_164' title='bbox 617 2221 673 2289; x_wconf 84' lang='grc' dir='ltr'><strong><em>καὶ</em></strong></span> <span class='ocrx_word' id='word_1_165' title='bbox 699 2223 720 2307; x_wconf 83' lang='grc' dir='ltr'><strong><em>η</em></strong></span> <span class='ocrx_word' id='word_1_166' title='bbox 747 2223 863 2309; x_wconf 82' lang='grc' dir='ltr'><strong><em>πρᾶξις</em></strong></span> <span class='ocrx_word' id='word_1_167' title='bbox 884 2224 905 2308; x_wconf 83' lang='grc' dir='ltr'><em>ἡ</em></span> <span class='ocrx_word' id='word_1_168' title='bbox 929 2225 1020 2311; x_wconf 81' lang='grc' dir='ltr'><strong><em>αὐτή.</em></strong></span> <span class='ocrx_word' id='word_1_169' title='bbox 1064 2224 1142 2293; x_wconf 77' lang='grc' dir='ltr'><strong><em>ἀνό-</em></strong></span> 
     </span>
     <span class='ocr_line' id='line_1_21' title="bbox 129 2327 816 2415; baseline 0 -20"><span class='ocrx_word' id='word_1_170' title='bbox 129 2335 240 2414; x_wconf 83' lang='grc' dir='ltr'><strong><em>γνοοθι</em></strong></span> <span class='ocrx_word' id='word_1_171' title='bbox 262 2327 303 2395; x_wconf 80' lang='grc' dir='ltr'><strong><em>δέ</em></strong></span> <span class='ocrx_word' id='word_1_172' title='bbox 323 2354 380 2415; x_wconf 92' lang='grc' dir='ltr'><strong><em>μοι</em></strong></span> <span class='ocrx_word' id='word_1_173' title='bbox 400 2330 502 2395; x_wconf 82' lang='grc' dir='ltr'><strong><em>πόλιν</em></strong></span> <span class='ocrx_word' id='word_1_174' title='bbox 524 2330 586 2412; x_wconf 86' lang='grc' dir='ltr'><strong><em>τήν</em></strong></span> <span class='ocrx_word' id='word_1_175' title='bbox 610 2331 816 2415; x_wconf 81' lang='grc' dir='ltr'><strong><em>συγγραφήν.</em></strong></span> 
     </span>
    </p>
   </div>
   <div class='ocr_carea' id='block_1_4' title="bbox 131 2523 1141 2946">
    <p class='ocr_par' dir='ltr' id='par_1_5' title="bbox 131 2523 1141 2946">
     <span class='ocr_line' id='line_1_22' title="bbox 532 2523 739 2589; baseline 0.01 -14"><span class='ocrx_word' id='word_1_176' title='bbox 532 2523 739 2589; x_wconf 68' lang='grc' dir='ltr'><strong><em>ανοοεεοιει</em></strong></span> 
     </span>
     <span class='ocr_line' id='line_1_23' title="bbox 253 2627 1132 2716; baseline 0.002 -18.878"><span class='ocrx_word' id='word_1_177' title='bbox 253 2627 442 2714; x_wconf 78' lang='grc' dir='ltr'><strong><em>,Ἀθήνηθεν</em></strong></span> <span class='ocrx_word' id='word_1_178' title='bbox 460 2632 503 2706; x_wconf 80' lang='grc' dir='ltr'><strong><em>εἰς</em></strong></span> <span class='ocrx_word' id='word_1_179' title='bbox 521 2631 675 2715; x_wconf 79' lang='grc' dir='ltr'><strong><em>Αίγιιπτον</em></strong></span> <span class='ocrx_word' id='word_1_180' title='bbox 692 2630 742 2694; x_wconf 77' lang='grc' dir='ltr'><strong><em>καὶ</em></strong></span> <span class='ocrx_word' id='word_1_181' title='bbox 760 2631 795 2708; x_wconf 80' lang='grc' dir='ltr'><strong><em>ἐξ</em></strong></span> <span class='ocrx_word' id='word_1_182' title='bbox 808 2633 963 2716; x_wconf 84' lang='grc' dir='ltr'><strong><em>Αίγόπτον</em></strong></span> <span class='ocrx_word' id='word_1_183' title='bbox 979 2627 1132 2716; x_wconf 74' lang='grc' dir='ltr'><strong><em>Ἀθήναζε.</em></strong></span> 
     </span>
     <span class='ocr_line' id='line_1_24' title="bbox 192 2747 1141 2843; baseline 0.004 -24"><span class='ocrx_word' id='word_1_184' title='bbox 192 2751 343 2821; x_wconf 87' lang='grc' dir='ltr'><strong><em>Ἀκοόετε</em></strong></span> <span class='ocrx_word' id='word_1_185' title='bbox 370 2747 397 2819; x_wconf 79' lang='grc' dir='ltr'><strong>ὦ</strong></span> <span class='ocrx_word' id='word_1_186' title='bbox 425 2754 544 2839; x_wconf 74' lang='grc' dir='ltr'><strong><em>ἄνδρες</em></strong></span> <span class='ocrx_word' id='word_1_187' title='bbox 571 2749 758 2837; x_wconf 72' lang='grc' dir='ltr'><strong><em>Ἀθηναῖοι·</em></strong></span> <span class='ocrx_word' id='word_1_188' title='bbox 793 2752 1011 2840; x_wconf 52' lang='grc' dir='ltr'><strong><em>*Ἀθήνηθεν</em></strong></span> <span class='ocrx_word' id='word_1_189' title='bbox 1038 2755 1141 2843; x_wconf 82' lang='grc' dir='ltr'><strong><em>φησὶν</em></strong></span> 
     </span>
     <span class='ocr_line' id='line_1_25' title="bbox 131 2855 1140 2946; baseline 0.004 -21"><span class='ocrx_word' id='word_1_190' title='bbox 131 2861 194 2938; x_wconf 65' lang='grc' dir='ltr'><strong><em>ἐίς</em></strong></span> <span class='ocrx_word' id='word_1_191' title='bbox 202 2867 374 2945; x_wconf 84' lang='grc' dir='ltr'><strong><em>Αίγνπτον</em></strong></span> <span class='ocrx_word' id='word_1_192' title='bbox 386 2857 443 2926; x_wconf 82' lang='grc' dir='ltr'><strong><em>καὶ</em></strong></span> <span class='ocrx_word' id='word_1_193' title='bbox 457 2857 490 2938; x_wconf 77' lang='grc' dir='ltr'><strong><em>ἐξ</em></strong></span> <span class='ocrx_word' id='word_1_194' title='bbox 500 2859 673 2943; x_wconf 84' lang='grc' dir='ltr'><strong><em>Αίγόπτον</em></strong></span> <span class='ocrx_word' id='word_1_195' title='bbox 682 2855 863 2945; x_wconf 76' lang='grc' dir='ltr'><strong><em>Ἀθήναζε.’</em></strong></span> <span class='ocrx_word' id='word_1_196' title='bbox 891 2859 965 2946; x_wconf 85' lang='grc' dir='ltr'><strong><em>λέγε</em></strong></span> <span class='ocrx_word' id='word_1_197' title='bbox 978 2862 1019 2928; x_wconf 82' lang='grc' dir='ltr'><strong><em>τὰ</em></strong></span> <span class='ocrx_word' id='word_1_198' title='bbox 1033 2863 1140 2929; x_wconf 82' lang='grc' dir='ltr'><strong><em>λοιποί.</em></strong></span> 
     </span>
    </p>
   </div>
   <div class='ocr_carea' id='block_1_5' title="bbox 92 3012 1142 3476">
    <p class='ocr_par' dir='ltr' id='par_1_6' title="bbox 534 3012 887 3106">
     <span class='ocr_line' id='line_1_26' title="bbox 534 3012 887 3106; baseline -0.008 -1"><span class='ocrx_word' id='word_1_199' title='bbox 534 3053 741 3106; x_wconf 74' lang='grc' dir='ltr'><strong><em>ΣνΓΓΡΑοΗ.</em></strong></span> <span class='ocrx_word' id='word_1_200' title='bbox 870 3012 887 3102; x_wconf 61' lang='grc'><strong><em>’.</em></strong></span> 
     </span>
    </p>

    <p class='ocr_par' dir='ltr' id='par_1_7' title="bbox 92 3161 1142 3476">
     <span class='ocr_line' id='line_1_27' title="bbox 198 3161 912 3256; baseline 0.001 -30"><span class='ocrx_word' id='word_1_201' title='bbox 198 3165 357 3256; x_wconf 78' lang='grc' dir='ltr'><strong><em>Σιοθείσης</em></strong></span> <span class='ocrx_word' id='word_1_202' title='bbox 380 3161 412 3226; x_wconf 76' lang='grc' dir='ltr'><strong><em>δὲ</em></strong></span> <span class='ocrx_word' id='word_1_203' title='bbox 433 3173 487 3246; x_wconf 78' lang='grc' dir='ltr'><strong><em>τῆς</em></strong></span> <span class='ocrx_word' id='word_1_204' title='bbox 508 3163 583 3238; x_wconf 80' lang='grc' dir='ltr'><strong><em>νεὼς</em></strong></span> <span class='ocrx_word' id='word_1_205' title='bbox 605 3163 647 3238; x_wconf 86' lang='grc' dir='ltr'><strong><em>είς</em></strong></span> <span class='ocrx_word' id='word_1_206' title='bbox 670 3167 912 3246; x_wconf 76' lang='grc' dir='ltr'><strong><em>Πειραιᾶ..,.,</em></strong></span> 
     </span>
     <span class='ocr_line' id='line_1_28' title="bbox 92 3275 1142 3372; baseline 0.009 -28"><span class='ocrx_word' id='word_1_207' title='bbox 92 3303 118 3344; x_wconf 85' lang='grc' dir='ltr'><strong><em>ει</em></strong></span> <span class='ocrx_word' id='word_1_208' title='bbox 190 3282 330 3371; x_wconf 77' lang='grc' dir='ltr'><strong><em>’Ἀνδρος</em></strong></span> <span class='ocrx_word' id='word_1_209' title='bbox 340 3281 524 3369; x_wconf 79' lang='grc' dir='ltr'><strong><em>Ἀθηναῖοι,</em></strong></span> <span class='ocrx_word' id='word_1_210' title='bbox 536 3275 625 3350; x_wconf 83' lang='grc' dir='ltr'><strong><em>πιίνν</em></strong></span> <span class='ocrx_word' id='word_1_211' title='bbox 639 3283 767 3353; x_wconf 80' lang='grc' dir='ltr'><strong><em>διπλοῦν</em></strong></span> <span class='ocrx_word' id='word_1_212' title='bbox 783 3285 852 3352; x_wconf 87' lang='grc' dir='ltr'><strong><em>έστι</em></strong></span> <span class='ocrx_word' id='word_1_213' title='bbox 866 3287 1049 3370; x_wconf 81' lang='grc' dir='ltr'><strong><em>διαγνῶναι·</em></strong></span> <span class='ocrx_word' id='word_1_214' title='bbox 1059 3286 1142 3372; x_wconf 74' lang='grc' dir='ltr'><strong><em>ὑμίν</em></strong></span> 
     </span>
     <span class='ocr_line' id='line_1_29' title="bbox 131 3384 1141 3476; baseline 0.001 -21"><span class='ocrx_word' id='word_1_215' title='bbox 131 3384 214 3476; x_wconf 72' lang='grc' dir='ltr'><strong><em>ὑπὲρ</em></strong></span> <span class='ocrx_word' id='word_1_216' title='bbox 238 3387 374 3475; x_wconf 79' lang='grc' dir='ltr'><strong><em>ταυτησί</em></strong></span> <span class='ocrx_word' id='word_1_217' title='bbox 395 3397 454 3473; x_wconf 85' lang='grc' dir='ltr'><strong><em>τής</em></strong></span> <span class='ocrx_word' id='word_1_218' title='bbox 475 3391 581 3474; x_wconf 90' lang='grc' dir='ltr'><strong><em>δίκης,</em></strong></span> <span class='ocrx_word' id='word_1_219' title='bbox 603 3388 658 3457; x_wconf 82' lang='grc' dir='ltr'><strong><em>καὶ</em></strong></span> <span class='ocrx_word' id='word_1_220' title='bbox 677 3387 777 3458; x_wconf 74' lang='grc' dir='ltr'><strong><em>οὐδὲν</em></strong></span> <span class='ocrx_word' id='word_1_221' title='bbox 797 3392 851 3456; x_wconf 84' lang='grc' dir='ltr'><strong><em>δεί</em></strong></span> <span class='ocrx_word' id='word_1_222' title='bbox 868 3391 977 3475; x_wconf 84' lang='grc' dir='ltr'><strong><em>λόγιον</em></strong></span> <span class='ocrx_word' id='word_1_223' title='bbox 998 3395 1141 3464; x_wconf 77' lang='grc' dir='ltr'><strong><em>πολλῶν.</em></strong></span> 
     </span>
    </p>
   </div>
   <div class='ocr_carea' id='block_1_6' title="bbox 132 3491 1142 3650">
    <p class='ocr_par' dir='ltr' id='par_1_8' title="bbox 132 3491 1142 3650">
     <span class='ocr_line' id='line_1_30' title="bbox 132 3491 1142 3582; baseline -0.003 -19"><span class='ocrx_word' id='word_1_224' title='bbox 132 3496 152 3581; x_wconf 79' lang='grc' dir='ltr'><strong>ἡ</strong></span> <span class='ocrx_word' id='word_1_225' title='bbox 171 3505 254 3574; x_wconf 86' lang='grc' dir='ltr'><strong><em>ναῦς</em></strong></span> <span class='ocrx_word' id='word_1_226' title='bbox 272 3495 323 3562; x_wconf 84' lang='grc' dir='ltr'><strong><em>δτι</em></strong></span> <span class='ocrx_word' id='word_1_227' title='bbox 341 3491 402 3580; x_wconf 71' lang='grc' dir='ltr'><strong><em>μὲν</em></strong></span> <span class='ocrx_word' id='word_1_228' title='bbox 422 3494 581 3562; x_wconf 75' lang='grc' dir='ltr'><strong><em>σέσωσται</em></strong></span> <span class='ocrx_word' id='word_1_229' title='bbox 600 3495 655 3562; x_wconf 82' lang='grc' dir='ltr'><strong><em>καί</em></strong></span> <span class='ocrx_word' id='word_1_230' title='bbox 673 3499 742 3563; x_wconf 83' lang='grc' dir='ltr'><strong><em>ἔστι</em></strong></span> <span class='ocrx_word' id='word_1_231' title='bbox 761 3497 841 3579; x_wconf 85' lang='grc' dir='ltr'><strong><em>σώα,</em></strong></span> <span class='ocrx_word' id='word_1_232' title='bbox 862 3495 917 3561; x_wconf 83' lang='grc' dir='ltr'><strong><em>καὶ</em></strong></span> <span class='ocrx_word' id='word_1_233' title='bbox 934 3494 1009 3582; x_wconf 89' lang='grc' dir='ltr'><strong><em>παρ’</em></strong></span> <span class='ocrx_word' id='word_1_234' title='bbox 1033 3495 1142 3560; x_wconf 74' lang='grc' dir='ltr'><strong><em>αὐτῶν</em></strong></span> 
     </span>
     <span class='ocr_line' id='line_1_31' title="bbox 930 3597 983 3650; baseline 0 0"><span class='ocrx_word' id='word_1_235' title='bbox 930 3597 983 3650; x_wconf 73' lang='grc'><strong><em>16*</em></strong></span> 
     </span>
    </p>
   </div>
   <div class='ocr_carea' id='block_1_7' title="bbox 0 0 1338 3922">
    <p class='ocr_par' dir='ltr' id='par_1_9' title="bbox 0 0 1338 3922">
     <span class='ocr_line' id='line_1_32' title="bbox 0 0 1338 3922; baseline 0 0"><span class='ocrx_word' id='word_1_236' title='bbox 0 0 1338 3922; x_wconf 95' lang='lat' dir='ltr'><strong><em> </em></strong></span> 
     </span>
    </p>
   </div>
  </div>
 </body>
</html>
