2658 3922
180 210 247 277 228
509 211 566 263 ιο.
589 209 870 262 Δοιιοεοεαοεε

179 383 248 460 ρῶν
271 373 319 449 είς
340 373 377 437 τὸ
400 372 461 436 τοῦ
482 372 624 454 πλησίον
642 372 766 457 χωρίον
786 344 925 453 ἀφιείην
938 370 990 434 άν.
1022 369 1107 434 ὅπου
1130 369 1197 453 γάρ

179 478 356 564 άτιμητους
387 477 500 562 φεύγω
534 476 628 552 δίκας
660 476 745 542 διότι
778 476 815 542 τὸ
845 474 882 541 έκ
913 483 970 559 τῆς
1001 475 1083 542 ὁδοῦ
1115 473 1198 560 ῥέον
1259 461 1271 494 ⁸

179 584 271 669 ὕδωρ
295 585 342 660 είς
364 584 402 648 τὸ
424 583 545 648 τούτου
567 583 690 668 χωρίον
714 578 860 665 διέπεσε,
882 583 917 646 τί
936 585 1090 666 πείσομαι
1111 583 1198 666 πρὸς

179 690 265 766 Διὸς
295 687 361 755 ὑπὸ
393 698 460 753 τῶν
493 687 529 753 ἐκ
559 695 620 753 τοῦ
655 689 780 772 χωρίου
815 685 948 770 τούμοῦ,
978 696 1038 754 τοῦ
1073 686 1198 762 ύδατος

180 796 390 871 εἰσπεσόντος
411 791 665 878 βλαπτομένων;
689 791 774 858 ὅπου
798 787 835 858 δέ
858 788 931 877 μήτ’
959 794 1006 871 είς
1028 793 1089 877 την
1112 792 1196 858 ὁδὸν

180 897 254 986 μήτ’
281 902 329 978 είς
349 885 390 966 τδ
413 896 508 986 χωρί’
532 896 668 982 ἀφιέναι
694 921 751 982 μοι
774 900 812 964 τὸ
835 897 928 985 ὕδωρ
953 895 1078 976 ἐξέσται
1101 895 1195 976 δεξα·

179 1005 286 1097 μένφ,
318 1010 355 1074 τί
379 1008 497 1073 λοιπὸν
524 1000 551 1071 ὦ
579 1005 699 1090 ἄνδρες
731 1003 884 1070 δικασταὶ
913 1006 996 1090 πρὸς
1022 1010 1128 1082 θεωνς
1152 1003 1195 1070 οὐ

180 1113 243 1200 γάρ
271 1112 397 1178 ἐκπιεῖν
423 1135 461 1196 γε
488 1112 597 1195 δήπου
625 1133 664 1195 με
688 1111 875 1194 Καλλικλῆς
902 1108 984 1177 αύτδ
1001 1126 1194 1195 προσαναγ-

142 1237 167 1278 1⁰
180 1219 281 1286 κάσει.
325 1231 417 1286 ταῦτα
442 1223 545 1284 τοίνυν
571 1218 628 1302 ἐγὼ
655 1219 776 1301 πάσχων
802 1217 862 1282 ύπδ
888 1219 1002 1282 τούτων
1027 1218 1079 1282 καί
1103 1212 1191 1282 πόλλ’

179 1327 261 1411 ἕτερα
281 1328 332 1392 καλ
354 1323 452 1408 δεινά,
474 1326 515 1408 μη
539 1325 583 1389 ὅτι
606 1327 693 1406 δίκην
716 1327 837 1407 λαβεῖν,
854 1324 926 1389 άλλδι
949 1325 989 1406 μὴ
1012 1330 1193 1408 προσοφλεῖν

179 1427 361 1516 άχωιήσαιμ’
395 1431 442 1495 άν.
496 1430 528 1494 εί
557 1423 618 1511 μὶν
649 1427 714 1513 γάρ
749 1422 793 1511 ἦν
825 1423 851 1494 ὦ
884 1428 1005 1515 ἄνδρες
1041 1427 1193 1495 δικασταὶ
1204 1447 1271 1497 1277
1316 1473 1317 1534 χ

179 1536 328 1623 χαράδρα
349 1534 450 1600 πάλιν
473 1531 712 1618 ὑποδεχομένη,
734 1531 805 1620 τάχ’
832 1533 875 1600 δν
897 1533 1036 1618 ἠδίκουν
1059 1533 1124 1619 ἐγὼ
1147 1536 1192 1620 μη

181 1643 376 1727 δεχόμενος,
404 1639 514 1725 ὥσπερ
545 1635 598 1703 ἀν’
626 1636 709 1723 ἕτερ’
742 1639 822 1705 άττα
851 1650 919 1706 τῶν
946 1641 1077 1725 χωρίων
1107 1639 1193 1707 είσὶν

181 1745 443 1831 ὁμολογούμεναι
474 1744 650 1831 χαράδραι·
687 1743 743 1810 καὶ
778 1745 912 1823 ταύταις
947 1743 1100 1832 δέχονται
1131 1743 1192 1832 μὲν
1318 1755 1319 1828 λ

181 1852 217 1917 οῖ
240 1861 378 1937 πρῶτοι,
404 1850 555 1934 καθάπερ
583 1852 662 1926 τοὺς
690 1849 727 1916 ἐκ
754 1861 821 1916 τῶν
845 1853 960 1918 οίκιῖιν
983 1851 1192 1939 χειμάρρους,

180 1957 269 2043 παρὰ
299 1956 427 2022 τούτων
458 1951 489 2021 δ’
526 1953 631 2042 ἕτεροι
667 1957 988 2043 παραλαμβάνουσιν
1022 1957 1193 2035 ὡσαύτως·
1319 1948 1320 1968 ’

180 2065 282 2150 ταύτῃ
315 2060 345 2128 δ’
378 2063 454 2130 ούτε
489 2062 720 2148 παραδίδωσιν
752 2060 864 2138 οὐδεὶς
893 2063 971 2129 οὔτε
1003 2060 1079 2148 παρ’
1111 2063 1194 2149 ἐμοῦ

143 2187 168 2229 ²0
181 2168 439 2257 παραλαμβάνει.
481 2177 550 2244 πῶς
579 2165 621 2233 δν
651 2162 714 2234 οὖν
747 2172 798 2252 είη
831 2177 930 2235 τούτο
963 2170 1125 2256 χαράδρας
1155 2173 1194 2236 τὸ

183 2273 215 2342 δ’
248 2277 403 2342 εἰσπεσὸν
438 2273 530 2360 ὕδωρ
566 2275 691 2357 Ιἔβλαψε
727 2269 788 2358 μὲν
820 2267 911 2357 οἶμαι
942 2275 1101 2353 πολλάκις
1128 2277 1192 2361 ἤδη

181 2385 325 2459 πολλοὺς
341 2383 387 2467 μὴ
410 2377 672 2466 φυλαξαμένους,
695 2381 817 2464 ἔβλαψε
839 2376 878 2445 δὲ
900 2377 956 2446 καὶ
976 2390 1042 2446 νῦν
1064 2391 1193 2449 τοῦτον.

183 2487 279 2555 δκαλ
300 2488 434 2555 πάντων
461 2484 530 2552 ἐστὶ
557 2487 765 2570 δεινότατον,
793 2487 824 2552 εί
845 2489 1032 2572 Καλλικλῆς
1058 2483 1119 2570 μὲν
1145 2490 1194 2566 είς

182 2595 220 2661 τδ
242 2597 365 2680 χωρίον
388 2594 598 2669 εἰσπεσόντος
623 2601 683 2658 τοῦ
709 2591 831 2670 ύδατος
859 2591 1052 2678 ἁμαξιαίους
1074 2596 1194 2670 λίθους

182 2702 405 2785 προσκομίσας
436 2697 665 2783 ἀποικοδομεῖ,
696 2707 756 2764 τοῦ
789 2694 826 2764 δὲ
856 2699 989 2786 πατρὸς,
1020 2698 1072 2765 ὅτι
1093 2710 1192 2766 τοῦτο

182 2807 349 2881 παθόντος
379 2813 440 2871 τοῦ
470 2807 594 2891 χωρίου
624 2805 931 2894 περιῳκοδόμησεν,
962 2805 1007 2883 ὡς
1037 2803 1192 2872 ἀδικοῦν-

182 2933 238 2987 τος
265 2907 338 2994 ἐμοὶ
364 2909 490 2994 βλάβης
515 2914 625 2996 εῖληχε
654 2907 759 2996 δίκην.
800 2914 907 2977 καίτοι
928 2913 961 2977 εί
987 2911 1060 2977 ὅσοι
1087 2913 1193 2990 κακῶς

183 3017 391 3081 πεπόνθασιν
408 3014 474 3082 ὑπὸ
495 3025 562 3083 τῶν
579 3016 712 3082 ὑδάτων
734 3029 801 3084 τῶν
824 3019 926 3106 ταύτη
949 3018 1095 3104 ῥεόντων
1118 3016 1193 3102 ἐμοὶ

184 3120 338 3206 ληξονται
365 3122 474 3205 δίκας,
501 3116 582 3188 οὐδὲ
609 3123 839 3189 πολλαπλάσια
865 3126 1028 3208 γενόμενα
1053 3123 1095 3189 τὰ
1117 3123 1189 3191 ὄντ’

145 3246 171 3286 ει
186 3224 388 3314 ἐξαρκέσειεν
410 3228 453 3294 άν
477 3251 543 3312 μοι.
589 3238 749 3296 τοσοῦτον
767 3232 882 3295 τοίνυν
901 3227 1118 3316 διαφέρουσιν
1136 3226 1193 3297 οὗ·

184 3356 236 3400 τοι
253 3343 320 3399 τῶν
339 3334 461 3418 ἄλλων,
484 3335 567 3400 ὥστε
585 3337 789 3412 πεπονθότες
810 3330 871 3420 μὲν
889 3332 1002 3420 οὐδὲν,
1019 3337 1065 3414 ὡς
1081 3333 1188 3424 αὐτίχ’

184 3437 265 3523 ὑμῖν
289 3437 352 3523 ἐγὼ
375 3450 488 3523 σαφῶς
511 3438 680 3524 ἐπιδείξω,
707 3445 839 3508 πολλῶν
867 3436 905 3506 δὲ
930 3442 1037 3507 πολλὰ
1058 3441 1114 3508 καὶ
1136 3465 1191 3526 με-

185 3544 270 3624 γάλα
305 3543 561 3632 βεβλαμμένων,
596 3548 694 3630 μόνοι
730 3546 921 3627 δικάζεσθαι
956 3550 1192 3634 τετολμήκασιν
