2654 3926
476 165 575 215 ΠΡΟΣ
594 165 776 218 ΛΕΩιΧΑΡΗ.
1088 161 1131 224 63

107 324 276 405 φαίνεται
299 322 360 388 οὐκ
383 323 587 407 εἰσποιηθεὶς
613 325 679 390 ὑπὸ
707 333 768 391 τοῦ
790 325 1056 408 τετελευτηκότος
1078 320 1137 388 αὖ·

108 437 180 493 τοῦ
187 477 198 511 ,
228 429 311 494 ὥστε
338 439 406 506 πῶς
433 431 481 496 ἐτι
509 449 563 497 σοι
590 433 688 517 κύρια
717 427 808 496 ταῦτ’
836 430 878 496 δν
901 436 951 515 είη
975 429 1055 495 κατδι
1077 429 1138 494 τὸν

110 537 268 618 θεσμόνς
297 533 348 598 δτι
369 536 412 618 νή
442 533 502 601 Δί’
530 535 747 622 ἐγγέγραπται
772 534 928 622 Ἀρχιάδῃ
953 537 1035 612 υίός.
1072 533 1137 598 ὑπό

111 662 158 722 γε
186 640 315 706 τούτων
342 642 457 726 πρώην
484 641 716 726 βιασαμένων,
748 643 812 726 ήδη
840 649 898 724 τής
923 651 983 708 τοῦ
1013 643 1139 726 κλήρου

115 747 333 822 διαδικασίας
358 745 581 831 ἐνεστηκυίας·
610 747 652 812 οὐ
675 748 717 830 δή
748 748 878 812 δίκαιον
901 746 938 811 έν
960 749 1137 832 τεκμηρίου

17 873 18 878 ’
69 867 99 907 ⁵1
116 850 216 937 μέρει
234 858 404 917 ποιεῖσθαι
423 851 595 938 τάδίκημα.
631 851 768 937 καὶγὰρ
787 852 894 918 ἐκεῖνο
916 863 985 930 πῶς
1007 852 1048 918 οὐ
1071 853 1137 917 δει-

114 960 184 1027 νόν
209 956 298 1022 ἐστιν
322 953 347 1022 ὦ
371 959 491 1043 ἄνδρες
513 959 683 1041 δικασταί,
713 956 765 1022 ἐπὶ
788 954 849 1042 μὲν
871 968 931 1024 τοῦ
955 961 1056 1041 λόγου
1079 957 1138 1022 αὐ-

115 1064 197 1128 τίκα
220 1063 308 1146 μάλα
326 1066 447 1148 φήσειν
466 1065 592 1148 ποητὸν
616 1059 714 1146 εἶναι,
738 1063 774 1129 ἐν
798 1059 835 1129 δέ
856 1071 895 1148 τῇ
920 1064 1138 1150 διαμαρτυρίᾳ

116 1179 221 1234 τοῦτο
240 1170 285 1252 μή
304 1173 466 1252 τολμήσαι
485 1169 621 1254 γράψαι,
644 1167 728 1234 άλλδι
746 1169 786 1232 τά
804 1164 865 1252 μὲν
884 1167 921 1233 έν
943 1169 1044 1254 ταύτῃ
1067 1169 1138 1233 δια-

120 1271 399 1359 μεμαρτυρημένα
430 1269 517 1340 εἷναι
546 1275 591 1351 ώς
616 1271 700 1358 ὑπὲρ
729 1275 806 1340 υίοῦ
834 1278 924 1363 γόνῳ
954 1276 1139 1358 γεγονότος,

119 1381 163 1445 τά
191 1377 222 1445 δ’
249 1379 367 1445 αὐτίκα
395 1380 483 1464 μάλα
512 1381 728 1466 ῥηθησόμενα
757 1381 801 1456 ὡς
828 1383 1017 1464 εἰσποητοῦ;
1048 1382 1080 1444 εί
1101 1375 1139 1444 δδ

120 1487 185 1569 τήν
214 1484 396 1569 ἀπολογίαν
426 1486 581 1553 ἐναντίαν
613 1495 653 1573 τή
684 1488 904 1574 διαμαρτυρία
932 1489 1139 1570 ποιήσονται,

120 1603 193 1668 πῶς
225 1591 286 1658 οὐκ
317 1592 338 1676 ή
369 1595 429 1659 τὸν
462 1597 567 1678 λόγον
597 1593 722 1678 ἀνάγκη
753 1592 774 1676 ή
806 1595 867 1678 τήν
899 1594 1138 1678 διαμαρτυρίαν

121 1700 230 1780 ψευδή
254 1694 353 1776 εἷναι;
382 1699 515 1775 εἰκότως
544 1695 575 1764 δ’
605 1699 647 1764 οὐ
673 1695 908 1783 προσέγραψαν
934 1698 995 1781 τήν
1017 1700 1138 1782 πόησιν

123 1812 163 1889 τήγ
187 1805 415 1892 διαμαρτυρία.
462 1806 530 1870 ἔδει
556 1805 620 1890 γάρ
651 1803 813 1890 ἐγγράψαι
836 1803 956 1881 αὐτοὺς
979 1803 1139 1886 (είσποιη-
1150 1814 1217 1865 1096

126 1909 272 1995 σαμένου
293 1921 354 1976 τοῦ
378 1909 519 1985 δεῖνος’·
543 1906 611 1976 ὁδ’
635 1909 695 1974 οὐκ
714 1911 952 1994 εἰσεποιήσατο,
970 1906 1041 1973 ἀλλ’
1065 1905 1081 1972 έ
1124 1945 1139 1958 -

126 2018 204 2092 τοὺς
222 2017 448 2090 εἰσποιοῦντες
466 2014 708 2100 ἀποστεροῦσιν
732 2013 816 2099 ἡμᾶς
834 2023 890 2097 τής
912 2017 1141 2098 κληρονομίας.

83 2141 110 2180 τε
125 2125 163 2187 τὸ
196 2120 276 2204 μετδι
308 2130 409 2184 ταῦτα
443 2123 559 2185 τοίνυν
592 2131 662 2195 πῶς
694 2119 756 2185 οὐκ
787 2119 911 2184 άτοπον
942 2116 996 2183 καὶ
1029 2119 1141 2184 δεινόν

127 2228 241 2306 ἐστιν,
270 2225 336 2308 άμα
366 2223 734 2307 παρακαταβεβληκέναι
761 2234 822 2291 τοῦ
844 2224 969 2308 κλήρου
991 2224 1074 2308 πρὸς
1095 2232 1141 2310 τῷ

126 2335 265 2416 ἄρχοντι
296 2328 342 2404 ώς
375 2329 455 2393 όντα
483 2327 586 2394 αὐτὸν
614 2325 791 2413 Ἀρχιάδου
821 2329 1039 2412 Λεώστρατον
1067 2351 1142 2394 του-

127 2438 212 2519 τονί,
235 2435 294 2500 τὸν
313 2430 520 2500 Ἐλευσίνιον
543 2444 604 2500 τοῦ
625 2429 821 2520 Ὀτρυνέας,
845 2433 1142 2520 διαμεμαρτυρηκέ-

127 2566 183 2609 ναι
210 2537 241 2607 δ’
268 2540 397 2625 ἕτερον,
421 2540 465 2617 ώς
495 2537 591 2606 αὐτοὶ
615 2541 728 2626 δρᾶτε,
756 2540 925 2624 φάσκοντα
946 2536 1002 2605 καὶ
1023 2550 1142 2610 τοῦτον

126 2645 302 2733 Ἀρχιάδου
330 2648 408 2712 υίδν
430 2641 531 2724 εἶναι;
560 2644 615 2712 καὶ
638 2645 765 2735 ποτέρῳ
790 2647 843 2712 δεί
862 2644 1036 2732 προσέχειν
1057 2645 1143 2732 ὑμᾶς

90 2772 117 2813 τι
131 2755 173 2830 ὡς
190 2752 300 2838 άληδή
320 2750 464 2836 λέγοντα
489 2751 570 2818 αὐτὸ
591 2753 655 2839 γάρ
674 2762 773 2818 τοῦτο
792 2755 967 2839 τεκμήριον
986 2751 1047 2819 οὐκ
1070 2752 1142 2818 ἐλά-

131 2861 241 2944 χιστόν
264 2858 333 2925 ἐστι
360 2868 422 2924 τοῦ
445 2859 551 2942 ψευδῆ
578 2860 640 2943 τήν
670 2860 908 2946 διαμαρτυρίαν
931 2865 1143 2944 γεγενήσδαι,

130 2967 165 3030 τὸ
194 2963 269 3050 περὶ
298 2973 358 3030 τοῦ
390 2963 494 3030 αὐτοῦ
526 2963 717 3049 πράγματος
749 2965 793 3050 μή
825 2967 884 3032 τὸν
912 2964 1014 3030 αὐτὸν
1043 2964 1143 3048 άμφι-

132 3073 270 3154 σβητεῑν.
306 3071 455 3146 εἰκότας·
488 3069 541 3134 διε
571 3071 634 3155 γδρ
668 3066 760 3154 οἶμαι
788 3072 1002 3156 Λεώστρατος
1029 3065 1143 3136 οὑτοσὶΙ

131 3174 391 3261 παρακατέβαλλε
422 3184 483 3241 τοῦ
509 3178 636 3261 κλήρου
665 3178 748 3262 πρὸς
773 3176 875 3260 ἡμᾶς,
906 3176 998 3241 οώπιο
1025 3175 1044 3241 δ
1072 3176 1141 3240 διαι

132 3282 383 3368 μεμαρτυρηκώς
411 3291 477 3347 νῦν
514 3280 733 3367 ἐνεγέγραπτο
765 3281 835 3362 [ώς]
873 3282 1016 3364 δημότης
1046 3274 1142 3345 εἶναι.

133 3387 210 3452 ώστε
224 3387 358 3452 πάντων
381 3385 423 3453 δν
442 3387 614 3452 δεινότατα
628 3388 806 3471 πάθοιμεν,
818 3387 849 3450 εί
865 3394 903 3471 τή
917 3385 1058 3469 ὕστερον
1075 3395 1142 3450 τῶν

131 3493 327 3577 πραγμάτων
349 3489 551 3578 γεγενημένη
570 3493 793 3579 διαμαρτυρία
808 3491 1014 3555 πιστεύσαιτε
1037 3490 1140 3572 ὑμεῖς.
