2658 3914
211 189 275 256 116
490 192 601 244 Χικιι.
629 187 935 260 [ΔΗΜοεοευουΣ]

618 350 800 402 ΨΗΦΙΣΜΔ.

168 476 195 518 τι
275 456 512 533 Καταπλεόσας
539 459 656 522 τοίνυν
685 452 712 521 ὦ
741 458 861 542 ἄνδρες
890 458 1059 539 δικασταί,
1090 454 1135 531 ὡς
1164 452 1221 520 οὑ·

209 558 282 626 δενλ
303 563 425 644 ἤθελεν
447 559 631 647 ἐπιτρέπειν
655 561 673 628 6
697 565 872 647 Θεόφημος
897 559 974 648 περὶ
995 571 1062 627 τῶν
1083 565 1221 643 πληγῶν
1232 582 1291 632 1153

208 659 257 732 ὧν
289 663 355 732 τότ’
394 669 515 750 ἔλαβον
547 665 604 732 ὑπ’
638 667 761 753 αὑτοῦ,
792 667 1085 752 προσεκαλεσάμην
1118 663 1222 730 αὑτὸν

208 770 264 838 καί
286 775 405 858 ἔλαχον
428 773 516 862 αὐτῷ
546 774 643 858 δίκην
670 782 728 859 τῆς
754 775 887 850 αἰκείας.
924 770 1222 858 άντιπροσκαλεσα-
1260 809 1263 818 ·

208 875 312 962 μένου
343 875 381 944 δὲ
409 877 564 945 κάκείνου
596 877 669 963 έμέ,
700 876 756 945 καὶ
788 867 965 962 διαιτητῶν
993 876 1137 963 ἐχόντων
1164 875 1225 952 τὰς

209 983 314 1068 δίκας,
336 984 448 1069 ἐπειδὴ
471 983 492 1067 ἡ
516 983 681 1070 ἀπόφασις
702 979 746 1067 ἦν
768 993 826 1068 τῆς
848 985 991 1068 διαίτης,
1015 982 1034 1049 6
1056 977 1118 1066 μὲν
1141 983 1224 1046 Θεό-

208 1112 318 1173 φημος
338 1089 566 1175 παρεγράφετο
592 1087 649 1156 καὶ
674 1090 871 1174 ὑπώμνυτο,
898 1087 963 1172 ἐγὼ
991 1083 1029 1153 δὲ
1055 1087 1223 1153 πιστεῦον

168 1221 195 1260 ιε
209 1194 337 1285 ἐμαυτῷ
356 1193 461 1283 μηδὲν
479 1194 607 1262 ἀδικεῖν
626 1192 752 1282 είσῄειν
774 1197 823 1273 είς
843 1195 938 1279 ὑμᾶς.
974 1195 1225 1279 παρασχόμενος
1306 1233 1307 1284 η

209 1297 247 1366 66
265 1301 390 1380 ἐκεῖνος
407 1303 531 1386 ταύτην
548 1301 609 1385 τὴν
628 1304 826 1386 μαρτυρίαν,
847 1300 891 1385 ἣν
909 1301 1010 1376 ἄλλος
1027 1294 1089 1384 μὲν
1112 1295 1225 1374 οὐδεὶς

208 1408 467 1493 μεμαρτύρηκεν,
490 1406 508 1473 6
527 1403 558 1470 δ’
581 1403 726 1490 ἀδελφὸς
743 1404 799 1471 καὶ
817 1405 836 1472 6
854 1407 1026 1490 κηδεστής,
1048 1405 1093 1481 ὡς
1110 1402 1224 1470 ἐθέλοι

208 1513 269 1596 τὴν
292 1513 475 1596 ἄνθρωπον
496 1512 722 1597 παραδοῦναι,
749 1509 805 1577 καὶ
831 1512 1118 1598 προσποιούμενος
1144 1511 1225 1574 άκα-

209 1639 267 1693 κος
289 1612 386 1700 εἶναι,
414 1615 594 1702 ἐξηπάτησε
621 1619 699 1694 τοῦς
727 1617 890 1694 δικαστάς.
931 1615 1048 1701 δέομαι
1070 1612 1101 1681 δ’
1127 1615 1225 1700 ὑμῶν
1308 1677 1309 1680 ,

208 1719 287 1787 νυνὶ
310 1723 441 1788 δικαίαν
464 1719 591 1806 δέησιν,
613 1723 680 1806 ἅμα
704 1719 765 1807 μὲν
785 1723 917 1788 δικάσαι
934 1719 1010 1809 περὶ
1027 1729 1085 1805 τῆς
1101 1744 1226 1807 μαρτυ-
1309 1729 1310 1796 λ

210 1831 293 1912 ρίας,
316 1830 438 1914 πότερα
454 1830 581 1912 ψευδής
603 1827 696 1895 ἐστιν
713 1828 734 1913 ἣ
752 1827 892 1914 ἀληθής,
915 1830 982 1914 ἅμα
1005 1824 1043 1894 δὲ
1064 1824 1140 1913 περὶ
1162 1837 1226 1894 τοῦ

170 1961 196 2001 ιτ
209 1933 398 2020 πράγματος
425 1933 458 2014 ἐξ
488 1934 590 2020 ἀρχῆς
618 1933 814 2014 σκέψασθαι.
857 1935 921 2019 ἐγὼ
943 1931 1005 2020 μὲν
1026 1937 1153 2019 τοίνυν,
1176 1935 1227 2012 είς
1310 1951 1311 1980 ¹

210 2035 351 2117 δοὺτος
372 2039 535 2126 κατέφυγε
558 2044 632 2107 τότε
656 2042 784 2126 δίκαια,
811 2040 848 2108 ἐκ
875 2041 1004 2108 τούτων
1032 2036 1124 2126 οἶμαι
1150 2041 1224 2106 δεῖν

209 2147 269 2212 τὸν
291 2149 427 2234 ἔλεγχον
447 2145 623 2233 γενέσθαι,
651 2147 687 2214 έκ
714 2157 772 2231 της
799 2145 983 2234 ἀνθρώπου
1010 2144 1224 2232 βασανιζομέ-

208 2276 287 2337 νης,
316 2253 473 2339 ὑπότερος
501 2248 579 2340 ἦρξε
608 2264 730 2339 χειρῶν
757 2252 898 2321 ἀδίκων·
924 2263 1024 2320 τοῦτο
1045 2253 1110 2338 γάρ
1132 2251 1224 2318 ἐστιν

209 2357 230 2440 ἡ
258 2364 373 2424 αἴκεια.
418 2357 474 2426 καλ
503 2362 582 2436 τοὺς
608 2359 776 2445 μάρτυρας
806 2360 861 2424 διδ
892 2368 991 2427 τοῦτο
1020 2360 1130 2426 διώκω
1155 2369 1225 2424 τῶν

209 2465 517 2550 ψευδομαρτυριῶν,
535 2465 586 2532 ὅτι
604 2465 835 2552 ἐμαρτύρησαν
854 2464 984 2532 ἐθέλειν
1001 2466 1225 2551 παραδιδόναι

209 2571 268 2636 τὸν
288 2574 467 2656 Θεόφημον
483 2573 545 2656 τὴν
564 2573 759 2657 ἄνθρωπον,
782 2572 934 2656 οὐδαμοῦ
951 2573 989 2638 τὸ
1008 2581 1102 2656 σῶμα
1119 2592 1226 2656 παρα-

211 2677 363 2754 διδόντος
394 2678 470 2743 οὔτε
501 2681 575 2744 τότε
606 2680 689 2764 πρὸς
719 2686 764 2765 τῷ
792 2679 940 2764 διαιτητῇ
969 2678 1044 2744 οῦτε
1070 2677 1225 2763 ὕστερον,

170 2807 196 2846 ιε
210 2783 367 2860 πολλάκις
395 2782 476 2868 ἐμοῦ
503 2783 742 2870 ἐξαιτήσαντος.
785 2784 906 2866 διπλῆν
933 2779 997 2850 οὑν
1024 2783 1146 2860 αὐτοὺς
1171 2784 1228 2848 δεῖ

211 2890 308 2975 δίκην
332 2891 467 2974 δοῦναι,
494 2889 546 2956 ὅτι
571 2913 606 2956 τε
634 2887 839 2974 ἐξηπάτησαν
865 2890 944 2966 τοὺς
967 2888 1122 2966 δικαστάς
1142 2897 1224 2965 ψευ-

211 2996 279 3072 δεῖς
305 2998 486 3082 μαρτυρίας
511 2999 773 3081 παρασχόμενοι,
800 2995 963 3078 κηδεστοῦ
985 2991 1040 3060 καὶ
1062 2993 1224 3079 ἀδελφοῦ,

209 3099 265 3168 καὶ
288 3101 339 3167 ὅτι
361 3098 418 3186 ἐμὲ
439 3103 614 3186 ἠδίκησαν,
637 3106 886 3187 λῃτουργοῦντα
908 3096 969 3186 μὲν
991 3100 1073 3185 ὑμῖν
1093 3101 1224 3185 προθύ-

211 3231 291 3292 μως,
312 3216 473 3274 ποιοῦντα
502 3203 540 3272 δέ
565 3207 606 3271 τά
627 3208 910 3297 προσταττόμενα,
936 3205 1164 3292 ὑπηρετοῦντα
1186 3201 1224 3271 δὲ

211 3325 280 3389 τοῖς
301 3317 417 3396 νόμοις
438 3310 494 3379 καὶ
516 3324 585 3388 τοῖς
606 3315 796 3398 ψηφίσμασι
815 3323 885 3390 τοῖς
906 3310 1085 3397 ὑμετέροις.
1121 3313 1167 3388 ὡς
1188 3308 1220 3377 δ’

212 3419 273 3484 οὑκ
306 3417 370 3501 ἐγὼ
402 3421 503 3502 μόνος
534 3416 723 3504 παρέλαβον
758 3417 848 3503 παρά
883 3427 940 3502 τῆς
971 3416 1073 3504 ἀρχῆς
1102 3425 1225 3482 τοῦτον

212 3523 451 3608 εἰσπράξασθαι
487 3524 587 3607 σκεύη
624 3523 800 3609 ὀφείλοντα
836 3531 875 3610 τῇ
907 3526 1018 3604 πόλει,
1053 3521 1137 3588 άλλά
1168 3521 1298 3595 καίτοι
