2650 3918
491 216 588 267 ΚΑΤΑ
604 216 767 268 ΝΕΑΙΡΑΣ.
1069 210 1135 276 305

119 369 180 438 καί
204 368 248 439 δι’
270 372 313 458 ῆν
336 375 456 458 αίτίαν,
479 373 543 458 ἐγὼ
565 373 647 460 ὑμῖν
669 372 724 440 καὶ
746 371 822 462 περί
844 374 964 444 τούτου
987 371 1136 456 διέξειμι,

122 477 261 545 ἐπειδᾶν
280 478 357 564 περὶ
378 479 516 566 ταυτησὶ
538 484 685 567 Νεαίρας
708 479 875 564 ἐπιδείξω,
902 479 947 558 όις
968 481 1037 546 ἐστι
1059 475 1135 562 ξένη

122 581 180 648 καὶ
202 583 247 661 ὡς
269 585 394 668 μεγάλα
415 584 501 669 ὑμᾶς
518 585 653 669 ῆδίκηκε
672 581 728 650 καὶ
745 585 791 663 ὡς
807 583 967 670 ἠσέβηκεν
989 587 1037 662 είς
1058 584 1137 660 τοὺς

63 713 105 752 44
123 690 239 774 θεούς,
261 687 436 773 ἵν”είδῆτε
460 690 510 760 ὅτι
532 688 588 756 καί
609 689 709 767 αὐτὸς
731 686 829 768 οὗτος
850 690 940 768 ἄξιός
962 689 1051 764 ἐστιν
1075 689 1136 756 οὐκ

122 794 247 862 ἐλάττω
278 797 397 863 δοῦναι
427 798 524 880 δίκην
546 796 568 881 ῆ
590 794 645 862 καὶ
667 794 798 882 Νέαιρα
826 796 940 881 αὑτηί,
969 794 1054 861 ἀλλὰ
1081 793 1137 862 καλ

122 906 237 990 πολλςό
256 904 353 986 μείζω
371 901 427 970 καὶ
445 907 585 987 μᾶλλον,
608 902 676 992 ὅσφ
690 899 869 987 Ἀθηναῖος
890 903 1028 988 φάσκων
1050 895 1136 968 εἶναι

122 1007 212 1072 οὕτω
238 1009 325 1074 πολὺ
352 1018 419 1073 τῶν
446 1011 560 1092 νόμων
587 1010 856 1094 καταπεφρόνηκε
884 1005 938 1073 καί
964 1007 1059 1090 ὑμῶν
1080 1005 1136 1072 καί

122 1124 191 1178 τῶν
220 1119 330 1196 θεῶν,
360 1109 437 1178 ὥστ’
465 1109 537 1178 οὐδ’
569 1110 652 1199 ὑπὲρ
682 1123 749 1178 τῶν
778 1111 1018 1200 ἡμαρτημένων
1047 1111 1135 1198 αὑτῷ

123 1220 364 1304 αἰσχυνόμενος
385 1224 492 1306 τολμᾷ
512 1218 655 1305 ἡσυχίαν
678 1220 789 1302 άγειν,
812 1216 895 1283 ἀλλὰ
918 1226 1137 1302 συκοφαντῶν

123 1325 247 1402 ἄλλους
268 1346 304 1389 τε
326 1320 381 1389 καλ
404 1322 464 1408 ἐμέ
467 1372 477 1408 ,
504 1322 639 1391 τουτονὶ
659 1326 837 1407 πεποίηκεν
859 1322 962 1388 αὐτὸν
984 1318 1039 1388 καί
1059 1323 1137 1386 ταύ-

110 1453 185 1524 την
208 1431 255 1507 είς
276 1433 473 1513 τηλικοῦτον
494 1426 608 1512 ἀγῶνα
625 1437 834 1513 καταστῆσαι,
857 1427 940 1494 ὥστε
963 1424 1135 1510 ἐξετασθῆ-
1148 1445 1218 1496 1360

123 1558 180 1601 ναι
198 1531 259 1620 μέν
277 1538 402 1621 ταύτην
419 1536 491 1621 ῆτις
510 1535 611 1620 ἐστίν,
634 1535 867 1622 ἐξελεγχθῆναι
890 1528 928 1600 δὲ
949 1534 1011 1618 τῆν
1033 1533 1137 1599 αὐτοῦ

125 1645 300 1727 πονηρίαν.
841 1641 842 1646 ’

78 1772 109 1814 ιε
191 1751 362 1835 Λαχόντος
383 1752 500 1816 τοίνυν
526 1748 615 1838 αὐτῷ
643 1758 705 1815 τοῦ
729 1750 925 1834 Φρυνίωνος
947 1748 1059 1831 δίκην,
1086 1745 1137 1811 ὅτι

113 1853 230 1947 ,αὐτοῦ
255 1853 408 1940 ἀφείλετο
434 1854 586 1943 Νέαιραν
612 1854 749 1940 ταυτηνί
776 1857 823 1932 είς
845 1854 1056 1939 ἐλευθερίαν,
1081 1848 1138 1918 καὶ

125 1959 194 2043 ὅτι,
216 1958 238 2025 δ
260 1959 400 2044 ἐξῆλθεν
431 1963 552 2048 ἔχουσα
580 1958 657 2048 παρ’
691 1961 794 2028 αὐτοῦ
817 1961 917 2045 αὕτη,
946 1956 1137 2042 ὑπεδέξατο,

120 2057 274 2149 συνῆγον
295 2067 416 2142 αὐτοὺς
434 2067 470 2132 ολ
490 2065 668 2151 ἐπιτήδειοι
689 2065 745 2134 καὶ
764 2069 898 2132 ἔπεισαν
917 2066 1046 2131 δίαιταν
1068 2062 1136 2129 ἐπι·

124 2168 243 2256 τρέψαι
262 2170 386 2248 αὑτοῖς.
426 2169 482 2236 καὶ
503 2167 588 2257 ὑπὲρ
616 2169 677 2258 μέν
703 2183 764 2240 τοῦ
788 2175 985 2259 Φρυνίωνος
1012 2171 1137 2254 διαιτη-

112 2267 184 2358 ’τὴς
207 2273 377 2353 ἐκαθέζετο
400 2276 552 2363 Σάτυρος
575 2273 806 2363 Ἀλωπεκῆθεν
828 2278 846 2345 ὁ
869 2277 1136 2360 Λακεδαιμονίου

115 2381 288 2465 ἀδελφός,
316 2375 400 2466 ὑπὲρ
431 2377 468 2448 δέ
498 2383 674 2468 Στεφάνου
703 2381 839 2450 τουτουὶ
867 2385 1016 2469 Σαυρίας
1043 2383 1136 2466 Λαμ-

123 2487 258 2573 πτρεύς·
294 2487 410 2553 κοινὸν
442 2483 480 2553 δὲ
511 2487 623 2566 αὐτοῖς
653 2498 913 2576 προσαιροῦνται
939 2491 1137 2571 Διογείτονα

83 2589 289 2681 ω’Λχαρνέα.
326 2596 548 2672 συνελθόντες
565 2591 595 2661 δ’
619 2589 711 2662 οὗτοι
735 2595 771 2662 ἐν
792 2604 838 2683 τῷ
863 2595 953 2683 ίεργλ,
974 2592 1136 2661 ἀκούσαν-

124 2723 177 2778 τες
190 2695 387 2787 ἀμφοτέρων
404 2697 460 2767 καὶ
478 2701 578 2785 αὐτῆς
595 2710 651 2785 τῆς
665 2701 847 2790 ἀνθρώπου
861 2701 901 2767 τὰ
914 2698 1136 2786 πεπραγμένα,

125 2807 262 2892 γνώμην
290 2804 520 2893 ἀπεφήναντο,
548 2805 605 2874 καί
633 2804 727 2875 οὗτοι
754 2806 925 2892 ἐνέμειναν
951 2807 1053 2894 αὐτῆ,
1075 2807 1136 2892 τῆν

125 2908 187 2996 μίν
201 2913 383 2995 ἄνθρωπον
402 2913 584 3002 ἐλευθέραν
602 2911 688 2982 εἶναι
705 2912 762 2981 καί
775 2915 879 3001 αὐτῆν
893 2914 993 2997 αὑτῆς
1005 2916 1136 2999 κυρίαν,

126 3018 147 3084 δ
170 3015 202 3084 δ’
228 3012 368 3102 ἐξῆλθεν
390 3021 512 3104 ἐχουσα
533 3017 664 3107 Νέαιρα
685 3020 773 3104 παρά
798 3022 1010 3102 Φρυνίωνος,
1036 3015 1136 3106 χωρὶς

127 3125 266 3209 ίματίων
287 3120 343 3189 καὶ
364 3129 510 3210 χρυσίων
532 3125 588 3193 καί
610 3133 841 3212 θεραπαινῶν,
868 3125 889 3192 δ
912 3125 994 3210 αάτῆ
1017 3131 1055 3210 τῆ
1079 3122 1136 3190 όν-

124 3231 251 3319 θρώπφ
264 3229 450 3315 ἠγοράσθη,
464 3231 651 3300 ἀποδοῦναι
666 3237 838 3320 Φρυνίωνι
850 3231 970 3298 πάντα·
985 3224 1135 3296 συνεῖναι

124 3333 157 3402 δ’
176 3331 321 3423 ἐκατέρῳ
338 3331 464 3419 ἡμέραν
481 3333 558 3424 παρ’
578 3335 718 3425 ἡμέραν·
737 3337 796 3404 ἐὰν
815 3333 853 3403 δὲ
869 3333 925 3403 καί
942 3336 1049 3413 ἄλλως
1065 3356 1136 3413 πως

124 3441 289 3524 ἀλλήλους
309 3439 464 3525 πείθωσι,
486 3450 588 3508 ταῦτα
609 3444 708 3528 κύρια
731 3438 829 3509 εἶναι·
852 3442 892 3508 τά
915 3437 946 3507 δ’
968 3441 1135 3526 ἐπιτήδεια

125 3557 168 3634 ἴδ’
187 3544 355 3633 ἀνθρώπῳ
373 3547 433 3612 τὸν
450 3549 568 3633 ἔχοντα
586 3546 638 3614 ἀεὶ
659 3546 826 3634 παρέχειν,
847 3544 903 3612 καὶ
925 3543 962 3610 ἐκ
983 3555 1043 3611 τοῦ
1065 3550 1134 3611 λοι-

179 3669 304 3710 nnom.
329 3665 382 3708 τοι
395 3661 438 3702 m
940 3653 976 3702 20
