2658 3922
436 169 535 221 ΠΡΟΣ
554 169 806 222 ΕΤΒΟΤΛΙΔΗΝ.
1063 166 1128 232 255

115 329 286 414 ἀκηκόατε.
329 327 362 407 ἐξ
393 323 441 394 ὧν
471 331 560 395 ἔστιν
593 329 674 413 ὑμῖν
711 327 860 414 είδέναι,
881 333 1024 416 πότερόν
1051 325 1125 395 ποτ’

115 435 216 512 ἀστὸς
238 435 259 520 ή
283 431 375 513 ξένος
401 430 445 519 ἦν
471 427 498 522 ᾧ
526 431 623 501 ταῦθ’
649 435 805 522 ὑπήρχεν.
852 434 992 520 καὶγὰρ
1015 429 1129 519 είμλν

116 545 164 619 είς
193 538 240 607 ἕν’
267 540 288 625 ή
319 536 374 606 δύ’
406 539 607 627 ἀνθρώπους
635 543 897 627 κατεφεύγομεν,
924 548 1057 628 είχομεν
1086 541 1129 606 ἀν

115 644 178 714 τιν’
199 648 348 727 ὑποψίαν
370 647 640 734 παρεσκευάσθαι
657 649 809 725 τούτους·
832 650 864 714 εί
886 644 917 714 δ’
940 647 976 714 ἐν
994 649 1129 731 ἀπασιν,

116 754 273 840 ὅσοισπερ
292 754 427 830 ἕκαστος
443 753 551 837 ὑμῶν,
574 752 790 838 ἐξητασμένος
813 757 965 841 φαίνεται
986 753 1042 820 καὶ
1065 757 1128 833 ζῶν
1140 771 1207 821 ισοο

116 860 136 927 ὁ
168 861 273 946 πατὴρ
302 857 358 925 καὶ
387 865 452 925 νῦν
481 858 565 943 ἐγώ,
599 858 683 942 λέγω
714 860 892 946 φράτερσι,
922 857 1128 944 συγγενέσιν,

116 967 284 1050 δημόταις,
306 969 492 1050 γεννήταις,
513 976 583 1042 πῶς
601 968 729 1032 ἔνεστιν
751 965 772 1050 ή
794 977 864 1043 πῶς
886 968 1031 1032 δυνατὸν
1053 966 1129 1031 τού·

114 1094 194 1148 τους
215 1072 362 1151 ἅπαντας
383 1073 428 1156 μή
451 1069 519 1155 μετ’
547 1070 706 1155 ἀληθείας
727 1071 936 1159 ὑπάρχοντας
956 1090 1129 1138 κατεσκευ-

72 1197 100 1237 ιτ
114 1177 233 1256 άσθαις
267 1180 299 1244 εί
326 1175 388 1263 μὲν
417 1181 533 1244 τοίνυν
562 1177 704 1265 εὔπορος
733 1179 781 1244 ὢν
804 1178 823 1245 ὑ
845 1179 951 1264 πατήρ
981 1181 1130 1264 χρήματα

115 1284 196 1360 δοὺς
218 1284 349 1360 τούτοις
371 1282 523 1369 ἐφαίνετο
546 1286 661 1361 πείσας
680 1293 851 1367 συγγενεῖς
868 1283 989 1362 αύτούς
1011 1281 1130 1349 ἑαυτοῦ

114 1390 255 1474 φάσκειν
279 1384 381 1473 εἶναι,
409 1391 511 1472 λόγον
534 1383 623 1474 εἶχεν
645 1389 794 1468 ὑποψίαν
817 1390 859 1454 άν
882 1387 945 1454 τιν’
972 1391 1059 1475 ἔχειν
1087 1388 1131 1465 ὡς

115 1495 177 1560 οὐκ
199 1489 242 1578 ήν
265 1493 378 1572 ἀστός·
406 1497 438 1560 εί
460 1491 501 1560 δὲ
523 1491 625 1578 πένης
652 1495 700 1560 ὢν
728 1495 795 1578 ἀμα
818 1506 989 1586 συγγενεῖς
1011 1517 1048 1560 τε
1070 1515 1130 1559 πα-

115 1603 240 1686 ρείχετο
272 1603 350 1677 τοὺς
382 1601 521 1684 αύτούς,
558 1598 613 1665 καλ
649 1601 886 1685 μεταδιδόντας
921 1611 990 1666 τῶν
1022 1601 1130 1668 όντων

115 1705 316 1791 ἐπεδείκνυε,
338 1717 407 1783 πῶς
426 1705 487 1772 οὐκ
505 1706 660 1791 εὔδηλον,
684 1705 735 1772 ότι
757 1716 797 1794 τῇ
822 1705 963 1794 ἀληθείη
985 1715 1129 1794 προσῆκε

114 1812 258 1892 τούτοις;
287 1811 328 1878 ού
355 1812 418 1898 γάρ
446 1810 489 1877 άν
518 1812 641 1897 δήπου,
668 1818 703 1878 εί
725 1835 763 1897 γε
791 1808 910 1896 μηδενὶ
932 1805 975 1898 ήν
998 1814 1130 1898 οἰκεῖος,

114 1914 250 2004 χρήματ’
278 1917 366 2005 αύτῷ
390 1916 626 2006 προστιθέντες
654 1913 747 1985 οὗτοι
775 1928 835 1984 τοῦ
861 1915 980 2002 γένους
1002 1920 1128 2004 μετεδί-

116 2024 229 2090 δοσαν.
272 2018 343 2089 ἀλλ’
370 2017 429 2107 ήν,
460 2023 504 2099 ὡς
532 2026 570 2088 τό
600 2020 629 2088 τ’
661 2026 760 2109 ἔργον
791 2022 935 2108 ἐδήλωσε
964 2020 1020 2088 καὶ
1048 2011 1129 2107 ὑμίν

115 2129 367 2214 μεμαρτύρηται.
418 2131 465 2192 ἔτι
500 2131 618 2194 τοίνυν
654 2126 755 2214 ἀρχάς
792 2131 908 2214 ἔλαχεν
944 2126 1000 2193 καλ
1029 2124 1129 2214 ήρξεν

117 2235 340 2316 δοκιμασθείς.
376 2236 434 2297 καί
453 2256 510 2316 μοι
533 2229 613 2317 λαβὲ
636 2234 697 2319 τήν
719 2239 913 2320 μαρτυρίαν.

526 2405 715 2481 namu„

75 2571 102 2611 το
186 2553 302 2616 Οίεταί
320 2573 370 2629 τις
392 2545 455 2616 οὖν
477 2550 572 2635 ὑμῶν
595 2550 692 2617 ἐᾶσαί
715 2545 787 2617 ποτ’
813 2550 856 2617 ἀν
882 2553 960 2630 τοὺς
987 2553 1130 2637 δημότας

117 2655 245 2722 ἐκεῖνον
267 2658 327 2722 τὸν
350 2655 447 2736 ξένον
469 2654 524 2722 καὶ
546 2657 591 2742 μή
614 2661 754 2742 πολίτην
776 2659 889 2744 ἀρχειν
906 2656 983 2744 παρ’
1006 2658 1129 2745 αὑτοῖς,

116 2758 188 2828 ἀλλ’
216 2762 277 2828 οὐκ
300 2761 342 2828 ἀν
364 2773 574 2849 κατηγορελν;
599 2763 640 2829 ού
663 2767 780 2830 τοίνυν
803 2768 1027 2851 κατηγόρησεν
1049 2762 1129 2832 οὐδὲ

117 2859 164 2945 εἷς
180 2865 253 2934 οὐδ’
276 2865 442 2955 ᾐτιάσατο.
480 2868 564 2935 ἀλλὰ
582 2871 649 2954 μήν
666 2867 723 2934 καλ
742 2870 954 2956 διαψηφίσεις
972 2870 1005 2950 ἐξ
1029 2870 1129 2956 ἀνάγ-

116 2997 175 3058 κης
202 2971 356 3056 ἐγένοντο
382 2980 464 3052 τοῖς
481 2976 639 3059 δημόταις
666 2975 806 3060 δμόσασι
833 2975 911 3042 καθ’
939 2978 1054 3064 ίερθν,
1076 2975 1124 3043 ὅτ’

117 3077 254 3146 ἀπώλετ’
291 3079 403 3158 αὑτοῖς
433 3083 471 3147 τὸ
503 3079 715 3167 ληξιαρχικὸν
750 3094 972 3169 γραμματεῖον
1004 3086 1129 3170 δημαρ·

117 3195 256 3271 χοῦντος
278 3182 470 3272 Ἀντιφίλου
496 3197 557 3254 τοῦ
583 3190 707 3272 πατρὸς
732 3198 792 3254 τοῦ
819 3189 1047 3274 Εὐβουλίδου,
1073 3193 1132 3256 καί

117 3313 209 3369 τινος
239 3290 410 3376 ἀπήλασαν
440 3292 568 3360 αὑτῶν·
597 3292 674 3379 περὶ
704 3293 833 3360 ἐκείνου
857 3292 888 3360 δ’
916 3294 1026 3372 οὐδεὶς
1055 3293 1124 3362 οὒτ’

79 3416 104 3456 ει
117 3393 208 3466 εἶπεν
240 3395 310 3465 οὔτ’
344 3396 517 3486 ᾐτιάσατο,
536 3410 689 3467 τοιοῦτον
726 3399 836 3467 οὐδέν.
885 3404 992 3467 καίτοι
1027 3403 1128 3465 πᾶσίν

118 3503 207 3571 ἐστιν
237 3504 429 3591 ἀνθρώποις
457 3503 549 3584 τέλος
577 3517 638 3573 τοῦ
667 3511 744 3593 βίου
772 3507 936 3592 θάνατος,
968 3502 1025 3570 καί
1052 3501 1128 3588 περὶ
