2656 3926
223 197 289 264 386
620 197 899 251 ΔΗΜοεοπαονε

224 357 283 425 όέν
306 359 342 425 ἐκ
364 359 483 424 τούτου
505 359 693 442 γενήσεται,
719 358 755 421 τί
774 358 836 441 δεῖ,
858 358 940 442 πρὸς
961 357 999 422 τὸ
1020 356 1256 440 φαυλότατον

225 464 338 530 ἐλθεῖν
361 462 534 547 ἐάσαντας,
562 461 597 530 ἐκ
619 461 815 547 πλείονοςῆ
837 471 901 528 νῦν
922 459 979 528 καὶ
1000 458 1254 548 χαλεπωτέρως

224 567 341 659 σςόξειν
362 575 556 655 πειρᾶσθαι,
579 567 654 647 ἐξὸν
677 567 802 634 ἐκτῶν
823 569 997 654 παρόντων
1019 569 1068 632 ἐτι
1089 563 1146 632 καί
1173 575 1252 632 νῦν
1262 583 1302 632 ιιι

197 675 525 759 εέπανορθώσασθαι
556 673 612 740 καὶ
637 684 839 760 προαγαγεῖν
870 671 924 738 ἐπὶ
949 673 986 739 τὸ
1013 669 1165 756 βέλτιον;
1204 674 1249 737 τὸ

224 776 285 864 μὶν
308 775 370 845 οὖν
393 780 533 866 ὀργίλως
555 779 640 864 ὑμᾶς
658 782 745 866 ἐχειν
764 781 850 856 είκός
873 778 942 848 ἐστι
963 787 1065 844 ταῦτα
1087 777 1248 863 πάσχου-

223 904 293 962 τας·
315 887 353 952 τὸ
376 882 413 951 δέ
436 887 479 970 μὴ
502 897 572 962 τοῖς
594 886 721 969 αἰτίοις,
743 883 828 950 ἀλλά
845 893 946 950 πᾶσιν
969 882 1086 969 ἐφεξῆς
1108 884 1246 969 ὀργίζε-

224 996 321 1076 σθαι,
348 988 436 1059 τοῦτ’
468 988 572 1057 οὐκέτ’
604 993 691 1068 είκὸς
717 988 789 1058 οὐθ’
821 990 932 1074 ὀρθῶς
958 992 1034 1076 έχου
1062 989 1164 1055 ἐστίν.
1209 991 1247 1056 οῖ

224 1099 288 1183 γάρ
317 1099 459 1182 μηθενὸς
487 1092 548 1181 μέν
578 1102 677 1162 αῖτιοι
706 1105 772 1160 τῶν
801 1097 1097 1181 παρεληλυθότων,
1126 1095 1169 1160 τά
1202 1092 1242 1160 δὲ

225 1204 324 1270 λοιπὰ
352 1215 421 1280 πῶς
450 1205 542 1269 ἔσται
570 1206 688 1289 βελτίω
717 1200 825 1286 λέγειν
854 1203 1001 1287 ἔχοντες,
1029 1200 1147 1287 χάριν,
1171 1203 1241 1268 οὐκ

225 1307 405 1395 ἀπέχθειαν
427 1305 609 1394 κομίσαιντ’
632 1307 675 1374 ἀν
696 1308 830 1385 δικαίως
851 1304 926 1394 παρ’
949 1303 1057 1391 ὑμῶν·
1079 1305 1152 1389 οὓς,
1175 1307 1240 1373 ἐάν

199 1432 213 1472 ⁸
226 1413 369 1502 ἀκαίρως
377 1417 624 1500 όνσκολαίνητε,
638 1415 750 1482 ὀκνεῖν
763 1412 962 1480 ἀνίστασθαι
970 1414 1130 1496 ποιήσετε.
1163 1417 1239 1480 καί·

224 1542 277 1586 τοι
303 1516 397 1602 ἔγωγ’
430 1519 493 1586 ούκ
518 1518 645 1604 ἀγνοῶ,
679 1519 730 1586 ότι
757 1519 914 1596 πολλάκις
940 1517 982 1584 ού
1008 1527 1077 1596 τοῖς
1103 1518 1237 1603 αἰτίοις,

225 1623 309 1689 ἀλλὰ
325 1635 395 1700 τοῖς
412 1624 565 1709 ἐμποδὼν
584 1620 660 1691 οὖσι
678 1633 748 1701 τοῖς
766 1621 989 1711 ὀργιζομένοις
1007 1621 1106 1708 ἀηδές
1121 1645 1155 1690 τι
1172 1645 1237 1690 πα·
1301 1691 1302 1696 ,

224 1734 302 1792 θεῖν
320 1727 454 1813 συνέβη.
485 1729 573 1814 ὅμως
591 1727 621 1795 δ’
640 1728 782 1813 ἀνέστην
799 1729 1071 1814 συμβουλεύσων·
1088 1731 1236 1796 πιστεύω
1301 1813 1302 1816 ¹

225 1833 288 1919 γὰρ
316 1831 412 1917 ἔγωγ’
439 1829 465 1900 ὦ
488 1835 607 1922 ἀνδρες
624 1830 815 1920 Ἀθηναῖοι,
836 1835 990 1923 φλαύρου
1012 1831 1074 1920 μὲν
1091 1837 1236 1920 μηδενὸς

226 1939 273 2005 ὢν
296 1943 400 2018 αῖτιος
420 1937 680 2027 εὑρεθήσεσθαι,
701 1943 821 2026 βελτίω
843 1938 875 2008 θ’
901 1939 1021 2029 ἐτέρων
1042 1938 1123 2027 ύμῖν
1145 1944 1235 2029 ἔχειν

226 2050 481 2133 συμβουλεῦσαι.

692 2138 764 2204 ΛΘ.

296 2258 344 2324 Τά
373 2254 434 2340 μὲν
468 2256 657 2344 γεγενημέν’
685 2254 712 2325 ό»
744 2260 866 2347 ἀνδρες
889 2256 1062 2344 Ἀθηναῖοι
1095 2260 1226 2330 τοιαῦθ’

226 2353 281 2430 οἷα
302 2363 422 2440 πάντες
444 2362 614 2450 ἀκηκόατε·
643 2366 696 2432 δεῖ
720 2362 751 2429 δ’
777 2361 862 2450 ὑμᾶς
888 2362 992 2450 μηδὲν
1014 2365 1230 2452 ἐκπεπληγμέ-

225 2493 292 2545 νως
310 2470 509 2554 διακεῖσθαι,
531 2469 762 2554 λογιζομένους
784 2469 834 2536 ότι
856 2473 938 2558 πρὸς
955 2466 1016 2555 μὲν
1033 2473 1074 2538 τά
1092 2471 1224 2560 παρόντ’

227 2573 365 2659 ἀθύμως
382 2577 470 2662 ἐχειν
488 2577 564 2643 οὔτε
581 2588 651 2652 τοῖς
667 2577 836 2664 πράγμασι
854 2575 1024 2663 συμφέρον
1042 2575 1119 2644 οὔθ’
1136 2577 1226 2665 ὑμῶν

225 2677 320 2755 ἀξιόν
347 2678 431 2765 ἐστι,
458 2683 495 2748 τὸ
523 2677 561 2747 δὲ
587 2678 677 2747 ταῦτ’
705 2680 916 2768 ἐπανορθοῦν
943 2679 1056 2761 αὑτοῖς
1075 2684 1224 2770 ἡγεῖσθαι

225 2793 394 2870 προσῆκον
417 2784 497 2868 [καὶ]
522 2795 579 2871 τῆς
604 2783 762 2873 ὑμετέρας
789 2786 886 2872 δόξης
911 2786 1004 2866 ἀξιον
1031 2787 1073 2854 ἀν
1100 2797 1223 2876 φανείη.

225 2889 287 2976 χρὴ
311 2886 349 2956 δέ
366 2892 444 2966 τοὺς
461 2892 558 2968 όντας
576 2882 643 2958 οἷοι
659 2889 791 2977 φήσαιτ’
813 2890 855 2958 ἀν
877 2889 971 2978 ὑμεῖς
988 2888 1085 2980 εἶναι,
1107 2895 1145 2964 έν
1160 2909 1223 2976 τοῖς

199 2997 349 3073 εθεινοῖς
371 2992 492 3081 ἐτέρων
514 2994 732 3084 διαφέροντας
753 3001 942 3084 φαίνεσθαι.
986 2998 1050 3082 ἐγὼ
1073 2997 1105 3066 δ’
1130 3002 1221 3072 οάόα-

226 3111 294 3186 μῶς
311 3096 372 3186 μὲν
390 3099 433 3166 ἀν
449 3100 642 3187 ἠβουλόμην
664 3111 766 3169 ταῦτα
784 3108 950 3191 συμβῆναι
967 3114 1006 3191 τῇ
1024 3109 1129 3192 πόλει,
1150 3109 1217 3174 οὐθ’

226 3206 358 3292 ἀτυχεῖν
385 3202 470 3291 ὑμᾶς
497 3206 610 3275 ούόέν·
642 3211 674 3276 εί
699 3207 732 3276 θ’
759 3208 811 3296 ἀρ’
838 3212 908 3277 ἔθει
933 3211 1091 3295 γενέσθαι
1113 3217 1172 3281 καί
1190 3239 1219 3282 τι

226 3314 401 3396 δαιμόνιον
418 3310 506 3380 τοῦτ’
529 3312 689 3398 ἀπέκειτο,
713 3316 821 3402 ὥσπερ
838 3314 1018 3404 πέπρακται
1035 3319 1075 3384 τὰ
1095 3343 1218 3405 γεγενη-

225 3417 320 3502 μένα,
342 3422 524 3485 λυσιτελεῖν
542 3425 662 3504 οίομαι.
698 3421 739 3486 τά
761 3418 822 3506 μέν
844 3423 907 3509 γὰρ
928 3433 987 3508 τῆς
1006 3427 1106 3510 τύχης
1123 3425 1217 3504 ὀξείας

226 3523 291 3604 ἔχει
312 3523 370 3600 τὰς
391 3525 572 3609 μεταβολὰς
593 3523 649 3591 καὶ
669 3526 784 3605 κοινάς
809 3525 1005 3616 ἀμφοτέροις
1026 3530 1083 3606 τὰς
1103 3549 1214 3616 παρου-
1223 3551 1278 3602 1448
