2658 3914
450 232 550 286 ΠΡΟΣ
568 232 767 288 ΤΙΜΟΘΕΟΝ.
1050 231 1113 298 149

97 397 223 468 λιππος
242 394 280 458 τὸ
299 389 461 479 ἀργύριον
479 394 567 480 παρὰ
584 403 645 460 τοῦ
663 396 786 480 πατρὸς
804 404 864 460 τοῦ
882 392 965 479 ἐμοῦ
983 391 1116 459 ἐνθάδε.

53 518 83 556 19
98 508 164 564 τοῦ
187 493 249 582 μὲν
271 497 334 584 γὰρ
358 502 542 585 μαρτυρίαν
564 521 603 584 με
621 497 823 584 ἐμβαλέσθαι
846 502 928 586 πρὸς
949 501 1009 566 τὸν
1032 501 1196 570 &tat-119⁰

100 605 205 689 τητην
226 605 487 691 παρεκρούσατο,
509 605 647 691 φάσκων
670 605 725 671 ἀεί
745 629 801 691 μοι
824 608 1047 692 μαρτυρήσειν
1069 607 1117 682 εἰς

100 711 165 794 τὴν
186 713 308 796 κυρίαν
333 709 542 796 [ἀπδφασιν]·
567 711 679 796 ἐπειδὴ
704 708 734 779 δ’
761 710 782 795 η
806 713 915 777 δίαιτα
937 707 992 796 ἦν,
1013 727 1116 798 προσ-

101 813 240 900 κληθεὶς
269 814 333 881 ἀπὸ
363 823 420 899 τῆς
449 817 554 893 οἰκίας
584 813 640 904 (οὐ
667 817 730 902 γάρ
752 811 796 900 ἦν
817 815 994 903 φανερός),
1025 818 1115 882 ἔλιπε

101 922 164 1006 τὴν
182 924 366 1007 μαρτυρίαν
384 919 534 998 πεισθεὶς
552 920 619 988 ὑπὸ
642 923 772 987 τούτου.
817 919 969 999 τιθέντος
990 919 1031 986 δέ
1050 945 1116 1006 μου

102 1027 194 1115 αὐτῷ
213 1028 275 1112 την
293 1027 443 1113 δραχμην
461 1036 522 1093 τοῦ
540 1029 802 1113 λιπομαρτυρίου
819 1020 901 1092 κατὰ
918 1028 978 1093 τὸν
999 1030 1117 1112 νόμον,

103 1134 122 1200 ὁ
147 1134 314 1218 διαιτητὴς
336 1132 378 1198 οὐ
399 1129 591 1219 κατεδιῄτα,
614 1129 686 1198 ἀλλ’
713 1131 820 1197 ἀπιδιν
843 1129 945 1220 ᾤχετο
968 1130 1116 1198 ἀποδιαι-

61 1259 89 1300 εο
103 1243 206 1325 νήσας
228 1240 349 1305 τούτου
376 1239 438 1323 τὴν
469 1239 617 1323 δίαιταν,
647 1236 785 1325 ἑσπέρας
806 1239 871 1322 ἤδη
894 1238 1004 1322 οὔσης.
1039 1236 1118 1304 νννλ

104 1347 142 1414 δὲ
163 1354 210 1434 τῷ
230 1343 420 1430 Ἀντιφάνει
442 1349 557 1431 εἴληχα
584 1344 710 1429 βλάβης
733 1345 823 1410 ἰδίαν
846 1345 959 1428 δίκην,
986 1343 1038 1409 ὅτι
1061 1367 1117 1429 μοι

104 1447 175 1518 οὔτ’
212 1451 437 1538 ἐμαρτύρησεν
469 1447 544 1518 οὔτ’
581 1450 767 1536 ἐξωμόσατο
799 1451 881 1516 κατὰ
911 1451 971 1516 τὸν
1003 1453 1118 1535 νόμον.

103 1556 159 1623 καὶ
189 1556 268 1636 ἀξιῶ
296 1557 398 1624 αὐτὸν
425 1556 594 1641 ἀναβάντα
621 1559 726 1623 εἰπεῖν
756 1556 908 1622 ἐναντίον
930 1556 1026 1641 ὑμῶν
1049 1557 1118 1622 διο-

104 1663 304 1750 μοσάμενον,
325 1673 458 1750 πρῶτον
479 1658 541 1748 μὲν
563 1664 595 1728 εί
617 1662 786 1729 ἐδάνεισεν
814 1660 967 1752 Τιμοθέῳ
990 1660 1027 1728 ἐν
1049 1665 1118 1727 Ka·

105 1773 242 1858 λαυρείῳ
277 1774 384 1855 χιλίας
415 1769 580 1856 δραχμάς,
612 1770 769 1856 δεύτερον
801 1765 832 1834 δ’
868 1771 900 1834 εί
933 1769 1022 1855 παρὰ
1057 1779 1118 1836 τοῦ

105 1877 226 1963 πατρὸς
246 1879 411 1952 Φίλιππος
433 1873 597 1960 ἀπέλαβεν
620 1875 742 1940 ἐνθάδε
765 1885 863 1941 τοῦτο
886 1876 924 1941 τὸ
946 1873 1117 1961 ἀργύριον.

63 2002 90 2042 21
106 1983 225 2067 σχεδὸν
255 1977 316 2066 μὲν
346 1976 409 2047 οὖν
437 1979 493 2046 καὶ
523 1981 621 2058 αὐτὸς
650 1976 747 2058 οὗτος
774 1981 937 2066 ὡμολόγει
963 1982 1046 2066 πρὸς
1071 1989 1117 2068 τῷ

106 2089 268 2172 διαιτητῇ,
290 2084 475 2152 ἀποδοῦναι
493 2094 539 2174 τῳ
561 2088 715 2175 Φιλίππῳ
734 2087 794 2152 τὸν
811 2083 935 2171 πατέρα
957 2087 1016 2152 τὸν
1039 2085 1119 2169 ἐμὸν

104 2194 163 2270 τὰς
181 2195 289 2277 χιλίας
307 2191 464 2277 δραχμάς,
487 2191 528 2256 οὐ
547 2188 660 2275 μέντοι
678 2191 766 2278 αὑτῳ
789 2189 830 2274 γέ
850 2207 934 2274 φησι
957 2192 1126 2275 δανεῖσαι,

105 2298 190 2364 ἀλλὰ
213 2305 258 2384 τῳ
281 2297 432 2384 Βοιωτίῳ
455 2294 609 2382 ναυάρχῳ
616 2343 626 2379 ,
655 2293 710 2360 καὶ
733 2295 916 2360 ὑποθεῖναί
935 2312 1038 2379 φησιν
1061 2295 1118 2360 αὐ-

103 2408 164 2473 τὸν
196 2402 317 2469 τούτου
346 2410 407 2467 τοῦ
439 2400 601 2488 ἀργυρίου
623 2404 756 2487 χαλκόν.
792 2401 837 2477 ὡς
866 2397 896 2466 δ’
925 2399 986 2467 οὐκ
1008 2398 1117 2486 ἀληθῆ

106 2515 230 2594 ἔλεγεν,
253 2503 325 2573 ἀλλ’
352 2507 452 2584 αὐτὸς
474 2506 711 2590 δανεισάμενος
733 2504 909 2592 ἀποστερεῖ
915 2555 926 2590 ,
948 2504 1011 2589 ἐγὼ
1034 2506 1119 2592 ὑμᾶς

106 2615 242 2700 διδάξω,
264 2613 399 2680 ἐπειδάν
421 2610 477 2678 καὶ
499 2609 574 2699 περὶ
597 2623 664 2678 τῶν
682 2613 794 2678 ἀλλων
816 2606 864 2679 ὧν
887 2612 1012 2698 ὀφείλει
1034 2610 1114 2680 καθ’

106 2722 243 2788 ἕκαστον
265 2720 585 2805 ὑμῑνδιηγησωμαι.
1125 2741 1126 2746 ’

67 2847 94 2888 ιι
168 2824 386 2912 Ἀφικομένου
413 2827 477 2913 γάρ
503 2823 658 2891 Ἀλκέτου
685 2822 741 2890 καὶ
759 2821 905 2903 Ἰάσονος
933 2824 977 2903 ὡς
998 2836 1117 2893 τοῦτον

107 2933 144 3000 ἐν
170 2941 215 3021 τῷ
245 2943 506 3019 μαιμακτηριῶνι
533 2928 613 3017 μηνὶ
639 2939 685 3020 τῷ
716 2927 765 2996 ἐπ’
789 2929 937 2999 Ἀστείου
959 2933 1117 3019 ἀρχοντος

108 3036 160 3105 ἐπὶ
186 3040 247 3104 τὸν
272 3036 385 3121 ἀγῶνα
413 3039 473 3104 τὸν
495 3038 633 3122 τούτου,
660 3040 901 3122 βοηθησόντων
924 3037 1032 3127 αὐτῷ,
1062 3041 1117 3104 καὶ

107 3141 340 3234 καταγομένων
371 3145 419 3220 είς
447 3145 510 3229 τὴν
540 3146 649 3210 οίκίαν
676 3144 736 3228 την
763 3144 800 3210 ἐν
823 3148 978 3231 Πειραιεῖ
997 3149 1058 3228 την
1081 3146 1117 3210 ἐν

107 3260 146 3337 τη
164 3249 376 3337 Ἱπποδαμείᾳ
400 3246 537 3336 ἑσπέρας
553 3250 618 3334 ηδη
642 3250 759 3335 οὔσης,
781 3248 1009 3336 ἀπορούμενος
1035 3250 1116 3315 ὑπο-

109 3355 267 3436 δέξασθαι
287 3355 418 3438 αὐτούς,
439 3353 569 3440 πέμψας
590 3356 635 3433 ὡς
652 3357 712 3422 τὸν
729 3354 853 3442 πατέρα
874 3358 933 3422 τὸν
956 3352 1038 3439 ἐμὸν
1056 3357 1116 3420 Αί-

109 3465 252 3550 σηρίωνα
274 3462 334 3526 τὸν
357 3458 547 3527 ἀκόλουθον
571 3462 631 3527 τὸν
653 3461 768 3545 αὑτοῦ,
792 3459 962 3526 ἐκέλευσεν
985 3461 1192 3542 αἰτήσω-1191

109 3575 188 3635 σθαι
216 3567 389 3653 στρωματα
419 3564 474 3631 καὶ
503 3565 613 3650 ίμάτια
639 3563 694 3632 καλ
722 3565 842 3651 φιάλας
868 3564 1015 3649 ἀργυρᾶς
1043 3563 1115 3642 δύο,
