2654 3926
183 165 204 228 8
494 167 566 220 XLI.
591 166 870 220 ΔΗΜΟΣΘΕΝΟΤΣ

183 351 244 393 νον
278 328 296 394 ὁ
319 329 532 404 Πολύευκτος
560 321 784 414 ἀποθνῄσκων
811 328 930 404 ταύτας
959 327 1207 413 ένεκεκλῆκειν,

184 431 306 515 ένῆσαν
336 430 366 498 δ’
404 433 440 497 αί
464 436 566 518 χίλιαι
592 430 647 497 καί
678 433 876 498 ὀκτακόσιαι.
920 443 1022 499 ταῦτα
1054 431 1087 499 δ’
1115 433 1207 499 ἀνα·

184 539 295 622 γνούς,
318 541 349 603 εἰ
370 535 431 622 μὲν
454 537 541 625 αὐτῷ
561 535 665 622 μηδὲν
688 547 831 623 προσῆκε
848 534 935 622 μηδ’Ἰ
948 538 1057 623 ἀληθῆ
1080 541 1120 605 τὰ
1145 563 1207 623 γε-

184 640 342 728 γραμμέν’
369 639 430 727 ἦν,
461 647 496 707 τί
523 644 564 728 δῆ
597 640 669 709 ποτ’
696 644 758 710 οὐκ
787 645 890 721 εὐθὺς
916 645 1092 728 ἠγανάκτει
1120 644 1207 729 περὶ

185 750 310 828 αὐτών;
328 752 363 815 τί
380 746 416 814 δὲ
431 753 689 833 συνεσημαίνετο
707 751 807 816 πάλιν
825 751 866 815 τὰ
884 747 988 834 μηδὲν
1006 746 1097 834 ὑγιὲς
1115 752 1206 816 όντα

185 853 260 940 μηδ’
288 855 397 941 ἀληθῆ
421 855 607 940 γράμματα;
635 854 728 922 τουτὶ
751 857 814 942 γὰρ
843 853 917 922 οὐδ’
944 849 1056 933 ἀνείς
1079 858 1282 941 δῆπουιοεε

146 981 171 1022 τε
185 963 229 1046 μὴ
247 972 348 1028 πᾶσιν
367 963 540 1046 ὁμολογῶν
557 973 627 1038 τοῖς
645 961 882 1048 γεγραμμένοις
899 963 1075 1046 ποιήσειεν.
1113 961 1205 1028 ἀλλά

185 1069 251 1151 μὴν
269 1064 295 1133 ὦ
314 1069 433 1154 ἀνδρες
452 1065 602 1132 δικασταὶ
620 1071 717 1134 τοῦτό
735 1091 773 1151 γε
793 1070 905 1134 δεινὸν
925 1070 1043 1152 δηπου,
1066 1071 1099 1134 εἰ
1115 1072 1205 1153 πρὸς

184 1174 225 1238 τδι
247 1171 509 1260 συγκεχωρημέν’
536 1171 592 1239 ὑπ’
621 1173 730 1238 αὐτῶν
753 1175 880 1240 τούτων
904 1173 1028 1252 ἐξέσται
1050 1184 1116 1241 νῦν
1139 1175 1204 1240 ἀν-

185 1278 344 1365 τιλέγειν,
366 1279 421 1345 καί
444 1277 548 1365 μηδὲν
572 1293 708 1364 σημεῖον
730 1280 811 1365 ὑμῖν
835 1283 941 1365 ἔσται,
968 1283 1054 1347 διότι
1076 1281 1204 1359 πάντες

185 1387 358 1473 ἀνθρωποι
376 1388 458 1472 πρὸς
475 1387 515 1450 τά
534 1383 607 1470 μήτ’
630 1385 740 1470 ἀληθῆ
759 1391 838 1471 μῆτε
858 1390 969 1452 δίκαια
990 1398 1057 1452 τών
1081 1386 1202 1473 έγκλη-

185 1493 296 1577 μάτων
326 1491 367 1558 οὐ
396 1501 625 1575 κατασιωπᾶν,
654 1491 737 1557 ἀλλά
764 1491 949 1579 παραχρῆμ’
976 1492 1201 1578 ἀμφισβητεῖν

185 1599 367 1681 εἰώθαμεν,
396 1598 440 1681 μῆ
471 1600 666 1681 ποιῆσαυτες
689 1595 727 1663 δὲ
749 1597 854 1683 ταῦτ’,
877 1597 919 1664 ἀν
941 1598 1081 1684 ὕστερον
1105 1598 1201 1666 ἀντι-

145 1723 172 1764 κ
186 1705 315 1787 δικώσι,
333 1701 473 1789 πονηροὶ
491 1701 546 1769 καὶ
565 1705 769 1789 συκοῳάνται
789 1707 947 1771 δοκοῦσιν
965 1701 1060 1770 εἶναι.
1092 1716 1200 1771 ταῦτα

184 1813 300 1875 τοίνυν
328 1811 498 1886 Σπουδίας
526 1807 626 1875 οὐδὲν
653 1805 752 1893 ἦττον
776 1810 857 1895 ἐμοῦ
880 1813 1090 1895 γιγνώσκων,
1117 1809 1195 1878 ἀλλ’

185 1910 276 1999 οἶμαι
304 1911 365 1999 μὲν
392 1913 448 1979 καί
471 1913 719 2002 ἀκριβέστερον,
747 1916 814 2005 ὅσῳ
837 1914 892 1981 καὶ
914 1920 1119 2003 πυκνότερον
1142 1917 1200 1983 έν-

160 2027 309 2086 Ιταυθοί
334 2020 546 2107 παρέρχεται,
574 2031 675 2087 πᾶσιν
703 2021 836 2088 ἐναντία
865 2035 935 2100 τοίς
955 2022 1200 2109 πεπραγμένοις

186 2125 290 2215 ἑαυτῷ
322 2126 428 2210 λέγων
458 2128 520 2193 οὐκ
547 2129 745 2213 αἰσχύνεται.
782 2132 889 2194 καίτοι
916 2129 1072 2206 πολλάκις
1100 2130 1200 2214 ὑμεῖς

185 2235 222 2298 ἓν
245 2237 351 2318 μόνον
375 2235 570 2318 σκευώρημα
589 2237 792 2317 συνιδόντες,
814 2236 921 2323 τούτῳ
944 2237 1025 2300 κατὰ
1047 2247 1114 2301 τών
1137 2237 1199 2302 ἀλ-

185 2344 254 2404 λων
286 2351 353 2406 τών
383 2337 635 2422 ἐγκαλουμένων
667 2339 852 2426 έχρησασθε
881 2344 1058 2429 τεκμηρίῳ·
1088 2343 1198 2432 τούτῳ

186 2441 217 2509 δ’
249 2442 372 2510 ἀπανθ’
403 2442 462 2530 ὑφ’
490 2446 593 2512 αὑτοῦ
621 2444 828 2530 συμβέβηκεν
859 2445 1093 2532 ἐξελέγχεσθαι.
1139 2453 1201 2514 καί

185 2575 242 2636 μοι
260 2547 339 2635 λαβὲ
357 2552 418 2634 τῆν
436 2555 620 2638 μαρτυρίαν
639 2552 683 2628 ώς
701 2553 900 2636 ὡμολογεῖτο
918 2555 991 2618 τότε
1013 2553 1053 2618 τὰ
1077 2565 1197 2637 σημεῖα

185 2668 252 2722 τῶν
282 2656 481 2742 γραμμάτων
510 2658 575 2723 ὑπὸ
605 2668 663 2743 τῆς
691 2661 811 2725 τούτου
841 2660 1015 2744 γυναικός,
1045 2657 1100 2724 καί
1129 2670 1196 2726 νῦν

184 2763 250 2829 ὑπὸ
273 2762 447 2827 Σπουδίου
470 2762 765 2848 κατασημανθέντα
787 2773 899 2828 κεῖται.

590 2959 780 3010 Μεαευειε.
833 2921 852 3006 s
912 2996 914 3000 .

146 3101 172 3140 ιε
257 3083 391 3149 Τούτων
404 3086 519 3150 τοίνυν
534 3095 646 3168 σαφῶς
660 3083 764 3160 οὕτως
777 3082 1075 3170 ἀποδεδειγμένων,
1093 3085 1195 3169 ἡγοῦ-

186 3211 243 3272 μαι
270 3185 331 3272 μὲν
358 3186 458 3255 οὐδὲν
485 3191 532 3255 ἔτι
560 3192 632 3256 δεῖν
659 3191 760 3255 πλείω
784 3188 906 3272 λέγειν·
930 3191 1026 3257 ὁπότε
1049 3191 1112 3276 γὰρ
1138 3189 1195 3256 καὶ

185 3297 309 3379 νόμους
336 3297 398 3381 έχω
426 3295 653 3382 παρασχέσθαι
680 3294 734 3360 καὶ
762 3295 928 3382 μάρτυρας
950 3295 1103 3361 ἁπάντων
1125 3309 1194 3363 τῶν
1307 3283 1308 3376 ἰ

185 3399 379 3488 εἰρημένων,
402 3400 456 3468 καί
478 3405 537 3469 τὸν
556 3401 726 3469 ἀντίδικον
750 3402 851 3469 αὐτὸν
875 3403 1102 3487 ὁμολογοῦντά
1124 3427 1193 3487 μοι,
1307 3389 1308 3416 ³

185 3512 219 3573 τί
244 3510 297 3574 δεῖ
322 3520 456 3595 μακρών
484 3510 532 3574 έτι
560 3511 682 3591 λόγους
712 3508 799 3592 ὅμως
826 3505 857 3573 δ’
884 3507 926 3574 ἀν
953 3509 1017 3593 ἀρα
1038 3507 1194 3594 περὶτῆς
1236 3571 1240 3578 .
