2658 3922
206 219 273 285 238
514 219 585 273 m.
607 217 913 290 [εΗιιοεοεαοαε]

208 377 245 448 δὲ
271 376 338 446 τῶν
364 376 629 463 ἀντιλεγομένων
656 381 848 465 κρίνεσθαι,
874 381 952 457 τοὺς
978 377 1009 445 δ’
1036 380 1083 456 είς
1104 376 1233 445 Ῥόδον

208 489 324 562 τόκους
347 486 391 571 μὴ
410 489 655 570 καθομολογεῖν
673 483 753 562 τέως
776 484 818 551 ἀν
840 491 1020 570 κριθῶμεν,
1042 484 1136 569 ἡμεῖς
1160 481 1233 569 μὲν

207 603 309 659 ταῦτα
332 601 603 679 συνεχωροῦμεν,
630 591 693 658 οὐκ
715 591 913 676 ἀγνοοῦντες
936 586 962 656 ὦ
986 593 1105 675 ἀνδρες
1127 592 1232 657 δικα-

208 696 283 764 σταλ
311 700 348 765 τὸ
379 697 415 765 ἐκ
443 707 501 783 τῆς
532 706 724 784 συγγραφῆς
753 700 900 782 δίκαιον,
934 693 1007 764 ἀλλ’
1039 696 1231 781 ἡγούμενοι

208 804 280 870 δεῖν
308 803 529 871 ἐλαττοῦσθαί
555 826 587 869 τι
613 801 670 869 καὶ
696 815 896 890 συγχωρεῖν,
924 804 1007 871 ὥστε
1033 804 1079 889 μὴ
1107 804 1229 869 δοκεῖν

207 911 375 997 φιλόδικοι
394 906 491 992 εἶναι,
514 904 660 986 οὗτοςδ
683 909 728 988 ὡς
746 907 833 996 ἑώρα
850 909 935 995 ἡμᾶς
957 910 1057 995 ὁμόσε
1079 929 1227 995 πορευο-

207 1013 344 1100 μένους,
373 1014 597 1102 (ἀναιρεῖσθέ
631 1013 715 1101 φησί
749 1015 880 1082 ‘volvam
909 1016 971 1100 τὴν
1001 1014 1225 1100 συγγραφήν]

169 1141 195 1184 ιι
209 1121 316 1206 “ἡμεῖς
338 1119 567 1207 ἀναιρώμεθας
595 1119 697 1187 οὐδέν
724 1144 761 1205 γε
789 1125 916 1206 μᾶλλον
938 1119 960 1205 ἣ
983 1119 1110 1188 ὁτιοῦν·
1134 1119 1225 1186 ἀλλὰ

207 1229 288 1294 κατὰ
303 1224 365 1313 μέν
377 1227 569 1315 τάργύριον,
582 1225 601 1293 ὃ
616 1226 658 1292 διν
668 1225 846 1316 ἀποδιδῷς,
860 1228 1109 1312 ὁμολογήσομεν
1123 1225 1224 1293 ε’ναν-

208 1338 281 1401 τίον
302 1343 363 1403 τοῦ
381 1337 574 1421 τραπεζίτου
592 1335 718 1419 ἀκυρον
735 1344 844 1400 ποιεῖν
866 1336 928 1420 τὴν
950 1335 1159 1419 συγγραφήν,
1182 1335 1223 1400 τὸ

208 1439 322 1526 μέντοι
345 1441 490 1507 σύνολον
513 1441 576 1507 οὐκ
598 1439 640 1506 ἀν
663 1439 880 1526 ἀνελοίμεθα,
907 1439 968 1516 ἕως
990 1439 1032 1506 ἀν
1054 1437 1129 1524 περὶ
1151 1449 1223 1505 τῶν
1316 1435 1317 1438 '

208 1545 474 1630 ἀντιλεγομένων
499 1552 679 1632 κριθῶμεν.
723 1549 759 1612 τί
782 1546 846 1632 γὰρ
879 1548 1008 1632 ἔχοντες
1039 1546 1171 1612 δίκαιον
1199 1546 1221 1630 ἣ

208 1655 244 1718 τί
266 1653 304 1718 τὸ
332 1653 470 1738 ἰσχυρὸν
497 1651 767 1737 ἀντιδικήσομεν,
794 1651 852 1718 έάν
879 1675 914 1718 τε
940 1654 1023 1739 πρὸς
1049 1653 1221 1736 διαιτητὴν

210 1757 268 1824 έάν
290 1753 321 1822 τ’
348 1759 395 1834 είς
422 1758 635 1842 δικαστήριον
662 1756 721 1844 δέχ
748 1759 910 1842 βαδίζειν,
937 1757 1132 1843 ἀνελόμενοι
1158 1758 1222 1841 τὴν
1318 1803 1319 1808 1

210 1865 425 1949 συγγραφήν,
455 1862 492 1930 έν
520 1857 542 1950 ᾗ
571 1865 633 1948 τὴν
666 1860 750 1950 ὑπὲρ
784 1875 852 1931 τῶν
886 1866 1025 1930 δικαίων
1056 1867 1222 1950 βοήθειαν

171 1989 196 2029 16
210 1970 357 2056 έχομεν’;
381 1980 483 2036 ταῦτα
506 1967 538 2036 δ’
565 1968 659 2055 ἡμῶν
687 1973 853 2054 λεγόντων
876 1967 903 2036 ὦ
925 1971 1046 2055 ἀνδρες
1068 1968 1222 2036 δικασταὶ

209 2076 264 2143 καὶ
291 2075 475 2156 ἀξιούντων
496 2078 761 2162 Διονυσόδωρον
787 2079 936 2162 τουτονί,
962 2078 1025 2162 τὴν
1052 2071 1113 2161 μέν
1139 2093 1220 2160 συγ·
1319 2087 1320 2090 ’

209 2184 342 2269 γραφὴν
364 2184 409 2268 μὴ
432 2193 538 2250 κινεῖν
561 2180 637 2268 μηδ’
664 2184 791 2270 ἀκνρον
817 2194 925 2250 ποιεῖν
953 2183 1014 2268 τὴν
1036 2179 1219 2268 δμολογου·
1230 2200 1291 2251 1288

210 2287 314 2374 μένην
335 2287 390 2356 καλ
412 2287 467 2355 ὑτί
490 2289 600 2356 αὐτῶν
626 2293 747 2376 κυρίαν
768 2285 870 2369 εἶναι,
892 2301 959 2356 τῶν
983 2286 1020 2356 δὲ
1042 2289 1218 2376 χρημάτων

210 2397 272 2462 ὅσα
294 2391 355 2481 μὲν
374 2395 472 2473 αὐτὸς
489 2396 656 2480 ὁμολογεῖ,
679 2395 863 2463 ἀποδοῦναι
880 2395 972 2480 ἡμῖν,
993 2393 1069 2481 περὶ
1092 2390 1130 2460 δὲ
1151 2403 1217 2460 τῖεν

210 2500 473 2586 ἀντιλεγομένων
496 2503 541 2578 ὡς
563 2499 704 2586 ἑτοίμων
727 2503 834 2568 ὄντων
856 2509 1030 2587 κριθῆναι,
1052 2505 1117 2568 είτε
1139 2502 1218 2585 βού-

210 2612 321 2673 λοιντο
341 2604 392 2692 ἐφ’
416 2606 489 2684 ἑνὸς
506 2614 570 2675 εῖτε
588 2607 651 2673 κάν
668 2610 797 2674 πλείοσι
818 2618 885 2674 τῶν
908 2607 944 2674 έκ
965 2617 1025 2674 τοῦ
1048 2606 1216 2694 ἐμπορίου,

211 2712 272 2778 οὐκ
294 2715 356 2796 ἔφη
378 2709 551 2799 προσέχειν
569 2713 828 2798 Διονυσόδωρος
844 2712 972 2779 τούτων
994 2711 1120 2797 οὐδενί,
1142 2711 1213 2780 ἀλλ’

211 2817 262 2882 ὅτι
293 2818 354 2900 τὴν
387 2819 583 2904 συγγραφὴν
619 2818 704 2895 ὅλως
734 2817 796 2885 οόκ
826 2817 1042 2906 ἀνῃρούμεθα
1072 2819 1216 2906 ἀπολαμ-

211 2921 369 3007 βάνοντες
397 2922 419 2989 δ
448 2918 545 3000 οὗτος
573 2921 762 3008 ἐπέταττεν,
795 2927 862 3009 ἔχει
892 2924 1049 3011 δεύτερον
1079 2928 1150 3004 ἔτος
1176 2929 1215 2993 τά

172 3048 197 3088 ιι
210 3026 350 3115 ἡμέτερα
375 3026 430 3094 καί
456 3038 573 3116 χρῆται
598 3041 667 3108 τοῖς
693 3032 848 3117 χρήμασι·
875 3027 931 3096 καὶ
953 3031 971 3098 δ
993 3031 1128 3100 πάντων
1149 3032 1215 3100 ἐστὶ

212 3137 402 3203 δεινότατον
429 3128 455 3200 ὦ
482 3135 602 3221 ἀνδρες
630 3137 796 3220 δικασταί,
827 3136 878 3202 ὅτι
909 3136 1007 3214 αὐτὸς
1033 3131 1095 3222 μὲν
1121 3133 1214 3216 οὗτος

210 3237 287 3327 παρ’
324 3238 444 3327 ἑτέρων
476 3239 661 3325 εἰσπράττει
694 3244 872 3320 ναυτικοὺς
906 3245 1023 3320 τόκους
1054 3241 1118 3309 ἀπὸ
1151 3255 1214 3310 τῶν

210 3345 378 3433 ἡμετέρων
404 3346 595 3432 χρημάτων,
622 3347 684 3414 οὐκ
702 3345 862 3431 Ἀθήνησι
891 3350 1043 3426 δανείσας
1071 3345 1144 3415 οὐδ’
1169 3351 1213 3427 είς

208 3451 362 3539 Ἀθήνας,
385 3450 455 3518 ἀλλ’
483 3455 530 3530 είς
551 3449 666 3520 Ῥόδον
692 3452 748 3520 καὶ
770 3461 957 3541 Αῖγυπτον,
982 3455 1063 3540 ἡμῖν
1090 3452 1128 3522 δέ
1149 3468 1213 3534 τοῖς

213 3559 403 3625 δανείσασιν
426 3561 474 3638 είς
495 3561 533 3626 τὸ
559 3556 720 3648 ὑμέτερον
747 3554 906 3647 έμπόριον
933 3559 994 3627 οὐκ
1021 3567 1122 3627 οίεται
1145 3562 1211 3629 δεῖν
