2658 3914
243 145 307 210 142
514 145 637 196 xnvm.
665 140 970 214 [ΔΗΜοΣι-ιυωοτε]

201 323 228 368 ω
305 303 404 371 Ἀλλὸ
425 307 462 370 τί
480 314 582 370 ταῦτα
605 302 793 382 σπουδάζω;
822 297 902 368 οὐδὲ
928 304 992 389 γάρ
1020 301 1118 380 αὐτὸς
1140 301 1315 386 &metm

241 422 344 478 ταῦτα
367 406 477 495 οὗτος,
499 412 550 477 ὁτι
568 409 678 475 ἀδικεῖ
693 405 754 494 μὲν
773 406 841 493 ἐμέ,
863 408 973 475 ἀδικεῖ
992 405 1030 474 δέ
1052 410 1131 486 τοὺς
1152 411 1260 484 θεοὺς

243 517 302 594 οὑς
324 518 432 602 ὤμοσε
439 564 449 599 ,
470 513 525 582 καὶ
548 515 703 600 ἐπιορκεῖ.
745 513 829 580 ἀλλὰ
858 513 1055 602 διέφθαρται
1081 510 1107 580 ὦ
1135 515 1260 599 ἀνδρες

243 621 393 689 δικασταὶ
419 621 475 688 καί
501 632 718 708 παραφρονεῖ.
768 619 912 705 ἀνιῶμαι
943 616 1005 705 μὲν
1032 615 1094 687 οὑν
1120 617 1177 684 καί
1204 621 1260 684 αί-

243 729 405 815 σχῦνομαι
433 723 458 792 ὦ
487 728 606 812 ἄνδρες
629 727 797 811 δικασταί,
824 718 875 804 οἷς
901 724 1009 811 μέλλω
1037 723 1145 809 λέγειν
1172 727 1260 810 πρὸς

241 835 338 919 ὑμᾶς,
360 833 394 913 ἐξ
418 833 562 917 ἀνάγκης
585 829 626 898 δέ
646 834 707 917 μοί
726 831 818 897 ἐστιν
840 834 963 916 εἰπεῖν,
985 832 1074 909 ὅπως
1095 831 1137 898 ἀν
1159 831 1260 915 ὑμεῖς

243 941 278 1006 oc
297 942 358 1025 τὴν
379 950 494 1026 ψῆφον
517 940 647 1025 ἔχοντες
673 938 875 1032 ἀκούσαντες
901 939 1045 1021 ἅπαντα,
1071 937 1258 1022 βουλεύση-

244 1052 307 1112 σθε
338 1045 356 1111 ὁ
386 1068 418 1111 τι
448 1045 490 1110 άν
521 1045 603 1130 ὑμῖν
632 1035 714 1130 δοκῇ
745 1043 916 1129 βέλτιστον
945 1039 1030 1109 εἶναι
1053 1040 1127 1128 περὶ
1149 1043 1257 1127 ἡμῶν.

201 1169 228 1212 σε
243 1145 290 1217 ὧν
313 1147 350 1218 δέ
373 1149 481 1237 μέλλω
504 1149 628 1235 λέγειν,
657 1145 754 1227 οὗτος
780 1152 883 1227 αίτιός
910 1148 1015 1234 ἐστιν,
1036 1150 1103 1215 οὑκ
1125 1148 1257 1215 ἐθέλων

243 1256 280 1323 ἐν
308 1269 378 1335 τοῖς
406 1259 542 1334 οἰκείοις
570 1254 646 1342 περὶ
679 1257 807 1322 τούτων
839 1258 921 1342 πρός
950 1278 990 1340 με
1019 1256 1257 1339 διαλύσασθαι,

242 1361 315 1429 ἀλλ’
342 1362 581 1449 ἀναισχυντῶν.
619 1359 887 1448 Ὀλυμπιόδωρος
913 1362 977 1447 χδιρ
1005 1360 1119 1428 οὑτοσὶ
1145 1358 1173 1428 ὦ
1196 1364 1256 1428 άν-

242 1471 319 1550 δρες
345 1466 495 1534 δικασταί
522 1478 663 1552 γυναῖκα
695 1464 756 1553 μὲν
782 1467 886 1552 ἀστὴν
916 1467 999 1533 κατὰ
1024 1470 1103 1545 τοὺς
1128 1470 1255 1554 νόμους

241 1576 319 1650 τοὺς
344 1572 523 1658 ὑμετέρους
549 1571 753 1640 οὐδεπώποτ’
788 1577 923 1659 ἔγημεν,
950 1570 1023 1640 οὐδ’
1049 1572 1135 1639 είσίν
1162 1574 1253 1663 αὐτῷ

241 1680 356 1754 παῖδες
391 1675 464 1744 οὐδ’
500 1677 671 1763 ἐγένοντο,
704 1676 837 1764 ἑταίραν
864 1674 906 1744 ’δὸ
938 1679 1121 1764 λυσάμενος
1152 1681 1253 1745 ἔνδον

242 1786 320 1870 ἐχει,
342 1782 397 1849 καὶ
419 1785 500 1870 αὕτη
524 1783 615 1850 ἐστὶν
637 1785 657 1868 ἡ
682 1783 906 1870 λυμαινομένη
929 1785 1073 1862 ἅπαντας
1090 1784 1176 1869 ἡμᾶς
1197 1784 1253 1852 καὶ

201 1909 229 1950 σι
242 1900 383 1956 ποιοῦσα
412 1889 546 1957 τουτονί
578 1889 759 1978 περαιτέρω
791 1893 979 1976 μαίνεσθαι.
1024 1902 1093 1968 πῶς
1118 1892 1183 1978 γάρ
1210 1893 1253 1958 οὐ
1314 1915 1315 1930 ’

242 1999 407 2081 μαίνεται,
444 1997 534 2076 ὅστις
570 2004 672 2064 οίεται
704 1999 792 2082 δεῖν,
829 1997 850 2064 ἀ
881 1993 942 2082 μὲν
973 1998 1165 2082 ὡμολόγησε
1196 1997 1252 2064 καὶ

242 2101 402 2169 συνέθετο
433 2101 517 2170 ἑκὼν
544 2107 627 2190 πρὸς
656 2101 773 2170 ἑκόντα
801 2099 857 2169 καὶ
886 2105 1012 2189 ὤμοσε,
1038 2104 1166 2169 τούτων
1189 2101 1253 2188 μὲν

241 2207 318 2296 μηδ’
344 2212 459 2278 ὁτιοῦν
480 2221 601 2294 ποιεῖν,
623 2208 679 2276 καί
701 2206 792 2276 ταῦτ’
820 2209 901 2295 ἐμοῦ
924 2210 1167 2288 σπουδάζοντος
1189 2211 1252 2297 οὐχ

239 2312 323 2403 ὑπὲρ
343 2315 487 2402 ἐμαυτοῦ
506 2320 622 2402 μόνον,
644 2314 729 2381 ἀλλὰ
751 2314 806 2382 καί
828 2311 911 2400 ὑπὲρ
932 2325 990 2400 τῆς
1011 2317 1132 2382 τούτου
1154 2314 1251 2382 ἀδελ-

240 2431 305 2508 φῆς
325 2432 383 2506 τῆς
404 2424 605 2508 ὁμοπατρίας
631 2419 687 2488 καί
714 2422 929 2508 ὁμομητρίας,
950 2421 972 2506 ἣ
995 2419 1067 2507 ἐμοὶ
1090 2435 1251 2508 συνοικεῖ,

240 2526 295 2593 καί
322 2524 406 2615 ὑπὲρ
435 2539 494 2614 τῆς
521 2529 642 2594 τούτου
671 2525 868 2612 ἀδελφιδῆς,
897 2530 1065 2612 θυγατρὸς
1091 2525 1129 2594 δέ
1156 2528 1250 2614 ἐμῆς;
1311 2599 1312 2608 χ

240 2629 336 2699 αὑται
358 2634 422 2718 γάρ
445 2637 530 2700 είσιν
552 2635 591 2700 αί
606 2633 821 2718 ἀδικούμεναι
843 2633 904 2720 οὑχ
927 2626 1027 2718 ἧττον
1049 2632 1142 2720 ἐμοῦ,
1165 2634 1250 2701 ἀλλὰ

200 2755 226 2798 ιο
239 2736 452 2822 καὶμᾶλλον.
488 2751 557 2817 πῶς
574 2739 637 2825 γὰρ
657 2739 718 2805 οὐκ
743 2738 935 2806 ἀδικοῦνται
957 2738 978 2823 ἢ
1000 2750 1069 2817 πῶς
1091 2741 1132 2808 οὑ
1154 2743 1250 2808 δεινὰ
1310 2795 1311 2832 ρ

239 2845 438 2930 πάσχουσιν,
475 2845 608 2912 ἐπειδάν
640 2846 746 2931 ὁρῶσι
780 2847 841 2932 τὴν
871 2841 932 2930 μὲν
964 2847 1084 2912 τοῦτον
1115 2844 1250 2934 ἑταίραν
1310 2835 1311 2849 ’

238 2949 419 3038 περαιτέρω
441 2962 502 3018 τοῦ
523 2956 631 3029 καλῶς
653 2954 787 3038 ἐχοντος
809 2949 864 3017 καὶ
885 2956 1005 3039 χρυσία
1025 2954 1133 3019 πολλὰ
1155 2955 1250 3039 ἐχου-

239 3075 302 3123 σαν
324 3054 380 3124 καί
404 3057 514 3142 ίμάτια
536 3058 637 3143 καλά,
663 3057 718 3124 καί
746 3057 881 3137 ἐξόδους
907 3059 1056 3146 λαμπράς
1083 3059 1248 3143 ἐξιοῦσαν,
1309 3065 1310 3079 ’

237 3162 293 3230 καὶ
324 3164 526 3251 ὑβρίζουσαν
562 3161 599 3228 ἐκ
631 3173 699 3228 τῶν
734 3161 917 3249 ἡμετέρων,
953 3161 1050 3229 αὑταὶ
1082 3160 1119 3230 δέ
1149 3187 1248 3230 κατα-

238 3268 414 3357 δεεστέρως
431 3268 506 3355 περὶ
528 3266 618 3334 ταῦτ’
641 3270 761 3354 ἔχωσιν
783 3269 924 3348 ἅπαντας
949 3281 1018 3346 πῶς
1039 3270 1102 3336 οὑκ
1124 3259 1309 3337 ἐκεῖναιιιῦλ

237 3382 364 3462 μᾶλλον
387 3379 435 3442 ἔτι
453 3373 646 3441 ἀδικοῦνται
669 3373 690 3458 ἢ
713 3373 791 3458 ε’γώς
816 3370 913 3452 οὑτος
935 3371 973 3441 δὲ
995 3386 1064 3452 πῶς
1086 3374 1127 3442 οὑ
1149 3387 1252 3442 κατα-’
1307 3447 1308 3454 χ

237 3493 350 3568 φανῶς
373 3484 522 3567 μαίνεται
549 3478 604 3546 καὶ
630 3490 852 3566 παραφρονεῖ,
877 3489 1013 3546 τοιαῦτα
1038 3479 1114 3567 περὶ
1141 3475 1245 3548 αὑτοῦ
1307 3483 1308 3537 λ

1301 3809 1306 3867 λ
