2658 3922
414 188 513 241 ΠΡοΣ
531 189 806 244 αιιιοεεεευοω.
1046 189 1109 254 201

95 342 128 410 δ’
152 341 234 412 οὐδὲ
253 345 430 414 διπλάσιόν
448 371 505 432 μοι
522 349 643 415 τούτου
665 349 758 435 ὕδωρ
778 347 895 416 ίκανδν
913 346 956 414 ἀν
973 347 1112 432 γένοιτο.
1191 393 1193 398 .

94 451 137 516 τδι
168 447 229 536 μὲν
259 446 322 520 οὖν
352 450 488 539 μέγιστα
517 453 573 520 καὶ
603 464 768 541 περιφανῆ
796 465 864 522 τῶν
891 451 1113 539 ἀδικημάτων,

94 553 154 623 καὶ
174 556 301 624 ὁπόθεν
322 557 344 642 ἡ
368 557 544 646 ἀπογραφὴ
563 559 645 645 αὕτη
664 558 814 645 γέγονεν,
836 559 900 645 ἐρῶ
918 560 1001 646 πρὸς
1016 558 1114 644 ὑμᾶς,

94 663 137 728 τὰ
161 659 199 728 δέ
220 664 327 730 πολλὰ
350 663 445 730 ἐάσω.

67 787 81 826 ι
166 772 395 856 Νικόστρατος
423 771 498 857 γδιρΜ
518 769 632 838 οὑτοσὶ
654 766 682 836 ὦ
704 772 824 858 ἀνδρες
851 772 1019 857 δικασταί,
1046 775 1113 855 γεί·

95 897 167 940 των
200 898 257 959 μοι
288 874 336 941 ἀν
366 874 403 942 ἐν
427 861 517 964 ἀγρῷ
548 874 604 942 καὶ
632 875 824 960 ἡλικιώτης,
852 881 1026 964 γνωρίμως
1051 875 1113 962 μέν

95 1003 156 1064 μοι
186 975 252 1066 εἶχε
282 977 339 1046 καὶ
368 982 489 1064 πάλαι,
518 980 631 1066 ἐπειδὴ
663 977 692 1046 δ’
720 980 930 1066 ἐτελεύτησεν
959 982 978 1049 ὁ
1006 981 1112 1068 πατὴρ

94 1084 153 1151 καὶ
176 1083 240 1169 ἐγὼ
264 1084 301 1151 ἐν
311 1084 415 1178 ,ἀγρῷ
440 1083 629 1174 κατῴκουν,
651 1081 753 1172 οὗπερ
776 1084 917 1153 καλοῦν
939 1085 1113 1171 οίκω,καὶ

96 1194 227 1276 μᾶλλον
255 1191 411 1278 ἀλληλοις
436 1193 501 1278 ἤδη
531 1189 723 1279 ἐχρώμεθα,
753 1191 809 1257 διδ
837 1193 876 1259 τὸ
904 1189 1050 1276 γείτονές
1077 1213 1113 1257 τε

96 1292 185 1362 εἶναι
203 1293 259 1364 καὶ
276 1295 456 1381 ἡλικιῶται.
496 1301 621 1385 χρόνον
640 1293 679 1364 δέ
695 1301 935 1385 προβαίνοντος
952 1295 1008 1363 καὶ
1024 1297 1113 1363 πάυυ

97 1404 231 1479 οἰκείως
254 1403 461 1488 διεκείμεθα,
488 1403 544 1470 καὶ
566 1402 631 1487 ἐγώ
657 1401 693 1469 θ’
722 1403 827 1481 οὕτως
848 1406 976 1480 οἰκείως
997 1404 1114 1468 διεκεί-

96 1531 164 1593 μην
193 1509 276 1593 πρὸς
304 1519 424 1577 τοῦτον
431 1559 442 1594 ,
477 1507 554 1576 ὥστ’
586 1509 724 1587 οὐδενὸς
752 1512 882 1576 πώποτε
912 1503 960 1576 ὧν
988 1508 1111 1595 ἐδεήθη

96 1609 196 1691 οὗτος
218 1613 300 1700 ἐμοῦ
323 1613 500 1701 ἀπέτυχεν,
528 1611 625 1692 οὗτός
651 1611 679 1680 τ’
706 1610 750 1680 αὖ
772 1613 846 1701 ἐμοὶ
868 1614 930 1681 οὐκ
952 1616 1113 1702 ἀχρηστος

95 1713 141 1802 ἦν
157 1722 246 1804 πρὸς
266 1723 305 1788 τὸ
324 1720 566 1806 ἐπιμεληθῆναι
584 1719 639 1787 καὶ
659 1722 835 1806 διοικῆσαι,
856 1719 913 1788 καὶ
931 1722 1028 1789 ὁπότε
1046 1721 1111 1806 ἐγὼ

97 1823 309 1956 ἀποδημοίην
337 1826 358 1913 ἢ
386 1828 530 1915 δημοσίᾳ
556 1838 764 1914 τριηραρχῶν
789 1826 810 1911 ἦ
838 1828 908 1893 ίδία
933 1825 1002 1893 κατ’
1029 1829 1111 1894 ἀλλο

75 1955 143 2014 τι,
164 1933 283 2019 κύριον
304 1943 373 1999 τῶν
396 1933 433 2000 έν
462 1931 553 2021 ἀγρῷ
582 1943 703 2000 τοῦτον
731 1930 885 1998 ἀπόντων
911 1931 1112 2000 κατέλειπον.

69 2056 83 2097 ε
98 2040 274 2122 συμβαίνει
293 2040 335 2122 δή
348 2061 411 2122 μοι
428 2042 622 2126 τριηραρχία
640 2037 717 2126 περὶ
734 2040 1008 2124 Πελοπόννησον,
1031 2039 1113 2106 ἐκεῖ·-

96 2149 162 2208 θεν
185 2139 215 2208 δ
242 2144 291 2219 είς
312 2147 469 2210 Σικελίαν
497 2145 564 2210 ἔδει
590 2147 670 2230 τοὺς
695 2141 849 2231 πρέσβεις
874 2145 985 2229 ἀγειν,
1012 2144 1071 2222 ους
1093 2146 1113 2210 ὁ

98 2249 204 2331 δημος
227 2245 483 2334 ἐχειροτόνησεν.
518 2245 622 2333 ἡοῦν
641 2249 796 2334 ἀναγωγὴ
821 2247 1025 2335 διαταχέων
1046 2248 1114 2333 ἐγί-

98 2355 197 2436 γνετό
220 2376 286 2437 μοι.
323 2351 500 2420 ἐπιστέλλω
520 2355 562 2438 δὴ
586 2355 674 2442 αὐτῷ
699 2355 750 2421 ότι
768 2355 868 2430 αὐτὸς
885 2349 946 2439 μὲν
969 2354 1113 2439 ἀνῆγμαι

98 2457 154 2525 καὶ
171 2458 239 2545 οὐχ
262 2450 332 2536 οἷός
353 2456 382 2525 τ’
409 2465 482 2544 είηυ
506 2462 618 2526 οίκαδε
647 2459 843 2547 ἀφικέσθαι,
864 2462 927 2527 ,ἵνα
948 2462 993 2546 μὴ
1016 2483 1112 2526 κατα·
1122 2479 1190 2530 1248

100 2565 262 2650 κωλύοιμι
280 2566 359 2641 τοὺς
376 2562 542 2650 πρέσβειςὲ
563 2565 670 2653 τούτῳ
688 2561 727 2632 δέ
747 2565 932 2654 προσέταξα
953 2566 1114 2651 ἐπιμελεῖ·

102 2674 185 2736 σθαί
211 2691 248 2736 τε
278 2681 346 2736 των
378 2676 465 2736 οίκοι
495 2667 552 2736 καὶ
583 2671 741 2756 διοικεῖν,
771 2673 880 2757 ὥσπερ
912 2671 968 2739 καὶ
998 2671 1036 2739 ἐν
1066 2683 1112 2761 τῷ

76 2778 293 2863 εέμπροσθεν
314 2779 434 2866 χρόνω
476 2775 514 2842 ἐν
536 2771 574 2841 δέ
596 2785 635 2863 τῇ
659 2775 720 2862 ἐμῇ
743 2776 912 2867 ἀποδημίᾳ
933 2777 1113 2866 ἀποδιδρά-

102 2898 239 2946 σκουσιν
262 2880 364 2948 αὐτὸν
388 2878 515 2954 οἰκέται,
529 2891 618 2967 τρεῖς
636 2880 668 2960 ἐξ
688 2882 793 2966 ἀγροῦ
815 2884 904 2970 παρὰ
925 2886 1057 2968 τούτου,
1080 2887 1116 2952 os

102 2982 161 3070 μὲν
180 2987 242 3053 δύο
262 2981 310 3052 ὧν
329 2986 393 3070 ἐγὼ
412 2988 520 3052 ἔδωκα
542 2985 648 3074 αὐτῷ,
670 2987 689 3053 ὁ
713 2983 750 3052 δὲ
772 2979 820 3065 εἷς
838 2983 886 3054 ὧν
904 2989 1003 3066 αὐτὸς
1020 2989 1112 3075 ἐκτη-

102 3109 189 3158 σατο.
222 3093 353 3158 διώκων
372 3087 436 3167 οὖν
454 3088 621 3158 ἀλίσκεται
639 3091 705 3158 ὑπὸ
722 3095 878 3179 τριήρους
894 3093 949 3160 καὶ
962 3097 1111 3181 κατήχθη

102 3199 147 3274 είς
168 3203 329 3282 Αίγιυαν,
356 3195 412 3264 καὶ
435 3198 503 3264 ἐκεῖ
523 3197 663 3283 ἐπράθη.
704 3195 817 3284 ἐπειδὴ
845 3195 883 3266 δὲ
909 3198 1111 3266 κατέπλευσα

102 3303 163 3386 ἐγὼ
193 3313 417 3390 τριηραρχῶν,
442 3301 660 3388 προσέρχεταί
683 3327 740 3388 μοι
763 3308 896 3372 Δείνων
923 3304 943 3372 δ
969 3304 1112 3392 ἀδελφὸς

102 3409 119 3474 δ
141 3410 277 3494 τούτου,
305 3407 412 3492 λέγων
438 3410 500 3493 την
528 3431 564 3473 τε
585 3410 706 3476 τούτου
729 3410 925 3495 συμφοράν,
952 3410 1050 3487 αὐτός
1075 3433 1111 3475 τε

102 3513 151 3579 ὅτι
184 3512 226 3581 δι’
264 3514 406 3602 ἀπορίαν
442 3512 588 3600 ἐφοδίων
623 3513 665 3581 οὐ
700 3512 943 3601 πεπορευμένος
974 3520 1025 3596 εἴη
1057 3511 1111 3578 ἐπὶ
