2650 3918
502 211 777 264 mmmm.
1080 208 1145 274 309

84 386 116 428 τε
153 439 155 442 ,
203 365 290 456 Φέρε
318 369 360 453 δη
387 370 468 454 ὑμῖν
494 367 550 436 καί
577 367 692 457 ἑτέραν
719 373 904 456 μαρτυρίαν
930 369 1147 456 παράσχωμαι
1157 388 1225 438 1364

132 484 195 541 τοῦ
217 497 252 541 τε
273 476 467 560 Φράστορος
484 473 539 542 καὶ
556 487 624 542 τῶν
642 474 818 562 φρατέρων
836 476 939 543 αὐτοῦ
955 475 1013 544 καὶ
1030 499 1148 560 γεννη-

132 592 214 666 τῶν,
244 581 288 657 ὡς
317 583 386 646 έστι
416 580 492 666 ξένη
515 581 645 667 Νέαιρα
665 582 781 666 αὑτηί.
824 583 1006 671 ού·πολλῷ
1037 584 1148 671 γρόνφ

132 688 199 771 γάρ
227 686 369 772 ὕστερον
391 687 413 774 ἢ
437 686 616 773 ἐξέπεμψεν
639 687 657 754 δ
683 688 847 773 Φράστωρ
875 691 938 774 τὴν
966 699 1025 774 τῆς
1046 691 1148 755 Νεαί-

133 816 194 878 ρας
216 792 403 878 θυγατέρα,
431 790 599 878 ἠσθένησε
627 791 684 858 καὶ
711 793 802 860 πάνυ
831 806 985 880 πονηρῶς
1013 793 1146 878 διετέθη

131 896 189 964 καὶ
216 901 263 976 είς
288 909 400 966 πᾶσαν
428 899 571 982 ἀπορίαν
597 896 747 985 κατέστη.
796 900 960 985 διαφορᾶς
987 897 1018 966 δ’
1045 902 1147 984 ούσης

132 1005 222 1093 αύτῷ
240 1010 381 1083 παλαιᾶς
398 1007 481 1089 πρὸς
497 1007 576 1082 τοὺς
594 1007 738 1082 οἰκείους
757 1008 835 1083 τούς
853 1006 956 1073 αὑτοῦ
973 1004 1029 1072 καὶ
1047 1007 1147 1091 ὀργῆς

132 1108 189 1176 καὶ
215 1119 349 1196 μίσους,
375 1113 458 1196 πρὸς
485 1106 522 1178 δέ
549 1109 605 1176 καὶ
632 1113 729 1188 άπαις
756 1113 828 1196 δόν,
845 1113 1147 1196 ψυχαγωγούμενος

133 1218 171 1285 έν
192 1226 232 1304 τη
261 1216 420 1304 ἀσθενείᾳ
446 1226 486 1303 τῇ
514 1220 677 1304 θεραπείᾳ
702 1225 741 1303 τη
768 1218 834 1283 ύπό
861 1241 896 1284 τε
922 1225 979 1301 της
1000 1220 1147 1301 Νεαίρας

87 1341 118 1383 ⁵⁶
132 1323 189 1390 καὶ
217 1333 275 1409 τῆς
303 1324 471 1408 θυγατρὸς
499 1323 600 1407 αὐτῆς
633 1320 801 1410 (ἐβάδιζον
828 1325 892 1408 γάρ
921 1325 1004 1408 πρὸς
1032 1322 1146 1408 αύτόν,

133 1430 179 1507 ὡς
200 1428 338 1514 ἠσθένει
360 1427 416 1495 καὶ
439 1432 560 1514 ἔρημος
585 1423 629 1512 ἦν
655 1438 717 1496 τοῦ
743 1430 1010 1514 θεραπεύσοντος
1030 1431 1069 1496 τό
1090 1431 1147 1495 νό·

133 1553 233 1621 σημα,
255 1536 295 1601 τὰ
316 1538 492 1621 πρόσφορα
514 1543 554 1620 τη
576 1537 667 1622 νόσφ
689 1532 928 1621 φέρονταικαὶ
950 1534 1146 1602 ἐπισκοπού-

133 1661 243 1727 μεναι·
268 1648 336 1708 ῖστε
350 1643 467 1726 δήπου
489 1639 546 1707 καὶ
568 1641 679 1724 αύτοί,
708 1641 790 1708 ὅσον
811 1640 887 1720 ’ἀξία
909 1639 978 1708 ἐστὶ
999 1643 1086 1727 γυνη
1108 1640 1146 1707 έν

131 1760 205 1824 ταῖς
226 1751 350 1834 νόσοις,
372 1757 527 1834 παροῦσα
548 1748 708 1833 κάμνοντι
735 1744 918 1837 ἀνθρύπφ)
941 1746 1080 1832 ἐπείσθη
1103 1750 1146 1834 δη

132 1858 170 1920 τὸ
199 1854 353 1939 παιδίον,
382 1853 400 1920 δ
428 1857 537 1920 έτεκεν
559 1854 580 1938 η
603 1853 754 1941 θυγάτηρ
783 1852 805 1936 η
834 1856 983 1940 Νεαίρας
1008 1853 1146 1939 ταυτησὶ

133 1957 181 2026 ὅτ’
205 1959 392 2045 ἐξεπέμφθη
416 1960 482 2026 ὑπὸ
500 1969 562 2026 τοῦ
582 1961 774 2046 Φράστορος
791 1969 929 2043 κυοῦσα,
950 1959 1145 2045 πυθομένου

133 2065 186 2131 ότι
216 2065 258 2131 ού
289 2065 465 2150 Στεφάνου
498 2071 548 2148 εῖη
579 2063 731 2149 θυγάτηρ
738 2112 748 2146 ,
782 2063 864 2129 ἀλλά
895 2066 1060 2151 Νεαίρας,
1090 2064 1146 2132 καὶ

134 2167 350 2255 ὀργισθέντος
372 2168 425 2235 ἐπὶ
447 2179 487 2256 τῇ
509 2169 632 2257 ἀπάτη,
658 2170 759 2236 πάλιν
786 2174 901 2255 λαβεῖν
928 2169 984 2236 καὶ
1009 2173 1146 2255 ποιησα-

89 2295 119 2337 ετ
135 2282 217 2340 σθαι
246 2275 324 2340 νίὸν
356 2275 477 2360 αὑτοῦ,
509 2278 670 2361 λογισμὸν
702 2274 920 2362 ἀνθρώπινον
950 2274 1006 2342 καί
1037 2279 1160 2344 εἰκότα

134 2382 356 2465 λογιζόμενος,
378 2381 430 2447 ότι
452 2394 606 2468 πονηρῶς
623 2378 685 2467 μὲν
704 2385 773 2468 ἐχοι
791 2381 846 2449 καὶ
864 2383 905 2449 ού
928 2385 1032 2466 πολλὴ
1057 2382 1147 2461 ἐλπίς

133 2495 184 2573 είη
208 2488 311 2554 αὐτὸν
332 2490 620 2573 περιγενήσεσθαι,
642 2498 702 2554 τοῦ
721 2484 758 2554 δὲ
776 2489 820 2573 μὴ
839 2491 954 2573 λαβεῖν
972 2491 1050 2565 τοὺς
1067 2506 1146 2573 συγ-

133 2606 240 2679 γενεῖς
263 2595 303 2659 τά
327 2593 430 2660 αὑτοῦ
453 2592 532 2679 μηδ’
557 2595 654 2671 ἀπαις
681 2593 943 2677 τετελευτηκέναι
971 2593 1146 2678 έποιησατο

134 2704 194 2767 τὸν
216 2701 319 2766 παῖδα
341 2698 397 2767 καλ
419 2699 581 2784 ἀνέλαβεν
603 2701 648 2778 ὡς
669 2699 786 2766 αὑτόν·
814 2697 884 2766 ἐπεὶ
906 2700 957 2766 ότι
979 2724 1017 2784 γε
1039 2700 1146 2785 ὑγιαί-

133 2829 203 2872 νων
226 2806 288 2873 ούκ
310 2808 353 2872 ἀν
374 2828 453 2874 ποτε
477 2804 607 2892 ἔπραξε,
635 2807 766 2895 μεγάλφ
793 2811 956 2897 τεκμηρίῳ
979 2805 1034 2873 καὶ
1055 2829 1146 2895 περι-

93 2928 120 2970 ⁶⁸
134 2924 237 2998 φανεῖ
261 2912 325 2997 ἐγὼ
352 2912 433 2998 ὑμῖν
460 2912 622 2992 ἐπιδείξω.
659 2913 704 2990 ὡς
725 2913 788 2999 γάρ
811 2911 931 2998 ἀνέστη
954 2914 1089 3000 τάχιστα
1111 2915 1144 2995 ἐξ

135 3019 262 3103 ἐκείνης
284 3029 341 3103 τῆς
362 3019 540 3096 ἀσθενείας
557 3019 577 3088 δ
597 3019 761 3104 Φράστωρ
783 3016 839 3084 καὶ
861 3018 1021 3105 ἀνέλαβεν
1044 3021 1145 3087 αὑτὸν

132 3123 190 3191 καί
213 3127 308 3210 ἔσχεν
331 3123 480 3203 ἐπιεικῶς
500 3128 539 3192 τὸ
563 3137 672 3210 σῶμα,
695 3126 856 3210 λαμβάνει
878 3139 1020 3209 γυναῖκα
1042 3124 1146 3210 ἀστην

134 3232 216 3297 κατά
238 3233 317 3307 τοὺς
337 3234 479 3316 νόμους,
501 3233 659 3318 Σατύρου
681 3227 743 3316 μέν
765 3240 825 3298 τοῦ
848 3232 1019 3309 Μελιτέως
1039 3239 1145 3316 θυγα-

134 3335 212 3423 τέρα
229 3340 382 3422 γνησίαν,
405 3341 553 3422 Διφίλου
571 3333 609 3403 δέ
627 3336 785 3422 ἀδελφήν.
821 3339 903 3403 ὥστε
926 3339 977 3404 ὅτι
1000 3334 1061 3422 μὲν
1083 3338 1145 3422 οὐχ
1156 3356 1223 3406 1³6⁶

135 3441 220 3509 ἑκὼν
249 3439 424 3520 ἀνεδέξατο
453 3444 513 3509 τὸν
540 3444 661 3526 παῖδα,
695 3440 778 3508 ἀλλὰ
811 3440 964 3526 βιασθεὶς
993 3442 1058 3508 ὑπὸ
1087 3451 1144 3522 τῆς

133 3551 238 3616 νόσου
261 3546 316 3614 καί
338 3556 395 3633 τῆς
417 3545 571 3624 ἀπαιδίας
596 3546 651 3613 καί
673 3557 731 3632 τῆς
752 3543 809 3612 ὑπ’
834 3545 944 3612 αὐτῶν
966 3551 1144 3628 θεραπείας
