2658 3914
462 181 561 234 ΠΡΟΣ
579 179 779 235 ΤΙΜΟΘΕΟΝ.
1060 175 1124 242 159

115 364 218 426 ματος
243 343 303 408 τὸν
331 343 465 426 ἔλεγχον
491 339 587 426 ἠξίου
614 337 790 425 γενέσθαι,
816 339 1041 426 φοβούμενος,
1069 335 1128 402 έδν

115 444 178 532 μλν
209 449 393 534 μαρτυρίαν
422 447 626 533 παράσχηται
658 447 703 524 ὡς
731 444 912 530 ἐλευθέρου
941 445 1054 526 ὄντος,
1082 442 1127 526 μὴ

115 545 382 638 ἐπισκηψάμενος
404 551 468 636 ἐγὼ
486 562 554 618 τῶν
571 553 867 638 ψευδομαρτυριῶν
885 548 940 616 καλ
963 546 1129 632 ἐξελέγξας

115 659 156 724 τά
185 659 293 742 ψευδῆ
323 660 593 744 μεμαρτυρηκότα
620 659 683 734 τὸν
711 660 920 744 Αἰσχρίωνα,
949 653 1002 720 έπλ
1030 655 1128 720 τόνδε

115 773 183 830 τῶν
199 773 420 848 κακοτεχνιῶν
432 766 565 847 ἔλθοιμι
576 763 658 828 κατὰ
674 764 733 828 τὸν
744 766 862 847 νόμον,
872 764 904 828 εἰ
921 759 951 827 δ’
969 755 1012 827 αὖ
1024 764 1126 845 βασα-

115 871 219 948 νίζειν
238 869 414 952 παραδοίη,
432 867 476 951 μη
495 867 553 943 τδς
571 865 729 951 ἀληθείας
746 870 893 932 κατείποι
911 865 930 932 ὁ
948 868 1127 953 Αἰσχρίων.

66 991 101 1032 5⁷
116 978 225 1040 καίτοι
251 975 355 1039 καλὸν
381 967 425 1056 ἦν
452 971 557 1061 αὐτῷ,
585 973 616 1038 εἰ
640 983 707 1037 τῶν
735 973 847 1037 ἀλλων
869 972 1046 1056 λημμάτων
1067 981 1127 1038 τοῦ

115 1079 280 1165 ἀργυρίου
312 1079 479 1164 μάρτυρας
510 1077 554 1162 μη
586 1072 652 1162 εἶχε
684 1075 931 1162 παρασχέσθαι,
960 1079 1059 1145 τοῦτό
1089 1075 1122 1161 γ’

117 1183 281 1268 ἐξελέγξαι
308 1183 345 1250 ἐκ
371 1193 432 1250 τοῦ
458 1185 683 1268 Αἰσχρίωνος,
711 1183 756 1259 ὡς
783 1181 844 1248 οὐκ
859 1181 1066 1268 ’ἐλήφθησαν
1093 1183 1131 1248 αἰ

116 1291 233 1377 φιάλαι
262 1286 335 1357 οὐδ’
368 1287 390 1372 ἡ
420 1297 486 1374 μνᾶ
514 1299 576 1355 τοῦ
605 1286 785 1375 ἀργυρίου,
816 1284 891 1354 οὐδ’
926 1287 1079 1375 ἐπέμφθη
1109 1290 1128 1356 ὁ

116 1399 288 1483 Αἰσχρίων
316 1395 381 1461 ὑπὸ
411 1394 531 1460 τούτου
561 1395 605 1472 ὡς
634 1396 693 1460 τὸν
722 1392 845 1480 πατέρα
867 1396 927 1460 τὸν
949 1393 1045 1480 ἐμόν,
1073 1393 1128 1460 καλ

115 1506 280 1591 τεκμηρίῳ
309 1501 416 1590 τούτῳ
444 1503 715 1587 καταχρήσασθαι
743 1501 826 1586 πρὸς
853 1499 956 1585 ὑμᾶς,
985 1499 1036 1566 ὅτι
1063 1499 1127 1584 έγδτ

115 1605 173 1673 καλ
201 1608 303 1672 τάλλα
330 1607 497 1690 ψεύδομαι
525 1603 601 1693 περὶ
631 1599 679 1671 ὧν
702 1604 829 1689 έγκαλω
852 1605 953 1694 αὐτῷ,
982 1606 1067 1674 ὅπου
1089 1629 1127 1690 γε

117 1713 159 1778 όν
182 1735 265 1798 φημι
287 1717 401 1798 λαβεῖν
429 1709 559 1796 οἰκέτην
587 1710 668 1777 όντα
694 1713 815 1777 τούτου
842 1711 901 1790 τὰς
925 1711 1046 1797 φιάλας
1071 1709 1127 1778 καί

115 1819 180 1903 τὴν
201 1827 287 1904 μνᾶν
310 1827 370 1885 τοῦ
393 1817 567 1904 ἀργυρίου,
590 1813 687 1894 οὗτος
709 1820 964 1903 βασανιζόμενος
987 1818 1028 1884 οὐ
1050 1819 1127 1904 φαί·

70 1943 102 1986 τε
116 1947 209 1991 νεται
231 1926 351 2009 λαβών.
393 1925 424 1989 εἰ
449 1928 565 1990 τοίνυν
591 1927 703 1990 τοῦτο
718 1926 856 2011 ἰσχυρὸν
881 1919 925 2008 ἦν
951 1923 994 1990 ἀν
1019 1925 1126 2014 τούτῳ

116 2033 200 2116 πρὸς
222 2029 307 2113 ὑμᾶς
329 2030 515 2115 τεκμήριον,
538 2028 589 2095 ὅτι
612 2027 762 2106 ἐξεδίδου
784 2031 842 2096 τὸν
860 2031 1064 2114 Αἰσχρίωνα,
1086 2028 1127 2096 δν

116 2135 316 2220 πεμφθῆναί
341 2159 426 2220 φημι
453 2135 519 2200 ὑπὸ
548 2134 668 2199 τούτου
695 2131 750 2199 καλ
779 2138 894 2219 λαβεῖν
922 2135 980 2212 τὰς
1008 2134 1129 2220 φιάλας

117 2239 209 2324 παρὰ
226 2248 286 2303 τοῦ
303 2240 426 2324 πατρὸς
447 2249 507 2305 τοῦ
530 2237 612 2321 ἐμοῦ
633 2235 688 2303 καλ
706 2239 767 2323 την
784 2248 872 2322 μνᾶν
889 2222 949 2305 τοί)
967 2236 1129 2325 ἀργυρίου

118 2347 352 2427 δανείσασθαι,
373 2340 472 2426 κάμολ
489 2340 639 2426 γενέσθω
658 2346 834 2429 τεκμήριον
856 2346 938 2430 πρὸς
959 2343 1055 2428 ὑμᾶς,
1077 2343 1128 2409 ὅτι

117 2450 282 2526 συνειδώς
303 2471 343 2533 με
365 2447 475 2532 ἀληθῆ
499 2447 701 2532 ἐγκαλοῦντα
723 2448 764 2515 οὐ
785 2454 890 2537 τολμᾷ
911 2451 970 2516 τὸν
993 2449 1127 2536 Αἰσχρί-

119 2581 189 2624 ωνα
211 2556 428 2640 παραδοῦναι.
803 2636 806 2642 .

76 2682 105 2724 ευ
182 2659 379 2746 Ἀπολογίαν
398 2663 516 2726 τοίνυν
533 2661 716 2744 ποιήσεται,
739 2659 789 2726 ὅτι
812 2659 849 2725 ἐν
870 2671 940 2738 τοῖς
961 2661 1128 2749 γράμμοισι

119 2779 188 2845 τοῖς
214 2769 451 2853 τραπεζιτικοῖς
476 2762 526 2832 ἐπ’
554 2762 789 2843 Ἀλκισθένονς
820 2766 979 2852 ἀρχοντος
1005 2761 1048 2853 ἦν
1074 2791 1127 2852 γε-

120 2871 305 2960 γραμμένος
327 2875 364 2939 τό
387 2895 422 2938 τε
444 2875 571 2938 ναῦλον
597 2883 664 2938 τῶν
691 2870 799 2950 ξύλων
826 2873 969 2958 εἰληφὼς
989 2872 1045 2940 καλ
1066 2876 1127 2960 τὴν

119 2980 219 3064 τιμὴν
245 2990 312 3044 τῶν
339 2983 486 3065 φιαλῶν,
511 2978 530 3044 δ
553 2976 700 3044 ἀπέτεισε
728 2977 925 3064 Τιμοσθένει
946 2975 1030 3066 ὑπὲρ
1052 2981 1128 3046 τοί-

119 3108 180 3151 του
203 3085 221 3151 ὁ
244 3087 367 3170 πατήρ,
395 3083 451 3150 καλ
480 3085 531 3150 ὅτι
558 3081 656 3162 αὐτὸς
678 3084 715 3150 ἐν
736 3085 843 3176 τοότφ
865 3094 911 3174 τῷ
934 3089 1044 3176 χρόνῳ
1066 3087 1128 3152 οὐκ
1138 3104 1206 3153 ιεοε

121 3189 286 3275 ἐπεδήμει,
308 3189 392 3256 ἀλλδ
413 3191 501 3278 παρὰ
523 3194 655 3275 βασιλεῖ
673 3186 726 3276 ἧν.
763 3190 840 3278 περὶ
862 3193 903 3276 δὴ
925 3193 1047 3258 τούτου
1070 3208 1127 3258 σα·

120 3307 192 3382 φῶς
220 3295 306 3378 ὑμᾶς
334 3297 497 3382 βούλομαι
527 3294 674 3380 διδοίξαι,
702 3294 746 3362 ἶν’
780 3297 923 3384 ἀκριβῶς
950 3299 1058 3382 εἰδῆτε
1088 3298 1128 3366 δν

43 3487 45 3490 ¹
82 3421 108 3461 ιο
120 3403 245 3488 τρόπον
268 3404 334 3487 ἔχει
355 3403 396 3468 τὰ
417 3401 590 3487 γράμματα
606 3402 647 3468 τὰ
666 3401 731 3469 ἀπὸ
751 3411 809 3488 της
830 3400 995 3488 τραπέζης.
1032 3397 1129 3478 οὗτος

121 3509 184 3592 γδρ
208 3507 245 3572 ἐν
267 3503 328 3591 μέν
354 3515 399 3595 τχθ
426 3511 635 3593 θαργηλιῶνι
662 3505 741 3592 μηυλ
768 3504 817 3574 ἐπ’
841 3504 987 3573 Ἀστείου
1010 3507 1126 3591 ἀρχόν·
