2654 3926
463 140 562 191 ΠΡΟΣ
580 141 798 194 ammon.
1091 139 1133 204 19

531 299 731 351 ΑΠΟΦΑΣΙΣ.

106 436 137 476 ¹⁷
197 416 346 507 Ἑπίσχες.
389 422 471 506 αὕτη
502 419 592 488 ἐστίν
621 417 648 486 ὧ
679 423 798 509 ἄνδρες
827 420 977 489 δικασταὶ
1003 420 1024 505 ἡ
1048 417 1134 507 Ἀρι-

148 529 248 610 στονύη
269 536 329 593 τοῦ
354 527 581 612 Φιλοστράτου
603 528 771 614 θυγάτηρ,
798 531 903 612 μήτηρ
932 526 970 593 δὲ
991 530 1134 593 τουτουί.

146 633 227 718 ταύτῃ
249 632 351 718 χρέως
373 630 477 718 φησὶν
500 633 692 719 ὀφείλεσθαι
713 637 899 710 Φαίνιππος
920 634 981 717 τήν
1003 643 1135 719 προῖκα,

145 730 174 818 ἧς
197 739 229 804 οί
252 741 351 823 νόμοι
380 741 498 824 κύριον
526 749 645 805 τοῦτον
672 748 821 824 ποιοῦσι,
849 741 1053 823 ψευδόμενος
1079 736 1135 803 καὶ

144 843 176 907 ού
200 845 330 923 δικαίως
359 847 527 932 χρώμενος
555 854 594 930 τῇ
624 843 797 930 ἀποφάσει.
840 845 897 909 διὰ
925 848 959 910 τί
982 845 1046 930 γάρ
1069 843 1132 926 ἐγὼ
1233 873 1235 878 ·

143 951 308 1035 Φαίνιππε,
338 952 501 1036 μενούσης
529 974 586 1035 μοι
615 959 672 1034 τῆς
700 952 822 1036 μητρὸς
849 950 953 1038 ἐντῷ
978 956 1056 1039 οίκςο
1079 947 1133 1015 καί

140 1055 229 1140 ζώσης
253 1054 309 1121 καλ
336 1053 443 1143 προῖκ’
472 1053 746 1140 ἐπενεγκαμένης,
777 1055 838 1120 οὐκ
864 1053 1045 1140 ἀπογράφω
1073 1056 1134 1138 τήν

138 1173 246 1246 προῖκα
266 1159 371 1248 χρέως
393 1161 487 1248 αὐτῇ,
510 1157 588 1227 οὐδὲ
607 1162 856 1247 παρακρούομαι
874 1163 952 1237 τοὺς
970 1161 1135 1244 δικαστάς,

137 1264 203 1332 ἀλλ’
230 1267 271 1333 ἐῶ
295 1264 442 1352 μετέχειν
464 1277 531 1332 τῦν
554 1266 699 1351 ἐμαυτοῦ
717 1268 778 1351 τήν
797 1265 930 1352 μητέρα,
953 1267 995 1331 άν
1017 1289 1052 1331 τε
1074 1267 1135 1350 τήν

138 1376 318 1440 Φαινίππου
341 1375 384 1438 ἄν
406 1395 441 1438 τε
463 1374 525 1456 τήν
548 1372 691 1456 ἐμαυτοῦ
714 1375 776 1458 ἔχω
796 1373 927 1450 οὐσίαν;
952 1371 1002 1437 ὅτι
1025 1373 1061 1438 οί
1079 1375 1135 1436 νό-

135 1502 186 1562 μοι
205 1491 307 1545 ταῦτα
328 1479 523 1544 σαλεύουσιν
546 1473 573 1542 ὦ
595 1477 755 1563 βέλτιστε·
779 1481 820 1544 σὺ
843 1475 881 1544 δὲ
903 1479 1010 1544 πάντα
1031 1487 1135 1554 ποιεῖς

133 1587 214 1672 παρὰ
235 1589 313 1663 τοὺς
334 1588 466 1669 νόμους.
503 1582 569 1667 λέγ’
597 1583 719 1670 ἕτερον.

529 1769 727 1822 ΑΠΟΦΑΣΙΣ.

95 1900 118 1939 28
189 1879 332 1950 Ἀκούετ’
366 1878 393 1948 ὦ
425 1883 544 1969 ἄνδρες
575 1885 738 1950 δικασταί·
768 1889 935 1975 Παμφίλῳ
967 1884 1050 1971 φησὶ
1080 1885 1136 1953 καὶ

132 1992 296 2080 Φειδόλεῳ
314 1986 542 2073 Ῥαμνουσίοις
564 1999 659 2074 κοινῇ
685 1990 847 2058 τάλαντον
875 1991 1058 2078 ἐνοφείλειν
1081 1990 1136 2058 καὶ

130 2097 288 2182 Αίαντίδη
313 2099 421 2161 Φλυεῖ
443 2099 703 2181 τετρακισχιλίας
729 2095 784 2161 καὶ
803 2094 1023 2183 Ἀριστομένει
1041 2095 1136 2163 'Ava-

129 2205 273 2290 γυρασίω
292 2199 445 2287 τέτταρας
462 2198 517 2266 καὶ
536 2199 615 2266 δέκα
633 2209 725 2285 μνᾶς.
758 2202 867 2267 διὰτί
882 2197 944 2268 οὖν
959 2206 1137 2287 Φαίνιππε,

128 2308 179 2373 ὅτε
200 2304 263 2392 μὲν
286 2305 351 2389 έγδ)
374 2307 541 2393 μάρτυρας
564 2308 649 2391 ἔχων
671 2307 808 2392 ἠρώτων
831 2305 861 2372 6²
888 2313 923 2372 εί
940 2330 973 2372 τι
995 2306 1137 2392 ὀφείλεις

129 2412 180 2478 ἐπὶ
195 2421 235 2499 τῇ
254 2411 400 2500 ἐσχατιᾷ,
417 2410 472 2479 καὶ
491 2410 645 2478 ἐκέλευον
664 2411 767 2491 δείξαι
786 2413 867 2499 ὅρον
884 2419 918 2478 εί
932 2434 997 2479 που
1015 2416 1136 2498 ἔπεστι,

128 2518 178 2585 καλ
206 2520 474 2605 διεμαρτυρόμην
505 2518 594 2594 ὅπως
620 2521 664 2602 μή
693 2541 749 2601 μοι
776 2517 916 2605 ύστερον
943 2534 1136 2585 κατεσκευα-

128 2623 241 2710 σμένοι
265 2622 435 2690 δανεισταὶ
456 2627 679 2709 φανήσονται,
705 2627 778 2690 τότε
805 2621 866 2709 μὲν
889 2620 990 2691 οὐδὲν
1012 2623 1136 2710 ἀπέφη-

127 2755 183 2810 νας
204 2741 274 2797 τῶν
296 2740 414 2816 χρεων,
436 2729 549 2814 ἐπειδὴ
569 2725 607 2794 δὲ
625 2728 768 2818 δευτέρῳ
787 2728 867 2815 μηνὶ
884 2731 946 2814 τήν
968 2729 1135 2816 ἀπόφασιν

128 2837 250 2914 ἔδωκάς
274 2859 341 2920 μοι,
363 2845 425 2903 τοῦ
442 2839 549 2919 νόμου
568 2837 761 2913 κελεύοντος
782 2848 884 2923 τριῶν
906 2836 1049 2922 ἡμερῶν,
1071 2847 1135 2902 νῦν

126 2943 243 3026 ήκουσι
272 2939 440 3008 δανεισταὶ
466 2939 522 3007 καὶ
550 2941 752 3026 ὀφειλήματα
778 2939 879 3007 πλέον
906 2940 927 3025 ή
953 2953 1054 3028 τριῶν
1081 2966 1136 3007 τα-

96 3049 269 3126 ῦλάντωνς
297 3047 349 3114 ὅτι
376 3042 403 3112 ὦ
430 3043 570 3131 βέλτιστ’
598 3043 699 3113 οῦδὲν
725 3048 806 3113 άλλο
829 3048 1092 3132 κατασκευάζεις,
1114 3047 1135 3132 ή

128 3153 269 3240 ὅσονπερ
298 3161 394 3238 κοινή
423 3149 544 3236 γέγονέ
570 3177 626 3237 μοι
659 3154 742 3238 πρὸς
774 3155 835 3237 τήν
863 3156 962 3220 πόλιν
992 3155 1135 3239 ὄφλημα,

128 3271 263 3328 τοσοῦτο
291 3256 347 3325 καλ
374 3256 428 3324 σολ
455 3260 525 3345 ίδίᾳ
550 3268 615 3324 νῦν
642 3253 737 3324 εἶναι.
778 3258 828 3323 ὅτι
856 3256 891 3324 δ’
918 3254 944 3324 ὦ
969 3261 1134 3325 Φαίνιππε
1146 3269 1214 3321 1048

128 3369 230 3455 ψεύδη
253 3363 311 3432 καλ
328 3363 543 3451 ἐπιωρκηκὼς
564 3365 655 3448 ήκεις
672 3365 755 3451 πρὸς
776 3365 925 3447 τούτους,
947 3366 1010 3449 ήδη
1034 3389 1134 3450 φανε-

129 3485 188 3559 ρῶς
208 3470 342 3557 ἐλέγξω.
374 3469 467 3555 λαβέ
487 3494 544 3556 μοι
570 3479 762 3558 γραμματεῦ
784 3471 846 3554 τήν
868 3479 929 3536 τοῦ
951 3470 1133 3535 Αίαυτίδου

936 3572 976 3625 2*
