2650 3918
187 189 254 256 302
489 191 561 243 μιν,
589 185 894 259 [ammomum]

188 348 289 434 λόγω,
310 353 389 428 τοὺς
412 350 559 437 ὁρῶντας
582 347 661 432 ὑμῖν
684 344 739 413 καὶ
765 349 931 433 παρόντας
952 346 1119 431 μάρτυρας
1140 366 1198 409 πα·

188 455 330 540 ρέξομαι.
366 460 425 520 καί
445 479 502 539 μοι
524 454 617 519 κάλει
637 453 807 538 Χιωνίδην
828 453 1034 528 Ξυπεταιόνα
1056 449 1112 517 καὶ
1135 450 1198 516 Κλά-

61 643 64 648 .
187 565 333 627 θετίωνα
355 561 589 645 Κυδαθηναιᾶ.

560 717 561 720 ’
597 717 787 772 MAPTTPIA.

299 831 452 909 Χιωνίδης
470 826 652 907 Ξυπεταιών,
670 827 828 890 Εὐθετίων
841 823 1077 905 Κυδαθηναιεὺς
1094 848 1200 907 μαρτυ-
1301 913 1302 918 ¹

233 935 318 1008 ροῦσι
335 932 488 1007 κληθῆναι
505 925 564 988 ὑπὸ
583 926 718 1008 Χαβρίου
738 923 786 986 ἐπλ
805 925 936 1003 δεῖπνον,
956 923 1003 984 ὅτε
1019 921 1055 984 τὰ
1074 921 1200 984 ἐπινίκια

233 1025 324 1086 εἱστία
341 1025 475 1107 Χαβρίας
492 1033 545 1104 της
562 1023 649 1101 νίκης
671 1031 725 1084 τοῦ
748 1023 887 1104 ἅρματος,
913 1019 964 1082 καλ
984 1018 1139 1082 ἑστιᾶσθαι
1155 1017 1201 1079 ἐπλ

232 1122 376 1202 Κωλιάδι,
389 1119 439 1182 καλ
454 1117 563 1181 εἰδέναι
579 1119 741 1201 Φρυνίωνα
757 1118 892 1201 παρόντα
910 1116 942 1178 ἐν
955 1123 996 1203 τῷ
1011 1116 1121 1203 δείπνῳ
1135 1117 1201 1178 τοά-

232 1239 273 1304 tq)
291 1217 393 1299 ἔχοντα
412 1215 546 1297 Νέαιραν
562 1214 618 1295 τὴν
635 1213 706 1277 νυνί
724 1212 957 1297 ἀγωνιζομένην,
975 1212 1027 1274 καλ
1041 1213 1201 1276 καθεύδειν

234 1325 312 1393 σφᾶς
331 1313 440 1386 αὐτοὺς
459 1312 510 1373 καλ
528 1313 690 1395 Φρυνίωνα
709 1311 760 1374 καλ
776 1310 920 1393 Νέαιραν,
939 1308 991 1372 καλ
1003 1307 1201 1372 αἰσθάνεσθαι

232 1409 317 1474 αὐτοὶ
335 1407 547 1488 ἀνισταμένους
560 1419 613 1490 τῆς
626 1408 734 1482 νυκτὸς
745 1408 821 1489 πρὸς
837 1407 972 1491 Νέαιραν
989 1405 1096 1482 ἀλλους
1109 1428 1140 1469 τε
1153 1404 1203 1468 καί

232 1517 292 1569 τῶν
310 1505 457 1568 διακόνων
476 1506 567 1585 τινάς,
585 1507 616 1566 οἳ
631 1497 708 1586 ἦσαν
726 1505 861 1587 Χαβρίου
880 1504 998 1567 οίκάται.

150 1639 176 1680 τε
253 1615 385 1701 Ἐπειδὴ
417 1620 533 1682 τοίνυν
565 1615 712 1700 ἀσελγῶς
739 1617 1018 1703 προύπηλακίζετο
1049 1615 1114 1683 ὑπὸ
1142 1625 1202 1683 τοῦ

191 1725 387 1807 Φρυνίωνος
408 1719 464 1786 καὶ
491 1720 552 1806 οὐχ
580 1722 625 1798 ὡς
648 1720 729 1809 ᾤετο
756 1723 922 1807 ἠγαπᾶτο,
948 1718 1022 1789 οὐδ’
1048 1719 1202 1808 ὑπηρέτει

190 1827 272 1912 αὐτῇ
291 1826 312 1892 ά
331 1825 497 1911 ἐβούλετο,
516 1827 786 1912 συσκευασαμένη
801 1829 904 1895 αὐτοῦ
920 1829 960 1894 τὰ
978 1827 1014 1894 ἐκ
1027 1838 1084 1912 τῆς
1097 1829 1203 1906 οίκίας

188 1931 243 1998 καλ
266 1932 328 1998 δσα
349 1927 392 2016 ην
415 1932 497 2018 αὐτῇ
520 1930 577 1998 ὑπ’
600 1932 729 2029 ἐκείνου
752 1931 829 2021 περὶ
850 1937 889 2000 τὸ
913 1946 1006 2019 σῶμα
1028 1951 1201 2000 κατεσκευ-

189 2037 314 2123 ασμένα
338 2038 448 2123 ίμάτια
470 2037 525 2104 καὶ
542 2040 675 2125 χρυσία,
697 2038 753 2105 καλ
769 2043 975 2126 θεραπαίνας
997 2042 1071 2126 δύο,
1095 2043 1203 2128 Θρᾷτ-

189 2168 250 2211 ταν
268 2143 323 2210 καλ
341 2147 564 2230 Κοκκαλίνην,
587 2145 824 2234 ἀποδιδράσκει
846 2149 894 2224 εἰς
911 2145 1060 2232 Μέγαρα.
1076 2189 1078 2196 1
1096 2141 1140 2231 ἦν
1157 2143 1202 2212 δὲ
1211 2159 1271 2211 1357

190 2252 209 2318 ὁ
231 2255 351 2338 χρόνος
373 2247 487 2338 οὗτος,
514 2246 541 2340 ιβ
562 2249 706 2331 Ἀστεῖος
727 2249 788 2338 μὲν
810 2247 854 2336 ἦν
876 2253 989 2339 άρχων
1008 2250 1203 2338 Ἀθήνησιν,

190 2357 208 2424 ὁ
231 2359 345 2445 καιρὸς
372 2355 402 2422 δ’
431 2357 468 2424 ἐν
495 2351 527 2446 β
551 2355 739 2442 ἐπολεμεῖθ’
768 2358 862 2443 ὑμεῖς
887 2361 970 2444 πρὸς
995 2359 1203 2443 Λακεδαιμο-

150 2467 284 2542 εονίους
311 2465 371 2530 τὸν
400 2464 542 2549 ὕστερον
571 2468 727 2548 πόλεμον.
774 2466 974 2550 διατρίψασα
1002 2460 1033 2530 δ’
1067 2463 1106 2530 ἐν
1134 2475 1204 2540 τοῖς

189 2569 360 2655 Μεγάροις
388 2570 442 2636 δύ’
469 2573 540 2654 ἐτη,
567 2573 626 2636 τόν
651 2566 680 2635 τ’
708 2565 758 2634 ἐπ’
787 2565 934 2636 Ἀστείου
962 2571 1121 2656 ἄρχοντος
1147 2568 1202 2635 καλ

186 2670 422 2752 Ἀλκισθένους
449 2675 619 2759 ἐνιαυτόν,
650 2675 696 2752 ὡς
723 2675 806 2760 αὐτῇ
828 2675 849 2759 ἡ
874 2675 938 2742 άπδ
964 2686 1026 2742 τοῦ
1053 2677 1203 2760 σώματος

191 2778 327 2862 ἐργασία
353 2778 414 2865 οὐχ
443 2780 560 2865 ίκανην
587 2780 746 2866 εὐπορίαν
773 2792 929 2867 παρεῖχεν
956 2782 1039 2849 ὥστε
1062 2782 1204 2847 διοικεῖν

190 2885 252 2967 τὴν
274 2886 394 2968 οίκίαν,
415 2921 460 2933 -
482 2889 664 2971 πολυτελὴς
686 2884 716 2952 δ’
743 2881 798 2971 ἦν,
821 2888 857 2954 ολ
876 2890 1046 2973 Μεγαρεῖς
1068 2885 1100 2953 δ’
1126 2885 1203 2952 ἀνε-

191 2991 345 3074 λεύθεροι
368 2987 424 3055 καὶ
445 2996 655 3078 μικρολόγοι,
682 2991 788 3070 ξένων
808 2988 848 3058 δὲ
870 2993 910 3060 οὐ
933 2994 1023 3059 πάνυ
1045 2991 1203 3078 ἐπιδημία

190 3092 234 3180 ἦν
256 3095 377 3162 αὐτόθι
400 3097 515 3164 διὰτὸ
537 3101 683 3182 πόλεμον
711 3094 797 3166 εἶναι
822 3098 878 3164 καὶ
904 3103 982 3176 τοὺς
1004 3095 1065 3184 μέν
1087 3102 1203 3182 Μεγα-

191 3199 267 3288 ρέας
288 3205 493 3288 λακωνίζειν,
514 3212 573 3288 τῆς
595 3200 633 3270 δέ
654 3204 820 3288 θαλάττης
836 3205 922 3289 ὑμᾶς
945 3207 1071 3292 ἄρχειν·
1094 3207 1142 3282 εἰς
1164 3201 1204 3270 δὲ

190 3309 251 3392 τὴν
274 3310 448 3394 Κόρινθον
470 3307 532 3375 οὐκ
555 3307 632 3393 ἐξῆν
659 3309 741 3396 αὐτῇ
770 3310 982 3394 ἐπανελθεῖν,
1008 3312 1124 3377 διὰτὸ
1149 3310 1219 3377 ἐπὶ.
1293 3357 1297 3366 .

191 3415 297 3502 τούτῳ
321 3412 531 3500 ἀπηλλάχθαι
554 3413 700 3480 ἀπὸτοῦ
723 3414 915 3500 Εὐκράτους
925 3414 992 3508 ἱκαὶ
1014 3426 1075 3483 τοῦ
1101 3419 1202 3500 Τιμα-

151 3535 177 3575 ετ
190 3521 342 3603 υορίδου,
366 3515 442 3584 ὥστ’
470 3518 507 3585 ἐν
529 3521 688 3610 Κορίνθῳ
715 3521 760 3606 μη
788 3519 982 3604 ἐργάζεσθαι
1005 3557 1050 3570 --
1071 3522 1116 3599 ὡς
1138 3517 1203 3589 οὖν
