2658 3922
513 218 608 270 RATA
624 217 809 271 ΚΟΝΩΝΟΣ.
1098 211 1163 278 215

37 451 38 454 χ
153 398 207 454 τες
228 373 250 441 ἃ
271 375 401 460 πολλήν
423 376 585 461 αἰσχύνην
612 379 678 462 ἔχει
705 374 760 442 καὶ
788 373 913 460 λέγειν,
940 377 984 460 μή
1007 377 1043 440 τί
1061 397 1098 458 γε
1122 374 1164 458 δή

152 490 263 548 ποιείν
284 479 486 566 ἀνθρώπους
507 484 670 567 μετρίους.
705 481 790 548 ἀλλὰ
806 485 842 548 τί
855 478 947 548 ταῦτ’
970 479 1058 566 ἐμοίς
1079 485 1166 544 δαυ-

155 586 242 671 μάζω
265 586 329 671 γὰρ
358 583 472 670 ἔγωγ’,
499 592 534 653 ελ
554 590 604 665 τίς
629 586 721 668 ἐστιν
746 590 912 674 πρόφασις
936 582 1014 673 παρ’
1040 583 1166 670 ὑμίνή

155 698 274 775 σκῆψις
294 689 473 778 εὑρημένη,
495 689 626 778 δι’ήν,
650 691 694 759 ἀν
722 693 867 779 ὑβρίζων
889 716 940 771 τις
961 689 1167 777 ἐξελέγχηται

155 795 211 863 καὶ
231 797 375 881 τύπτων,
398 799 495 883 δίκην
518 797 560 865 ού
582 799 691 865 δώσει.
736 799 772 864 οί
791 795 852 883 μὲν
874 799 938 884 γὰρ
960 800 1059 882 νόμοι
1080 797 1166 862 πολὺ

155 901 313 969 τάναντία
334 901 391 968 καὶ
411 905 470 982 τὰς
492 903 671 988 ἀναγκαίας
697 904 894 991 προφάσεις,
921 904 1009 981 ὅπως
1030 904 1075 988 μή
1098 904 1168 988 μεί-

157 1011 232 1088 ζους
262 1012 462 1094 γίγνωνται,
491 1011 706 1094 προείδοντο,
738 1000 812 1077 οἷον
843 1007 984 1097 (ἀνάγκη
1015 1008 1079 1095 γάρ
1111 1030 1168 1092 μοι
1252 1061 1256 1067 .

154 1112 335 1181 ταῦτακαὶ
353 1117 461 1200 ζητεῖν
478 1113 534 1181 καὶ
550 1115 787 1182 πυνθάνεσθαι
805 1115 861 1182 διδ
878 1125 998 1182 τοῦτον
1014 1109 1168 1200 γέγονεν)

6 1251 13 1262 .
115 1217 220 1286 ιεείσλ
242 1223 442 1307 κακηγορίας
463 1222 566 1288 δίκαι·
594 1218 677 1306 φασὶ
703 1224 820 1288 τοίνυν
845 1221 965 1296 ταύτας
992 1220 1047 1284 διδι
1068 1229 1167 1286 τοῦτο

156 1329 351 1410 γίγνεσθαι,
387 1327 443 1393 ἵνα
474 1328 519 1412 μὴ
550 1328 806 1413 λοιδορούμενοι
839 1327 975 1392 τύπτειν
1005 1323 1169 1408 ἀλλήλους

156 1430 379 1518 προάγωνται.
419 1432 521 1498 πάλιν
549 1434 674 1510 αἰκείας
700 1434 802 1500 είσίν·
830 1429 887 1498 καί
911 1432 1031 1508 ταύτας
1058 1429 1168 1497 ἀκούω

156 1537 214 1604 διά
234 1533 325 1604 τοῦτ’
351 1531 439 1603 εὑναι
459 1537 519 1615 τὰς
540 1539 649 1623 δίκας,
676 1539 733 1604 ἵνα
755 1535 881 1623 μηδείς,
904 1537 985 1603 όταν
1006 1536 1114 1620 ήττων
1136 1528 1170 1622 ᾗ,

156 1645 243 1731 λίδφ
266 1638 350 1727 μηδὲ
371 1653 440 1708 τῶν
461 1644 624 1710 τοιούτων
649 1641 814 1729 ἀμύνηται
841 1643 977 1728 μηδενί,
1002 1639 1088 1708 ἀλλὰ
1108 1641 1170 1725 τήν

157 1745 196 1813 ἐκ
220 1757 282 1814 τοῦ
307 1751 414 1833 νόμου
444 1751 542 1834 δίκην
569 1747 726 1837 ἀναμίνη.
766 1750 952 1836 τραύματος
978 1747 1079 1814 πάλιν
1104 1742 1170 1812 είσλ

157 1856 294 1939 γραφαί,
312 1865 373 1921 τοῦ
386 1856 431 1940 μή
443 1853 715 1942 τιτρωσκομένων
729 1865 831 1921 τινῶν
844 1857 972 1939 φόνους
984 1857 1170 1938 γίγνεσθαι.

118 1976 144 2019 ω
156 1961 195 2026 τδ
213 1962 434 2045 φαυλότατον,
452 1956 555 2046 οἶμαι,
572 1963 610 2029 τδ
628 1969 686 2044 τής
703 1962 882 2046 λοιδορίας,
900 1962 965 2046 πρὸ
981 1969 1043 2026 τοῦ
1060 1963 1171 2025 τελευ-

1 2068 2 2075 ’
157 2069 253 2131 ταίου
270 2063 327 2132 καὶ
345 2065 538 2132 δεινοτάτω
555 2067 773 2153 προεώραται,
793 2075 855 2132 τοῦ
872 2067 917 2150 μή
935 2067 1044 2150 φόνον
1061 2067 1171 2149 γίγνε-

159 2175 254 2252 σθαι,
272 2166 353 2253 μηδ’
378 2169 569 2253 ὑπάγεσθαι
594 2172 675 2236 κατὰ
702 2173 822 2256 μικρὸν
849 2169 886 2236 ἐκ
914 2166 975 2254 μὲν
1002 2169 1172 2254 λοιδορίας

159 2275 209 2350 είς
229 2274 367 2358 πληγάς,
389 2273 427 2339 ίιι
449 2270 488 2340 δὲ
509 2279 646 2358 πληγῶν
671 2278 719 2352 είς
745 2277 931 2362 τραύματα,
953 2273 990 2340 ἐκ
1013 2269 1051 2338 δὲ
1072 2296 1171 2404 τραυ-
1156 2288 1251 2340 -1168

159 2378 274 2506 μάτων
295 2381 344 2457 είς
364 2378 526 2464 θάνατον,
548 2376 620 2446 ἀλλ’
648 2379 686 2447 ἐν
707 2392 777 2458 τοις
797 2384 915 2465 νόμοις
935 2375 1023 2445 εἶναι
1044 2377 1183 2445 τούτων

160 2481 300 2552 ἑκάστου
317 2486 379 2570 τήν
398 2487 507 2569 δίκην,
530 2485 573 2570 μή
592 2494 631 2572 τῇ
649 2495 711 2552 τοῦ
727 2488 971 2572 προστυχόντος
988 2483 1070 2572 ὀργή
1089 2481 1173 2569 μηδὲ

118 2609 147 2654 ω
159 2592 319 2675 βουλήσει
346 2600 449 2657 ταῦτα
477 2595 663 2677 κρίνεσθαι.
709 2587 767 2657 εἶτ’
794 2589 832 2658 ἐν
864 2585 926 2676 μὲν
959 2600 1029 2668 τοῖς
1056 2593 1173 2675 νόμοις

158 2698 279 2776 οὑτως·
310 2696 354 2764 ἀν
385 2693 418 2764 δ’
453 2702 528 2784 είπη
559 2700 683 2764 Κόνων
719 2697 923 2784 ’ἰθύφαλλοί
955 2695 1042 2774 τινός
1073 2696 1173 2782 ἐσμεν

159 2804 253 2889 ὑμεῖς
276 2800 489 2889 συνηγμένοι,
511 2801 567 2870 καὶ
585 2803 724 2891 ἐρῶντες
741 2803 801 2881 οὑς
818 2802 861 2870 ἀν
878 2803 959 2889 ήμίν
981 2802 1061 2891 δόξη
1078 2806 1173 2870 παίο-

160 2933 223 2994 μεν
244 2906 301 2976 καὶ
322 2908 492 2995 ἀγχομεν,’
515 2904 582 2976 εἶδ’
604 2910 699 2994 ὑμεῖς
716 2909 912 2995 γελάσαντες
934 2908 1089 2996 ἀφήσετες
1112 2909 1174 2976 οὐκ

160 3017 276 3099 οἴομαί
298 3037 346 3099 γε.
386 3014 428 3081 ού
454 3015 518 3102 γὰρ
546 3013 588 3081 ἀν
606 3014 720 3100 ’γέλως
745 3015 840 3100 ὑμῶν
867 3012 957 3101 ἔλαβ’
983 3013 1122 3100 αύδίνα,
1144 3017 1176 3081 ελ

161 3121 276 3207 παρὼν
304 3119 499 3206 ἐτύγχανεν,
525 3117 612 3207 ἡνίχ’
643 3121 801 3206 εἱλκόμην
826 3118 882 3188 καὶ
911 3119 1092 3206 ἐξεδυόμην
1118 3118 1175 3196 καὶ

161 3225 356 3312 ὑβριζόμην,
378 3223 434 3292 καλ
455 3225 552 3310 ὑγιής
574 3224 721 3305 ἐξελθὼν
743 3228 896 3314 φοράδην
918 3221 1028 3312 ήλδον
1051 3227 1174 3309 οίκαδε,

162 3328 395 3414 ἐξεπεπηδήκει
425 3325 464 3395 δὲ
492 3330 588 3414 [μετά
616 3328 731 3413 ταῦθ’]
761 3331 783 3416 ή
813 3335 935 3417 μήτηρ,
962 3329 1018 3397 καὶ
1046 3332 1173 3416 κραυγή

161 3433 218 3501 καλ
243 3435 307 3520 βοή
332 3443 401 3500 τῶν
423 3447 591 3518 γυναικῶν
611 3437 755 3520 τοσαύτη
776 3434 855 3523 παρ’
876 3436 958 3521 ήμλν
978 3431 1023 3521 ἦν
1049 3435 1174 3519 ὡσπερ-

162 3537 235 3608 ανεὶ
263 3543 448 3619 τεθνεῶτός
470 3563 578 3626 τινος,
604 3542 687 3608 ὥστε
709 3552 776 3607 τῶν
797 3543 958 3626 γειτόνων
979 3540 1073 3615 τινὰς
1093 3536 1173 3621 πίμ-
