2654 3926
506 143 606 194 ΠΡΟΣ
624 141 806 194 ΛΕΩΧᾹΡΗ.
1110 140 1154 205 65

138 302 244 387 ὀργῆς
270 299 357 382 ἀξιοι
383 313 453 380 τοῖς
480 300 734 386 ἀγωνιζομένοις
761 302 798 366 αλ
824 303 1055 388 διαμαρτυρίαι
1078 302 1154 384 είσί,

138 403 271 491 μάλιστ’
303 409 346 473 ἀν
373 430 423 485 τις
455 406 584 475 ἐκεῖθεν
610 407 806 492 καταμάθοι.
841 417 974 492 πρῶτον
1001 401 1062 490 μέν
1089 406 1153 493 γάρ

138 513 204 578 οὐκ
227 511 414 597 ἀναγκαίως
436 515 581 598 ἔχουσιν,
605 513 713 598 ὥσπερ
732 514 768 578 ol
787 513 894 597 άλλοι,
917 508 988 577 ἀλλ’
1016 511 1052 577 έκ
1074 532 1154 596 προ-

139 617 298 702 αιρέσεως
324 617 380 684 καὶ
402 621 592 704 βουλήσεως
618 628 675 703 τῆς
696 627 757 686 τοῦ
780 621 1083 704 διαμαρτυροῦντος
1104 620 1154 701 γί-

138 748 288 808 γνονται.
325 726 356 789 εί
372 722 434 809 μὲν
452 724 516 808 γάρ
534 720 617 810 ὑπὲρ
640 735 707 790 τῶν
732 721 1085 810 διαμφισβητουμένων
1108 723 1153 808 μὴ

140 833 232 896 ἔστιν
255 833 358 897 ἀλλον
380 833 504 915 τρόπον
532 832 629 914 δίκην
651 834 767 914 λαβεῖν
789 829 811 914 ἢ
834 831 1154 915 διαμαρτυρήσαντα,
1236 863 1239 868 ,

94 952 123 994 οδ
141 943 222 1014 ἴσως
244 935 425 1021 ἀναγκαῖον
447 938 485 1002 τὸ
509 937 759 1022 διαμαρτυρεῖν·
789 938 821 1002 εί
842 932 957 1002 δὲκαὶ
979 937 1060 1001 ἄνευ
1084 936 1154 1001 δια-

140 1044 323 1127 μαρτυρίας
347 1043 430 1128 πρὸς
457 1042 558 1107 ἅπασι
585 1053 655 1117 τοῖς
682 1042 870 1126 συνεδρίοις
892 1042 961 1105 ἔστι
983 1044 1086 1123 λόγου
1108 1042 1153 1125 μὴ

140 1147 427 1234 ἀποστερηθῆναι,
458 1158 527 1224 πῶς
554 1147 596 1213 ού
622 1149 815 1230 προπετείας
830 1143 899 1236 Ικαί
921 1154 979 1230 τῆς
1001 1149 1154 1230 μεγίστης

140 1251 302 1329 ἀπονοίας
328 1264 466 1338 σημεῖον
492 1254 529 1318 τὸ
558 1249 794 1338 διαμαρτυρεῖν
817 1249 921 1330 έστιν;
947 1246 1025 1317 οὐδὲ
1048 1250 1153 1336 γάρὸ

140 1356 327 1442 νομοθέτης
362 1357 545 1442 ἀναγκαῖον
581 1357 662 1423 αὐτὸ
695 1356 827 1442 ἐποίησε
862 1366 932 1433 τοῖς
963 1354 1153 1440 ἀντιδίκοις,

141 1460 213 1530 ἀλλ’
240 1463 283 1529 ἀν
306 1465 493 1548 βούλωνται
516 1466 768 1550 διαμαρτυρεῖν,
791 1465 925 1548 ἔδωκεν,
948 1463 1057 1548 ὥσπερ
1082 1462 1152 1528 διά·
1163 1485 1230 1536 1098

20 1619 21 1638 ι
140 1590 259 1655 πειραν
291 1571 489 1655 ποιούμενος
521 1573 746 1657 τῶντρόπων
779 1567 853 1646 ἑνὸς
880 1565 1018 1634 ἑκάστου
1046 1567 1153 1653 ἡμῶν,

99 1694 128 1736 ω
141 1687 211 1752 πῶς
231 1670 304 1741 ποτ’
332 1678 464 1761 ἔχοιμεν
486 1677 569 1759 πρὸς
590 1676 628 1740 τὸ
650 1685 820 1761 προπετῶς
841 1697 873 1740 τι
890 1673 1058 1758 πράττειν.
1105 1677 1152 1740 ἔτι

20 1763 21 1778 ³
141 1785 257 1849 τοίνυν
280 1779 333 1846 ἐπὶ
355 1782 392 1847 τὸ
415 1791 481 1846 τῶν
505 1781 820 1865 διαμαρτυρούντων
842 1778 940 1864 μέρος
962 1781 1038 1846 οὔτε
1061 1782 1152 1846 δικα-

142 1889 258 1973 στηρια
271 1881 315 1970 ἧν
329 1885 371 1952 ἀν
385 1887 461 1952 ούτε
476 1882 603 1970 ἀγῶνες
619 1885 806 1969 ἐγίγνοντο·
825 1886 947 1951 κωλύει
964 1886 1027 1971 γάρ
1046 1887 1152 1952 πάντα

142 2003 244 2059 ταῦτα
265 1993 302 2058 τὸ
326 2003 392 2057 τῶν
412 1993 659 2077 διαμαρτυριῶν
681 1991 777 2075 γένος
798 1989 852 2058 καὶ
877 1990 1043 2057 ἀποκλείει
1064 1994 1153 2057 είσα-

141 2106 250 2183 γωγῆς
268 2097 386 2163 ἕκαστα
404 2105 462 2181 τῆς
479 2098 526 2172 είς
543 2098 581 2161 τὸ
601 2096 824 2180 δικαστήριον,
846 2095 928 2160 κατά
949 2119 987 2180 γε
1009 2096 1070 2182 τὴν
1092 2106 1153 2164 τοῦ

143 2206 447 2289 διαμαρτυροῦντος
464 2202 635 2285 βούλησιν.
676 2203 791 2286 διόπερ
812 2196 903 2284 οἶμαι
926 2202 999 2266 δεῖν
1020 2205 1153 2280 κοινοὺς

142 2305 286 2396 ἐχθροὺς
306 2309 385 2384 τοὺς
407 2308 579 2383 τοιούτους
601 2305 801 2390 ἀνθρώπους
822 2306 1069 2391 ὑπολαμβάνειν
1091 2316 1152 2374 πά-

142 2433 197 2481 σιν
219 2409 322 2498 εἶναι,
351 2411 406 2478 καλ
419 2410 591 2498 ’μηδέποτε
613 2411 791 2498 τυγχάνειν
813 2412 934 2490 αὐτούς
957 2413 1152 2500 συγγνώμης

143 2518 403 2604 ἀγωνιζομένους
432 2514 510 2604 παρ’
545 2517 640 2601 ύμῖν·
670 2520 893 2604 προελόμενος
924 2519 986 2604 γάρ
1018 2519 1152 2598 ἕκαστος

143 2627 252 2692 αὐτῶν
273 2627 333 2691 τὸν
351 2623 388 2690 ἐκ
405 2633 465 2691 τού
489 2627 751 2710 διαμαρτυρῆσαι
772 2626 944 2711 κίνδυνον,
967 2625 1029 2692 οὐκ
1050 2626 1151 2712 ἀναγ-

142 2728 278 2808 κασθείς
300 2729 489 2817 εἰσέρχεται.

106 2863 132 2902 ω
200 2833 272 2901 Ὅτι
299 2833 360 2922 μὲν
387 2831 449 2902 οὖν
476 2835 497 2921 ἡ
526 2838 746 2923 διαμαρτυρία
772 2840 897 2922 ψευδής
924 2838 1008 2923 ἐστι,
1033 2837 1089 2906 καί
1115 2840 1152 2907 έκ

143 2943 208 3009 τῶν
235 2941 471 3028 γεγραμμένων
499 2941 555 3009 καί
582 2943 619 3009 έκ
647 2956 713 3010 τῶν
742 2942 925 3029 εἰρημένων
947 2949 1056 3030 λόγων
1080 2963 1152 3033 σχε-

144 3051 204 3116 δὸν
228 3047 372 3133 ἀκριβῶς
393 3052 613 3134 μεμαθήκατε.
659 3049 709 3114 ότι
733 3046 770 3116 δὲ
791 3048 847 3115 καὶ
869 3051 905 3116 ολ
924 3054 1022 3136 νόμοι
1045 3047 1070 3117 ὦ
1094 3054 1152 3119 άν-

144 3156 219 3241 δρες
237 3151 387 3219 δικασταί
404 3154 485 3239 ἡμῖν
502 3155 564 3240 την
581 3160 805 3242 κληρονομίαν
823 3155 1031 3243 ἀποδιδόασι,
1049 3158 1146 3225 τοῦθ’

142 3260 226 3344 ὑμᾶς
244 3260 301 3324 διδ
319 3259 468 3345 βραχέων
486 3261 649 3345 βούλομαι
672 3261 813 3346 διδάξαι,
836 3262 896 3348 οὐχ
920 3263 964 3339 ὡς
986 3263 1026 3330 ού
1050 3289 1151 3350 μεμα-

143 3367 287 3450 θηκότας
304 3363 359 3430 καλ
378 3364 415 3431 έν
433 3376 502 3444 τοῖς
519 3365 557 3432 έν
575 3365 658 3452 ἀρχῇ
677 3366 872 3452 εἰρημένοις,
894 3365 966 3433 ἀλλ’
992 3370 1048 3435 ἵνα
1069 3377 1150 3455 μάλ-

145 3475 203 3538 λον
229 3474 312 3559 πρδς
337 3473 398 3556 τὴν
424 3471 551 3538 τούτων
574 3474 797 3557 ψευδολογίαν
824 3473 864 3539 τά
893 3474 1003 3539 δίκαια
1025 3497 1149 3560 μνημο-

194 3584 320 3626 nuum
345 3584 397 3626 τοι
411 3583 453 3625 111.
973 3581 989 3630 ε
