2654 3926
491 174 590 226 ΠΡΟΣ
611 175 809 230 ΣΠΟΤΔΙΑΝ.
1138 179 1159 242 5

138 328 228 399 οὐδὲ
250 332 371 416 ταύτης
389 331 478 411 ἀξιοῖ
497 333 726 419 συμβαλέσθαι
745 338 782 402 τὸ
801 334 910 423 μέρος,
932 336 1017 404 ἀλλά
1035 340 1075 404 τδ
1098 335 1159 424 μὲν

139 441 213 524 ἔχει
235 441 427 525 προλαβών,
449 450 516 505 τῶν
538 437 576 506 δὲ
594 442 634 506 τὰ
652 440 732 528 μέρη
756 447 930 527 κομίζεται,
953 445 993 509 τὰ
1016 441 1047 510 δ’
1073 445 1159 512 ούτω

140 555 300 629 φανερῶς
328 545 390 611 οὐκ
422 545 636 613 ἀποδίδωσιν.
678 549 734 614 ἵνα
760 553 876 617 τοίνυν
903 547 988 634 μηδὲ
1016 548 1106 617 ταῦτ’
1136 545 1158 638 ᾗ

141 650 444 736 παραλελειμμένα,
458 651 541 737 λαβέ
551 678 608 736 μοι
621 653 755 720 πάντων
769 660 878 722 αὐτῶν
895 657 953 734 τάς
970 660 1159 743 μαρτυρίας.

551 847 757 902 ΜΑΡΤΤΡΙΑΙ.

95 1006 125 1045 12
205 967 302 1047 Ἶσως
334 973 451 1036 τοίνυν
479 965 507 1035 ὦ
538 972 658 1056 ἀνδρες
690 972 840 1038 δικασταὶ
868 976 951 1061 πρὸς
978 971 1038 1060 μὲν
1064 975 1154 1042 ταῦτ’

140 1073 247 1143 οὐδέν
266 1076 400 1163 ἀντερεῖ
416 1078 599 1155 Σπουδίας·
622 1076 788 1166 οὐδὲγὰρ
812 1078 888 1164 ἔξει,
911 1084 1026 1167 καίτερ
1049 1083 1159 1158 δεινὸς

142 1185 208 1249 ὥν·
230 1184 411 1248 αίτιάσεται
434 1181 471 1249 δέ
493 1185 709 1251 Πολύευκτον
731 1183 786 1250 καὶ
804 1187 865 1269 τήν
889 1184 1017 1268 γυναῖκ’
1044 1188 1159 1272 αὐτοῦ,

139 1287 200 1356 καὶ
222 1291 323 1374 φήσει
340 1289 449 1354 πάντα
469 1286 567 1354 ταῦθ’
589 1287 646 1355 ὑπ’
670 1290 752 1376 ἐμοῦ
769 1289 966 1370 πεισθέντας
986 1298 1159 1380 καταχαρί-
1248 1299 1249 1302 ’

140 1402 288 1480 σασθαι,
314 1394 370 1461 καὶ
392 1396 436 1480 νή
459 1393 517 1461 Δί’
545 1395 639 1485 ἔτερα
667 1399 774 1463 πολλά
795 1395 850 1463 καὶ
873 1399 999 1483 μεγάλα
1021 1397 1158 1482 βλάπτε-

140 1510 247 1586 σθαι,
278 1499 334 1568 καί
364 1505 462 1587 δίκην
489 1502 654 1589 εἰληχέναι
684 1524 753 1589 μοι·
784 1514 887 1571 ταῦτα
913 1505 977 1591 γὰρ
999 1502 1159 1591 καὶπρὸς

92 1643 123 1684 1³
140 1618 189 1698 τῷ
215 1610 364 1694 διαιτητῇ
389 1607 498 1692 λέγειν
521 1608 688 1695 ἐπεχείρει.
730 1609 794 1694 ἐγὼ
818 1609 849 1676 δ’
876 1605 902 1676 ὦ
925 1611 1045 1695 ἀνδρες
1067 1613 1158 1677 δικα-

141 1713 219 1782 σταὶ
241 1726 375 1801 πρῶτον
398 1711 459 1799 μὲν
482 1715 542 1801 οὐχ
564 1715 708 1800 ήγοῦμαι
732 1719 863 1782 δικαίαν
886 1712 972 1782 εἶναι
995 1720 1055 1802 τήν
1078 1716 1158 1784 ἀτο-

140 1825 262 1906 λογίαν
284 1823 346 1905 τήν
368 1822 537 1906 τοιαύτην,
561 1818 640 1887 οὐδὲ
662 1826 860 1908 προσήκειν,
884 1823 963 1888 ὅταν
985 1847 1034 1900 τις
1057 1847 1157 1908 φανε-

141 1939 211 2015 ρῶς
237 1925 459 2013 ἐξελέγχηται,
488 1925 754 2014 μεταστρέψαντα
785 1930 842 2006 τάς
875 1930 979 2006 αίτίας
1007 1928 1157 2012 ἐγκαλεῖν
1169 1951 1235 2002 ιοεκ

141 2032 199 2100 καὶ
216 2034 423 2118 διαβάλλειν·
447 2031 519 2098 ἀλλ’
542 2032 678 2100 ἐκείνων
696 2031 769 2119 μὲν,
791 2041 882 2119 είτερ
906 2033 1076 2118 ἀδικεῖται,
1100 2037 1156 2118 δή-

142 2146 204 2206 λου
228 2138 280 2204 ὅτι
303 2139 400 2222 δίκην
424 2141 572 2223 λήψεται,
595 2137 778 2206 τούτωνδέ
802 2142 915 2206 δώσει·
938 2151 1007 2216 πῶς
1028 2141 1091 2224 γάρ
1114 2139 1155 2205 ἀν

141 2246 207 2330 ἐγὼ
238 2254 303 2310 νῦν
340 2255 410 2322 ταῖς
441 2245 569 2310 τούτων
606 2246 777 2330 διαβολαῖς
807 2244 1031 2330 ἀντιδικοίην,
1062 2244 1156 2330 ἀφείς

97 2387 128 2426 14
141 2348 226 2438 ὑπὲρ
246 2344 294 2416 ὧν
312 2350 406 2435 ὑμεῖς
424 2348 556 2434 μέλλετε
575 2353 636 2435 τήν
658 2359 773 2436 ψήφου
796 2358 916 2430 οἴσεινς
941 2354 1050 2417 ἔπειτα
1071 2358 1156 2417 θαυ-

142 2459 232 2542 μάξω
258 2459 295 2521 τί
318 2452 454 2540 δήποτ’,
476 2462 567 2541 είτερ
595 2456 705 2540 ἀληθῆ
733 2454 788 2522 καὶ
818 2455 918 2522 δίκαι’
949 2453 1035 2542 εἶχεν
1063 2457 1155 2542 ἐγκα-

143 2570 226 2648 λεῖν,
245 2560 460 2649 βουλομένων
473 2562 559 2646 ἡμᾶς
571 2573 638 2627 τῶν
656 2566 765 2647 φίλων
784 2563 934 2629 διαλύειν
951 2563 1006 2629 καὶ
1023 2569 1155 2632 πολλῶν

142 2674 254 2754 λύγων
281 2666 487 2752 γενομένων,
514 2668 575 2754 οὐχ
608 2661 678 2746 οἷος
703 2663 746 2752 ήν
774 2667 926 2753 ἐμμένειν
956 2661 1006 2747 οἷς
1035 2669 1155 2737 ἐκεῖνοι

141 2788 266 2860 γνοῖεν.
302 2778 409 2840 καίτοι
435 2777 522 2851 τίνες
549 2773 591 2839 ἀν
618 2777 755 2860 ἀμεινον
781 2774 837 2841 καὶ
863 2786 930 2841 τῶν
958 2777 1077 2843 τούτου
1099 2775 1155 2843 καί

141 2894 208 2948 τῶν
232 2880 322 2966 ἐμῶν
346 2879 558 2965 ἐγκλημάτων
581 2881 620 2945 τὰ
643 2877 747 2965 μηδὲν
775 2878 843 2947 ὄντ’
871 2880 1060 2967 ἐξήλεγξαν,
1086 2894 1154 2949 τῶν

141 2983 461 3075 παραγεγενημένων
491 2987 592 3051 ἅπασι
619 2989 768 3071 τούτοις,
795 2999 862 3054 τῶν
888 2989 1027 3054 εἰδότων
1053 2986 1153 3055 οὐδὲν

141 3089 241 3178 ἧττον
263 3091 358 3176 ἡμῶν
381 3093 420 3157 τδ
442 3095 624 3177 γενόμενα,
645 3104 712 3158 τῶν
735 3105 857 3159 κοινῶν
880 3093 1078 3181 ἀμφοτέροις
1098 3093 1153 3160 καὶ

107 3233 131 3274 1⁵
142 3204 251 3284 φίλων
274 3200 397 3278 ύντων;
421 3197 505 3263 ἀλλὰ
524 3200 627 3282 δῆλον
646 3198 697 3264 ὅτι
715 3201 821 3286 τούτῳ
843 3197 934 3266 ταῦτ’
961 3201 1022 3266 οὐκ
1045 3199 1153 3266 ἐλυσι-

143 3304 245 3390 τέλει,
277 3315 431 3390 φανερῶς
457 3301 512 3370 ύπ’
540 3305 650 3370 αὐτῶν
680 3303 915 3394 ἐξελεγχομένῳ
946 3316 1064 3396 τοῦτον
1093 3309 1152 3373 τὸν

144 3414 265 3496 τρόπον
289 3414 405 3496 λαβεῖν
428 3410 594 3477 διάλυσιν·
625 3412 669 3495 μή
692 3411 755 3495 γάρ
779 3407 885 3477 οίεοθ’
912 3407 937 3476 ὦ
961 3413 1079 3496 ἀνδρες
1103 3412 1151 3476 δι-

146 3517 257 3584 κασταί
280 3520 359 3595 τοὺς
386 3517 514 3595 είδύτας
541 3518 668 3582 ἅπαντα
691 3525 810 3599 ταῦτα,
832 3514 911 3581 νυνλ
933 3513 994 3599 μὲν
1017 3517 1150 3580 ὑποκιν-
