2658 3922
467 176 563 228 ΚΑΤΑ
581 175 801 232 &nomon
1072 175 1137 240 279

113 337 224 400 πόλιν
249 335 449 421 προσελθων
473 333 630 424 διῴκηται
652 333 842 423 (δευτέρους
864 337 928 423 γὰρ
950 336 1035 422 ὑμᾶς
1056 353 1138 424 φησι

113 445 240 526 φιλεῖν
255 440 335 524 μετά
349 442 428 518 τοὺς
450 438 606 527 οἰκείους)
629 439 723 520 ύξιον
746 440 894 509 ἀκοῦσαι.
940 442 1080 530 άρξομαι
1101 439 1133 508 δ’

113 544 185 612 ἀπὸ
211 555 282 612 τῶν
304 547 386 632 πρὸς
407 546 492 630 ἡμᾶς
514 545 603 636 αὐτῷ
625 546 874 634 πεπραγμένων.
909 558 969 614 τοῦ
991 552 1055 636 γάρ
1076 569 1136 616 πα-

115 655 200 738 τρὸς
218 663 415 739 κατηγορῶν
436 641 597 740 ὦάνδρες
615 654 777 738 δικασταί,
799 652 853 720 ὅτε
870 657 932 740 τήν
950 667 1017 722 τῶν
1034 675 1137 743 παρα-

113 761 242 843 νόμων
264 758 368 825 αὐτὸν
391 758 507 826 ἐδίωκε
530 763 678 848 γραφήν,
706 763 819 844 ἔλεγεν
841 760 886 838 ὡς
907 759 1138 847 ἐπιβεβουλευ-

114 862 226 950 μένος
250 864 269 930 ὁ
291 875 368 944 παίς
390 871 460 950 είη,
490 863 565 954 περὶ
593 860 634 932 οὗ
661 868 699 933 τὸ
728 870 882 952 ψήφισμα
909 863 1138 954 γεγραμμένον

114 965 176 1055 ἧν,
201 969 242 1036 ἐν
265 959 292 1058 ηδ
315 972 377 1055 τήν
401 974 532 1056 σίτησιν
555 973 699 1058 ἔγραψεν
723 971 866 1058 δπατήρ
889 973 1069 1062 Χαριδήμῳ
1091 980 1137 1062 τῷ

74 1097 100 1139 ει
112 1073 319 1162 Ἰσχομάχου
352 1077 463 1165 [υίηῑ],
494 1075 601 1160 λέγων
633 1076 692 1161 ὡς,
725 1076 783 1143 ἐὰν
811 1076 977 1166 ἐπανέλθῃ
1004 1080 1052 1155 είς
1078 1080 1138 1145 τὸν

116 1190 283 1270 πατρῷον
307 1177 401 1248 οἶκον
424 1182 442 1249 ὁ
465 1193 557 1267 ταῖς,
585 1180 802 1261 ἀπολωλεκὼς
824 1186 915 1249 ἔσται
936 1185 997 1268 τήν
1020 1183 1138 1250 οὐσίαν

117 1291 275 1370 ἅπασαν,
298 1287 341 1372 ἣν
363 1289 531 1375 Αἰσχύλος
554 1288 573 1356 δ
595 1289 816 1374 ποιησάμενος
834 1289 937 1355 αὐτὸν
958 1290 1035 1356 υἱὸν
1058 1290 1139 1356 ἐδω-

117 1417 180 1462 κεν
209 1394 318 1482 αὐτῷ,
345 1394 564 1478 ψευδόμενος·
595 1391 709 1459 οὐδενί
731 1394 795 1480 γάρ
820 1392 945 1461 πώποτ’
970 1389 997 1460 ὦ
1020 1395 1140 1482 ἄνδρες

118 1497 279 1568 δικασταὶ
300 1507 399 1565 τοῦτο
427 1510 494 1564 τῶν
520 1497 782 1584 εἰσποιηθέντων
809 1497 942 1586 συνέβη.
986 1498 1042 1566 καὶ
1062 1502 1140 1582 τού

117 1629 191 1674 των
219 1605 355 1674 πάντων
381 1611 489 1672 αίτιον
517 1607 579 1691 ἔφη
607 1606 823 1672 Πολύευκτον
852 1613 1052 1692 γεγενῆσθαι
1080 1609 1141 1692 τὸν

119 1716 246 1799 ἔχοντα
267 1714 329 1797 τήν
351 1708 475 1798 μητέρα
497 1720 557 1777 τοῦ
579 1713 714 1796 παιδός,
740 1715 948 1797 βουλόμενον
970 1716 1058 1800 ἔχειν
1080 1713 1139 1779 αύ-

118 1821 184 1885 τὸν
208 1819 270 1903 τήν
292 1825 352 1884 τοῦ
374 1818 492 1896 παιδὸς
515 1816 642 1884 ούσίαν.
689 1815 916 1904 ὀργισθέντων
940 1815 977 1885 δὲ
998 1829 1066 1886 τῶν
1089 1820 1215 1889 δι-ιιεκ

120 1935 258 1991 καστῶν
280 1921 334 1989 ἐπὶ
356 1934 426 2002 τοῖς
444 1921 646 2008 λεγομένοις,
667 1921 725 1990 καὶ
742 1924 952 2009 νομισάντων
974 1924 1054 1992 αὐτὸ
1076 1921 1138 2009 μέν

120 2032 161 2098 τὸ
185 2031 341 2115 ψήφισμα
362 2026 418 2094 καί
440 2029 503 2112 τήν
526 2028 669 2114 δωρειὰν
692 2030 775 2094 κατὰ
797 2033 875 2108 τοὺς
896 2033 1020 2114 νόμους
1041 2026 1139 2116 εἶναι,

121 2144 171 2222 τῷ
198 2130 230 2198 δ’
254 2136 326 2200 ὄντι
343 2135 403 2201 τὸν
420 2134 522 2200 παίδα
540 2131 672 2217 μέλλειν
695 2131 950 2220 ἀποστερεῖσθαι
973 2145 1039 2200 τῶν
1061 2159 1139 2220 χρη-

123 2240 253 2324 μάτων,
274 2247 320 2326 τῷ
339 2233 401 2322 μὲν
419 2235 518 2323 πατρί
537 2235 617 2302 δέκα
634 2238 805 2305 ταλάντων
822 2239 981 2324 ἐτίμησαν
997 2241 1041 2316 ὡς
1059 2241 1139 2324 μετὰ

123 2353 190 2412 τοῦ
211 2344 438 2424 ΠολυεύκτουΙ
455 2352 557 2408 ταῦτα
587 2343 779 2429 πράττοντι,
806 2344 912 2433 τούτῳ
936 2342 968 2410 δ’
993 2344 1139 2411 ἐπίστευ-

83 2472 110 2513 ιι
125 2468 194 2518 σαν
217 2451 262 2528 ὡς
284 2451 325 2534 δὴ
344 2451 550 2534 βοηθήσαντι
572 2455 619 2536 τῷ
642 2450 747 2515 παιδί.
781 2448 837 2515 καί
859 2450 899 2514 τα
921 2445 982 2540 μὲν
1005 2448 1058 2517 ἐπὶ
1079 2462 1140 2518 τοῦ

126 2560 343 2644 δικαστηρίου
371 2557 534 2639 γενόμενα
562 2563 664 2621 ταῦτα
690 2552 746 2620 καὶ
772 2557 985 2643 παραπλήσια
1011 2557 1140 2636 τούτοις

125 2660 183 2749 ήυ·
211 2665 256 2742 ὡς
282 2658 314 2728 δ’
340 2662 359 2730 δ
381 2661 522 2747 χρηστὸς
543 2655 641 2738 οὗτος
669 2659 895 2748 ὠργισμένους
915 2660 1039 2750 ᾔσθετο
1062 2666 1139 2742 τοὺς

126 2770 328 2857 ἀνθρώπους
341 2765 397 2834 καὶ
412 2764 672 2851 πεπιστευμένον
690 2767 794 2833 αὑτὸν
812 2768 856 2844 ὡς
874 2767 915 2834 οὐ
932 2769 1139 2835 παντάπασιν

127 2875 266 2943 ἀνόσιον
276 2877 369 2958 ὄντα,
379 2872 686 2960 προσκαλεσάμενος
695 2875 972 2942 τὸνΠολύευκτον
981 2873 1139 2962 ἀποφέρει

128 2983 262 3069 γραφήν
280 2978 349 3048 κατ’
368 2981 471 3046 αὐτοῦ
489 2979 663 3056 κακώσεως
679 2981 762 3065 πρὸς
779 2980 838 3069 τὸη
856 2982 999 3067 α”ρχοντα
1016 2980 1071 3047 καί
1090 2983 1139 3049 δί-

128 3090 213 3154 δωσι
226 3089 288 3172 τήν
301 3085 396 3172 λῆξιν
409 3086 632 3171 Μνησαρχίδῃ
644 3093 690 3174 τῷ
704 3083 874 3175 παρέδρῳ·
889 3088 1001 3171 λαβὼν
1017 3083 1054 3152 δὲ
1068 3088 1139 3153 δια-

128 3197 243 3272 κοσίας
257 3193 404 3279 δραχμάς
415 3191 505 3278 παρὰ
518 3199 578 3256 τοῦ
587 3191 816 3277 Πολυεύκτου,
825 3188 929 3258 καίτδ
938 3191 1032 3258 δεινδ
1044 3191 1134 3260 ταῦτ’

129 3299 335 3385 ἀποδόμενος
344 3306 463 3385 μικροῦ
470 3298 647 3381 λήμματος,
665 3293 719 3382 ἐφ’
736 3287 787 3374 οἷς
798 3307 844 3386 τῷ
853 3296 952 3385 πατρί
965 3297 1139 3382 ἐτιμήσατο

130 3403 208 3471 δέκα
226 3405 407 3487 ταλάντων,
425 3400 596 3487 ἀπηλλάγη
609 3400 663 3468 καί
677 3404 738 3488 τήν
751 3405 883 3489 γραφὴν
900 3401 1045 3471 ἀνείλετο
1059 3422 1139 3488 προ-

131 3513 210 3588 δούς
223 3512 282 3577 τὸν
296 3508 454 3596 ὀρφανόν.
481 3510 539 3573 καί
558 3530 616 3591 μοι
629 3507 721 3574 κάλει
734 3508 861 3572 τούτων
874 3508 952 3583 τοὺς
964 3505 1138 3590 μάρτυρας.
