2654 3926
169 169 212 235 66
450 173 546 223 mv.
575 169 879 241 [Διιιιουουυοτυ]

128 352 155 392 ⁶1
168 333 295 417 νεύητε.
330 333 368 398 τὸ
387 327 448 415 μὲν
465 331 530 417 γὰρ
549 331 706 413 σύνολον,
729 331 822 406 ὄντες
839 325 1008 416 Ἀρχιάδῃ,
1030 324 1072 396 οὗ
1091 329 1181 396 ἐστιν

168 438 187 505 δ
210 443 331 524 κλῆρος
354 435 485 520 οὑτοσί,
511 437 593 523 πρὸς
622 434 756 520 ἀνδρῶν
779 437 860 501 κατὰ
882 433 978 519 γένος
1001 433 1181 521 ἐγγυτάτω,

167 542 223 609 καῖ
244 552 303 626 τῆς
324 543 484 626 ποησεως,
505 535 545 624 ἧς
568 541 693 617 ἐκεῖνος
714 540 909 626 ἐποιήσατο,
931 551 997 607 τῶν
1021 537 1082 626 μέν
1104 541 1181 607 ἐπα-

167 650 404 732 νεληλυθότων
430 648 478 723 εἰς
504 648 564 712 τὸν
590 654 746 734 πατρῷον
769 641 879 729 οἰκον,
905 645 1020 712 τοῦδ’
1047 646 1181 731 ἐγκατα-

168 751 365 839 λειφθέντος
390 753 531 829 όίπαιδος
559 755 842 835 τετελευτηκότος,
867 751 1049 818 τούτωνδ’
1076 754 1181 831 οὕτως

127 880 155 920 ιε
168 859 312 946 ἐχόντων
334 857 491 942 ἀξιοῦμεν
509 863 742 944 κληρονομεῖν,
764 857 924 943 οὐδεμίαν
946 858 1065 926 οὐσίαν
1087 864 1181 926 Λεο-
1228 951 1232 957 ἡ

168 966 310 1052 στράτου
331 963 533 1050 ἀφελόμενοι
555 958 663 1050 (οὗτοι
677 960 738 1048 μὲν
751 964 815 1050 γδρ
828 965 886 1041 τδις
899 962 1026 1032 ἑαυτῶν
1039 963 1179 1054 ἔχουσι),

166 1082 224 1157 τῆς
240 1067 298 1137 ὑπ’
322 1066 499 1156 Ἀρχιάδου
518 1065 555 1134 δέ
572 1073 847 1154 καταλειφθείσης
864 1068 920 1136 καί
937 1071 1040 1155 ούσης
1057 1071 1094 1138 ἐκ
1111 1083 1178 1138 τῶν

166 1183 280 1265 νόμον
302 1175 468 1263 ἡμετέρας.
509 1176 528 1243 ὁ
550 1176 614 1262 γδιρ
636 1177 739 1260 νόμος
761 1170 788 1240 όν
811 1177 931 1263 ἄνδρες
953 1177 1105 1243 δικασταὶ
1126 1201 1179 1244 κε-

167 1285 257 1350 λεύει
278 1292 412 1369 κρατεῖν
429 1284 508 1359 τοὺς
530 1282 670 1368 όίρρενας
691 1279 842 1360 καὶτοὺς
864 1282 901 1348 ἐκ
922 1293 989 1348 τῶν
1012 1282 1177 1370 ἀρρένων·
1189 1296 1265 1347 1099

167 1386 261 1456 οὗτοι
279 1387 309 1454 δ’
332 1387 425 1473 ἡμεῖς
444 1388 553 1472 ἐσμεν.
589 1387 651 1463 ούκ
668 1382 755 1471 ἦσαν
773 1391 890 1454 τοίνυν
911 1390 1026 1466 παῖδες
1049 1388 1177 1478 ἐκείνῳ·

126 1512 154 1556 ιε
167 1497 203 1563 οί
223 1493 254 1561 δ’
280 1517 330 1558 ε*
353 1496 446 1571 όντες
467 1493 561 1578 ἡμεῖς
583 1492 691 1577 ἐσμεν.
728 1490 825 1560 ἔπειτ’
853 1494 894 1560 ού
917 1496 1047 1561 δίκαιον
1070 1497 1178 1580 δήπου

166 1603 226 1667 τὸν
247 1601 386 1683 ποιητὸν
407 1600 484 1665 υίὸν
507 1601 665 1682 ποιητοὺς
689 1596 822 1685 ἑτέρους
843 1600 1001 1684 εἰσύγειν,
1022 1598 1098 1666 ἀλλ’
1126 1602 1178 1686 ἐγ-

166 1709 375 1772 καταλείπειν
402 1700 464 1788 μέν
491 1703 724 1789 γιγνομένους,
754 1705 834 1770 ὅταν
858 1702 895 1771 δέ
916 1704 1006 1773 τοῦτ’
1033 1707 1179 1796 ἐπιλίπῃ,

165 1822 236 1888 τοῖς
261 1808 393 1894 γένεσιν
419 1808 618 1876 ἀποδιδόναι
645 1811 703 1887 τὰς
728 1813 962 1896 κληρονομίας·
989 1822 1091 1879 ταῦτα
1113 1817 1177 1900 γὰρ
1282 1885 1284 1890 ,

166 1917 202 1984 οἰ
216 1919 315 2000 νόμοι
332 1914 536 1981 κελεύουσιν.
573 1913 643 1981 ἐπεὶ
665 1927 734 1993 πῶς
751 1916 814 1982 οὐκ
836 1916 1013 1983 ἐκκλείεται
1034 1910 1082 1996 εἷς
1103 1919 1177 1986 ἐκα-

165 2039 242 2100 στος
263 2021 358 2106 ὑμῶν
380 2029 437 2104 τῆς
454 2021 535 2085 ιιατδ
553 2020 649 2104 γένος
671 2020 867 2108 ἀγχιστείας,
890 2022 970 2090 ὅταν
991 2036 1061 2101 τοῖς
1081 2045 1177 2110 ποιη-

164 2137 234 2205 τοῖς
260 2127 281 2212 vj
309 2128 404 2192 όίδεια
435 2125 517 2210 αὕτη
550 2128 657 2212 δοθῇς
690 2129 786 2213 ὁρᾶτε
814 2129 877 2215 γὰρ
905 2129 955 2195 ότι
982 2141 1053 2208 ταῖς
1078 2137 1177 2198 κολα-

165 2238 268 2311 κείαις
290 2233 326 2298 οἰ
340 2237 488 2299 πλεῖστοι
505 2234 803 2319 ψυχαγωγούμενοι
825 2232 881 2301 καὶ
901 2246 973 2313 ταῖς
994 2239 1077 2322 πρὸς
1098 2242 1177 2318 τοὺς

166 2342 309 2416 οἰκείους
340 2339 516 2426 διαφοραῖς
545 2339 704 2416 πολλάκις
738 2344 989 2424 φιλονικοῦντες
1019 2349 1176 2428 ποιητοὺς

165 2447 249 2523 υἰεῖς
265 2455 453 2512 ποιοῦνται·
475 2445 507 2509 εἰ
524 2441 554 2509 δ’
577 2447 669 2510 ἔσται
690 2455 735 2533 τῷ
758 2446 984 2531 εἰσποιηθέντι
1006 2451 1095 2536 παρὰ
1116 2454 1176 2519 τὸν

165 2555 271 2636 νόμον
293 2552 454 2618 εἰσποιεῖν
481 2550 521 2616 δν
544 2548 586 2616 δν
608 2551 783 2636 βούληται,
813 2551 971 2620 οὐδέποτε
993 2567 1062 2632 τοῖς
1083 2555 1174 2639 γένε-

125 2674 221 2725 τισιν
248 2657 286 2723 αἰ
310 2659 526 2742 κληρονομίαι
554 2657 766 2740 δοθήσονται.
811 2657 910 2724 δκαί
930 2661 1175 2746 προνοηθεῖςὸ

164 2760 349 2848 νομοθέτης
376 2761 490 2826 ἀπεῖπε
517 2770 563 2850 τῷ
591 2770 714 2851 ποιητῷ
739 2762 827 2852 αὐτῷ
856 2765 930 2832 όντι
951 2770 1075 2850 ποητὸν
1097 2770 1174 2836 υῖον

165 2869 209 2954 μὴ
231 2874 399 2953 πτοεῖσθαι,
420 2870 496 2933 τίνα
517 2870 642 2953 τρόπον
660 2869 809 2954 διορίσας
828 2868 905 2956 περὶ
927 2873 1070 2953 τούτους
1093 2875 1174 2942 ὅταν

164 2981 240 3062 εῖπη
271 2975 364 3040 ὐίδν
395 2973 535 3057 γνήσιον
565 2972 823 3056 ἐγκαταλιπόντα
852 2975 1048 3063 ἐπανιέναι’,
1077 2980 1178 3063 δηλοῖ

166 3083 274 3166 δήπου
301 3089 453 3166 φανερῶς
482 3079 533 3145 ότι
561 3079 603 3144 ού
632 3081 687 3146 δεῖ
709 3088 894 3148 ποιεῖσθαι·
921 3083 1088 3152 ἀδύνατον
1110 3087 1174 3170 γάρ

165 3187 256 3253 ἐστιν
277 3187 354 3253 υίὸν
380 3185 520 3269 γνήσιον
549 3183 792 3276 ἐγκαταλιπεῖν,
820 3187 878 3254 ε’δν
901 3191 945 3274 μη
968 3193 1058 3278 γόνφ
1080 3215 1174 3276 γεγο-
1278 3227 1281 3232 -

163 3292 233 3368 νὼς
253 3284 275 3378 ᾖ
298 3315 374 3358 τινι.
410 3293 453 3357 σύ
479 3293 596 3357 τοίνυν
618 3286 646 3356 ὦ
667 3294 861 3381 Λεώστρατε
889 3294 993 3376 ἀξιοῖς
1020 3305 1066 3384 τῷ
1088 3319 1174 3364 τετε-

165 3400 335 3482 λευτηκότι
356 3399 517 3486 είσποητςό
532 3399 580 3474 εἰς
597 3399 634 3464 τὸ
652 3397 811 3485 ἡμέτερον
829 3398 925 3492 γένος
943 3404 1014 3468 όντι
1035 3406 1175 3488 ποιητὸν

165 3499 219 3568 ἐπὶ
240 3503 299 3569 τὸν
317 3507 441 3588 κλῆρον
460 3505 658 3588 εἰσαγαγεῖν,
681 3505 790 3591 ὥσπερ
813 3504 867 3572 ἐπὶ
888 3507 929 3572 τὰ
951 3519 1075 3575 σαυτοῦ
1097 3512 1172 3594 κτη-
