2654 3926
165 151 210 215 34
447 153 546 206 mn.
575 148 880 222 [Δωωοεοεαουι]

567 310 771 366 MAPTTPIAI.

201 459 207 467 “
277 442 439 521 Μαρτυρεῖ
451 437 596 522 συγγενής
614 432 691 501 ελναι
707 437 865 518 Πολέμωνι
887 441 927 525 τῷ
939 431 1060 519 Ἁγνίου
1078 435 1177 518 πατρί,

211 535 260 600 καλ
287 536 408 600 ἀκούειν
434 545 488 599 τού
515 535 623 617 πατρὸς
649 544 703 598 τοῦ
730 535 838 599 έαυτού
865 533 1010 615 ἀνεψιούς
1037 526 1114 595 εἶναι
1142 531 1177 595 έκ
1291 547 1324 606 22„

210 633 425 716 πατραδέλφων
443 633 601 715 Πολέμωνι
622 633 770 716 Φίλαγρόν
787 656 817 695 τε
834 632 886 695 τὸν
904 631 1096 716 Εὐβουλίδου
1118 650 1176 690 πα·
1299 650 1325 713 χ]

210 729 279 812 τέρα
305 731 355 794 καλ
380 731 587 812 Φανόστρατον
615 729 666 793 τδν
689 731 833 812 Στρατίου
862 728 973 810 πατέρα
995 726 1045 788 καλ
1067 726 1176 788 Καλλί·
1298 737 1304 784 ἴ·

211 846 334 911 στρατον
356 828 408 890 τὸν
425 826 535 912 πατέρα
557 837 609 907 της
626 829 747 890 Σωσίου
764 825 905 909 γυνυικδς
927 825 977 887 καὶ
993 822 1177 904 Εὐκτήμονα
1300 861 1318 898 :22

210 925 262 988 τὸν
280 927 493 1007 βασιλεύσαντα
511 925 560 987 καλ
578 926 754 1005 Χαρίδημον
772 922 824 986 τδν
845 921 955 1004 πατέρα
973 921 1024 984 τὸν
1045 920 1176 1000 Θεοπόμ-

209 1046 270 1086 που
297 1022 347 1085 καλ
373 1021 607 1103 Στρατοκλέους,
633 1021 683 1083 κοιλ
711 1014 869 1094 εἶναιτοῖς
892 1005 1010 1082 τούτων
1026 1016 1104 1080 υἱέσι
1126 1017 1176 1080 καλ

204 1116 308 1205 Ἁγνίῳ
335 1118 369 1182 έν
398 1123 438 1204 τῷ
466 1119 545 1204 αὐτῷ
571 1117 649 1201 γένει
671 1115 866 1199 Εὐβουλίδην
893 1115 967 1178 κατὰ
988 1115 1039 1178 τδν
1065 1113 1177 1195 πατέρα

209 1216 260 1279 τδν
287 1215 395 1279 ἑαυτοῦ
425 1217 590 1298 Φίλαγρον,
617 1215 691 1277 κατὰ
718 1218 750 1278 δὲ
777 1213 832 1294 τήν
859 1212 969 1297 μητέρα
991 1212 1046 1292 τήν
1069 1211 1176 1275 ἑαυτοῦ
1299 1205 1304 1239 ‘¹

213 1314 393 1394 Φυλομάχην
411 1312 605 1392 νομιζόμενον
623 1311 752 1392 ἀνεψιὸν
770 1305 846 1375 εἶναι
866 1310 1062 1392 Εὐβουλίδην
1073 1306 1175 1396 Ἁγνίῳ
1299 1318 1325 1373 ’.τ’

209 1410 283 1495 πρὸς
296 1410 415 1491 πατρός,
437 1408 470 1472 έκ
483 1409 607 1488 τηθίδος
620 1408 759 1492 γεγονότα
775 1405 879 1495 Ἁγνίῳ
896 1417 949 1488 της
966 1407 1042 1489 πρὸς
1058 1404 1174 1485 πατρός.
1303 1435 1315 1466 ι

610 1600 723 1652 ΑΛΛΗ.

127 1741 153 1780 1³
275 1730 475 1807 Μαρτυρούσι
502 1732 651 1809 συγγενεῖς
678 1720 754 1788 εἶναι
775 1724 935 1806 Πολέμωνι
963 1731 1003 1812 τῷ
1025 1725 1113 1805 πατρὶ
1134 1727 1176 1811 τῷ

204 1819 324 1905 Ἁγνίου
344 1822 394 1883 καὶ
411 1824 548 1909 Φιλάγρῳ
562 1826 602 1909 τῷ
620 1822 707 1904 πατρί
725 1827 765 1911 τῷ
783 1823 975 1904 Εὐβουλίδου
993 1821 1043 1884 καλ
1056 1821 1177 1901 Εὐκτή-

210 1943 279 2001 μονι
310 1922 351 2006 τῷ
378 1920 599 2000 βασιλεύσαντι,
626 1919 676 1981 καί
705 1918 814 1982 είδέναι
836 1919 1018 1999 Εὐκτήμονα
1044 1918 1177 1999 ἀδελφὸν

210 2015 280 2079 όντα
303 2014 485 2096 ὁμοπάτριον
506 2017 643 2102 Φιλάγρῳ
665 2020 705 2103 τῷ
727 2016 814 2098 πατρλ
835 2022 876 2103 τῷ
895 2015 1102 2098 Εὐβουλίδου·
1126 2015 1178 2080 καλ

210 2111 296 2176 δπότε
317 2109 337 2192 ή
360 2112 527 2176 ἐπιδικασία
555 2106 596 2194 ήν
621 2123 675 2176 τοῦ
701 2115 811 2199 κλήρου
840 2124 892 2177 τοῦ
910 2110 1031 2197 Ἁγνίου
1054 2114 1176 2195 Εὐβου-
1188 2119 1264 2171 1064
1319 2122 1324 2155 ²

209 2211 276 2298 λίδη
299 2208 373 2290 πρὸς
395 2209 576 2288 Γλαύκωνα,
599 2209 640 2272 έτι
663 2213 716 2290 ζήν
739 2211 938 2292 Εὐκτήμονα,
961 2212 994 2275 ἐκ
1016 2210 1178 2294 πατραδέλ-

209 2332 278 2386 φων
301 2305 428 2385 ἀνεψιὸν
451 2303 522 2368 ὄντα
544 2305 703 2387 Πολέμωνι
728 2314 768 2394 τῷ
790 2309 878 2390 πατρὶ
903 2314 944 2396 τῷ
962 2306 1098 2392 Ἁγνίου,
1126 2308 1178 2371 καλ

210 2404 251 2484 μή
275 2404 498 2484 ἀμφισβητῆσαι
516 2402 698 2484 Εὐκτήμονα
714 2404 888 2492 Εὐβουλίδη
912 2415 964 2469 τοῦ
987 2407 1098 2488 κλήρου
1122 2415 1177 2469 τού

204 2498 336 2583 Ἁγνίου,
358 2495 429 2581 μηδ’
451 2498 541 2564 άλλον
560 2500 675 2581 μηδένα
697 2501 769 2563 κατά
791 2500 877 2584 γένος
900 2503 970 2567 τότε.

612 2691 725 2744 mn.

277 2803 476 2884 Μαρτυρούσι
502 2800 553 2863 τὸν
575 2800 685 2883 πατέρα
711 2800 762 2863 τὸν
784 2801 897 2864 ἑαυτῶν
920 2803 1081 2883 Στράτωνα
1104 2821 1176 2884 συγ-

209 2905 282 2980 γενή
301 2892 377 2960 εἶναι
391 2897 550 2978 Πολέμωνι
570 2903 611 2986 τῷ
632 2898 720 2979 πατρί
742 2905 782 2986 τῷ
799 2896 920 2982 Ἁγνίου
942 2900 991 2963 καλ
1010 2901 1176 2987 Χαριδήμῳ

209 2999 250 3082 τῳ
271 2996 358 3077 πατρί
380 3000 421 3082 τῷ
446 2996 625 3076 Θεοπόμπου
648 2995 698 3058 καλ
718 2998 856 3084 Φιλάγρῳ
878 3001 919 3084 τῷ
939 2997 1027 3082 πατρί
1048 3002 1089 3084 τῳ
1113 2997 1177 3059 Εὐ-

210 3094 363 3173 βουλίδου,
385 3092 435 3155 καλ
459 3093 580 3156 άκούειν
602 3103 655 3156 τού
679 3092 791 3155 ἑαυτῶν
813 3093 938 3173 πατρός,
961 3093 1005 3156 δτι
1029 3096 1178 3176 Φίλαγρος

210 3190 296 3270 λάβοι
317 3196 445 3273 γυναῖκα
462 3191 582 3271 πρώτην
605 3188 659 3270 μέν
680 3192 861 3272 Φυλομάχην
883 3189 1017 3270 ἀδελφήν
1035 3189 1178 3270 Πολέμω-

211 3309 264 3360 νος
285 3296 338 3350 τοῦ
360 3287 469 3372 πατρὸς
491 3297 544 3351 τοῦ
561 3284 684 3370 Ἁγνίου
707 3285 889 3368 ὁμοπατρίαν
911 3288 961 3350 καλ
983 3285 1177 3368 ὁμομητρίαν,

211 3381 260 3443 καλ
282 3383 422 3465 γενέσθαι
447 3386 584 3473 Φιλάγρῳ
611 3384 644 3446 έκ
672 3382 726 3466 μέν
748 3394 800 3467 τής
825 3387 1003 3467 Φυλομάχης
1025 3386 1175 3467 Εὐβουλέα

212 3480 280 3560 δην,
302 3479 517 3563 ἀποθανούσης
547 3481 580 3545 δὲ
605 3483 782 3564 Φυλομάχης
804 3481 904 3565 έτέραυ
926 3485 1027 3565 λαβεῖν
1048 3489 1178 3566 γυναῖκα
