2658 3922
207 167 271 233 190
510 168 570 223 m.
598 126 903 240 [ΔΗωοτοτοουέ]

203 333 361 412 Λάκωνος,
383 330 416 393 τό
438 329 579 412 άργόριον
601 329 738 411 ἀπεδόθη
759 333 944 419 Κηφισιάδῃ.
977 333 1151 407 Κάλλιππος
1173 327 1217 414 δ’,
1306 419 1307 424 ¹

205 428 245 503 ίός
271 445 365 508 φησιν
390 421 622 510 Ἀπολλόδωρος,
649 425 749 507 ἐπειδὴ
776 429 894 491 πείθειν
919 428 972 492 τδν
999 425 1134 492 Πασίων’
1159 431 1217 494 οόκ

204 522 327 587 έδάνατο
351 519 421 605 μεθ’
445 523 551 586 ἑαυτοῦ
573 523 733 606 γενόμενον
755 525 973 588 συνεπιθέσθαι
994 533 1035 612 τῷ
1057 525 1142 614 ξένῳ,
1164 521 1213 588 ἐπ’

204 621 294 684 αὐτὸν
323 613 398 702 ἦλθε
426 621 479 684 τὸν
508 623 652 685 Πασίωνα
680 623 793 704 βλάβης
821 624 900 710 αὐτῷ
928 625 1134 706 δικαζόμενος,
1163 625 1215 687 καὶ

204 719 374 804 Λυσιθείδῃ
403 717 436 780 τδ
464 711 575 801 πρᾶγμ’
606 716 763 801 ἐπέτρεψεν
770 765 780 800 ,
810 719 889 796 ὅστις
918 722 1077 796 Πασίωνος
1106 725 1215 796 ζῶντος

177 811 294 876 εοόδέν
317 813 498 895 ἀπεφήνατο.
534 814 743 891 ἀποθανόντος
766 811 793 878 δ’
818 807 942 900 ἐκείνου,
965 810 1056 893 αὖθις
1076 813 1214 882 Ἀπολλο·

204 911 289 998 δώρῳ
316 913 451 994 λαγχάνει
478 914 565 992 δίκην
590 922 644 974 τοῦ
670 911 812 997 άργυρίου
838 917 1024 996 Κάλλιππος,
1050 915 1101 978 καί
1127 915 1213 996 ἠξίου

202 1008 292 1070 πάλιν
315 1008 468 1092 ἐπιτρέψαι
489 1015 530 1095 τῷ
548 1012 728 1098 Λυσιθείδῃ.
765 1010 781 1074 δ
799 1006 828 1074 δ’
845 1005 1063 1095 Ἀπολλόδωρος
1084 1012 1137 1075 τδν
1160 1011 1213 1093 μὲν

204 1106 356 1187 διαιτητὴν
383 1107 513 1189 ἐδέξατο,
544 1107 619 1191 πρὸς
647 1107 679 1170 δὲ
705 1109 760 1190 τὴν
786 1108 879 1192 ἀρχὴν
906 1109 979 1171 κατδι
1005 1110 1075 1185 τοὺς
1101 1110 1214 1190 νόμους

202 1203 254 1266 τόν
277 1208 469 1286 Λυσιθείδην
491 1205 667 1288 ἀπήνεγκεν,
690 1200 743 1286 ἵν’,
766 1206 806 1280 ὥς
833 1223 941 1287 φησιν,
965 1203 1074 1286 όμόσας
1097 1208 1213 1294 δικάσῃ,

202 1299 253 1362 καί
275 1301 315 1382 μὴ
339 1302 426 1384 χωρὶς
450 1302 540 1385 ὅρκου
563 1304 684 1364 διαιτῶν
706 1309 746 1388 τῷ
764 1304 927 1391 Καλλίππῳ
949 1305 1109 1386 χαρίσηται.
1147 1302 1214 1367 δδέ

202 1401 390 1480 Λυσιθείδης
406 1401 461 1462 οόκ
478 1397 587 1479 ὀμόσας
601 1399 772 1479 ἀπεφήνατο
785 1399 835 1462 καί
848 1395 1035 1487 κατεδιῃτησε
1049 1399 1103 1480 τήν
1117 1402 1213 1480 δίκην.

202 1614 290 1673 γετοιι.

599 1679 812 1690 ---ι--ι

203 1494 304 1578 διόπερ
322 1495 424 1576 ἔφεσιν
443 1497 515 1572 δοὺς
533 1495 550 1559 δ
566 1491 785 1580 Ἀπολλόδωρος
807 1497 849 1572 είς
866 1496 899 1560 τδ
916 1496 1105 1580 δικαστήριον
1122 1497 1212 1581 εἰσέρ-
1306 1499 1307 1522 ¹

272 1799 345 1864 Οὐκ
370 1802 439 1866 έστι
465 1801 692 1886 χαλεπώτερον
724 1797 825 1868 οὐδέν
852 1795 879 1866 ὦ
906 1801 1026 1888 ἄνδρες
1051 1803 1212 1889 δικασταί,

202 1901 327 1988 ἢδταν
354 1906 533 1991 άνθροιπος
560 1903 661 1985 δόξαν
688 1908 773 1992 ἔχων
804 1905 860 1972 καὶ
887 1907 1071 1992 δυνάμενος
1096 1911 1212 1994 εἰπεῖν,

202 2015 307 2098 τολμᾷ
329 2013 514 2090 ψεύδεσθαι
540 2010 596 2079 καὶ
623 2013 801 2099 μαρτύρων
828 2012 961 2099 εὐπορῇ.
1000 2013 1127 2100 ἀνάγκη
1150 2017 1210 2102 γάρ
1306 2089 1307 2110 ῃ

202 2116 271 2183 έστι
293 2126 338 2206 τῷ
362 2119 537 2203 φεύγοντι,
564 2115 678 2203 μηκέτι
703 2117 780 2205 περὶ
806 2129 866 2186 τοῦ
892 2119 1082 2205 πράγματος
1107 2125 1210 2206 μόνον
1219 2139 1277 2190 ιτεε
1306 2117 1307 2162 Ῑ

202 2222 329 2309 λέγειν,
358 2224 441 2290 άλλδι
470 2223 524 2290 καλ
552 2223 628 2310 περὶ
657 2224 760 2290 αὐτοῦ
788 2235 849 2291 τοῦ
878 2223 1050 2311 λέγοντος,
1079 2225 1124 2316 ὡς
1151 2227 1210 2294 οὐκ

175 2333 289 2408 νείκὸς
311 2331 398 2420 αὐτῷ
423 2331 479 2396 διδι
501 2331 562 2414 την
585 2328 686 2408 δόξαν
703 2330 880 2396 πιστεύειν.
917 2333 948 2396 εί
968 2331 1032 2417 γάρ
1055 2333 1135 2410 έθος
1156 2357 1210 2399 κα·
1306 2375 1307 2378 =

201 2440 392 2523 ταστήσετε,
421 2447 490 2514 τοῖς
521 2433 720 2520 δυναμένοις
749 2437 855 2501 εἰπεῖν
883 2434 939 2502 καὶ
968 2435 1070 2515 δόξαν
1099 2441 1210 2524 έχουσι

201 2548 328 2626 μᾶλλον
350 2545 517 2610 πιστεύειν
539 2541 561 2628 ἢ
583 2552 653 2618 τοῖς
676 2540 948 2628 ἀδυνατωτέροις,
972 2541 1023 2629 ἐφ’
1050 2543 1131 2628 ὑμῖν
1154 2544 1210 2609 αό-

201 2659 270 2724 τοῑς
287 2651 405 2715 ἔσεσθε
422 2650 459 2714 τὸ
479 2651 558 2724 ἔθος
575 2658 674 2714 τοῦτο
692 2651 973 2725 κατεσκευακότες.
1011 2647 1126 2733 δέομαι
1150 2645 1210 2715 οὖν

201 2753 313 2838 ὑμῶν,
342 2761 431 2839 εἴπερ
454 2777 487 2819 τι
509 2751 565 2819 καὶ
594 2754 676 2819 άλλο
706 2754 836 2819 πώποτε
865 2763 999 2840 πρᾶγμα
1026 2752 1206 2820 αὐτὸκαθ’

202 2860 282 2926 αὑτὸ
305 2859 486 2943 ἐδικάσατε,
508 2855 592 2944 μηδέ
615 2857 690 2944 μεθ’
719 2855 840 2946 ἑτέρων
866 2861 928 2944 τὴν
955 2861 1091 2945 γνώμην
1118 2863 1210 2943 γενό-

201 2990 307 3051 μενοι,
329 2968 408 3052 μήτε
431 2966 511 3051 μετὰ
533 2976 600 3032 τῶν
623 2966 813 3032 διωκόντων
836 2966 916 3050 μήτε
939 2966 1019 3050 μετδι
1042 2977 1109 3031 τῶν
1131 2989 1209 3052 φευ-

200 3075 346 3158 γόντων,
376 3071 460 3137 ἀλλὰ
488 3073 525 3137 τὸ
554 3072 683 3138 δίκαιον
711 3071 928 3156 σκεψάμενοι,
959 3070 1046 3138 οὕτω
1068 3069 1125 3137 καὶ
1146 3081 1209 3137 νῦν
1306 3149 1307 3154 ¹

201 3181 391 3262 διαγνῶναι.
427 3175 460 3257 έξ
484 3174 585 3264 ἀρχῆς
606 3173 637 3242 δ’
665 3177 744 3261 ὑμῖν
768 3177 976 3270 διηγήσομαι.

173 3304 187 3344 8
267 3286 390 3352 Λάκων
414 3285 475 3371 γὰρ
500 3284 518 3350 δ
536 3280 765 3369 Ἡρακλεώτης
783 3277 809 3346 ὦ
828 3283 948 3369 ἄνδρες
970 3283 1131 3366 δικασταί,
1154 3278 1209 3348 οὗ·

199 3415 255 3468 τος
284 3389 324 3456 ὃν
353 3388 408 3458 καὶ
437 3389 536 3467 αὐτὸς
565 3387 668 3474 λέγει,
697 3397 735 3474 τῇ
765 3387 903 3474 τραπέζῃ
932 3396 971 3474 τῇ
1001 3398 1060 3456 τοῦ
1088 3389 1209 3474 πατρὸς

200 3497 334 3584 ἐχρῆτο,
363 3497 472 3583 ὥσπερ
501 3492 556 3564 καὶ
587 3495 622 3562 οί
649 3495 744 3563 άλλοι
773 3497 929 3580 έμποροι,
958 3491 1050 3572 ξένος
1078 3489 1139 3578 μὲν
1161 3493 1208 3561 ὢν
