2658 3922
515 199 610 252 ΚΑΤΑ
628 198 812 252 nomon.
1102 195 1169 258 219

155 361 335 448 Κόνωνος,
362 356 418 448 καὶ
439 363 640 443 προσελθεῖν
667 357 705 424 έν
733 357 839 446 ἀγορᾷ
865 355 1063 444 μαχομένοις
1086 355 1170 441 Ἀρί-

158 481 260 532 στωνι
282 461 338 530 καί
360 473 406 553 τῶ
430 466 499 532 υίεϊ
517 473 563 552 τῷ
587 466 762 548 Κόνωνος,
789 461 844 530 καί
870 465 915 549 μή
942 462 1081 542 πατάξαι
1105 465 1170 528 Κό-

117 588 145 631 ⁸⁸
157 595 249 637 νωνα
264 568 474 656 Ἀρίστωνα’,
497 571 542 647 ὡς
558 570 644 655 ὑμᾶς
661 569 787 646 εὐθέως
804 571 1050 644 πιστεύσοντας,
1071 571 1109 635 τὸ
1133 564 1166 633 δ’

158 671 281 760 ἀληθὲς
303 673 346 740 οὐ
368 672 619 759 λογιουμένους,
641 675 693 740 ὅτι
715 685 847 759 πρῶτον
869 669 931 759 μὲν
954 670 1104 741 οὐδέποτ’
1126 673 1169 736 δν

159 779 236 848 οὔθ’
263 781 282 847 ὑ
304 784 531 866 Λυσίστρατος
553 776 630 847 οὔθ’
652 780 671 847 ὑ
689 778 823 857 Πασέας
845 776 922 846 οὔθ’
945 781 963 848 ὁ
981 783 1171 868 Νικήρατος

159 883 237 954 οὔθ’
263 887 281 954 ὁ
303 888 490 973 Διόδωρος,
513 890 549 953 οἳ
569 887 754 973 διαρρήδην
777 887 1064 971 μεμαρτυρήκασιν
1086 886 1169 971 δρᾶν

157 992 223 1058 ὑπὸ
242 995 401 1070 Κόνωνος
417 994 623 1077 τυπτόμενόν
641 1016 681 1079 με
700 990 754 1059 καὶ
772 993 949 1076 θοίμάτιον
968 992 1170 1077 ἐκδυόμενον

157 1097 213 1164 καλ
244 1095 334 1165 πάλλ’
370 1095 422 1165 ὑσ’
454 1101 597 1188 ἔπασχον
629 1097 867 1185 ὑβριζόμενον,
903 1097 1046 1181 ἀγνῶτες
1077 1099 1169 1175 όντες

156 1204 241 1271 κάπὸ
264 1202 470 1288 ταύτομάτου
488 1207 751 1290 παραγενόμενοι
773 1212 818 1292 τῷ
841 1204 1006 1289 πράγματι
1028 1203 1068 1268 τὰ
1089 1213 1170 1282 νευ-

157 1312 199 1394 δῆ
227 1321 407 1396 μαρτυρεῖν
433 1307 620 1394 ἠθέλησαν,
651 1311 683 1374 εί
708 1310 752 1394 μή
781 1305 880 1375 ταῦθ’
908 1305 1022 1393 ἑώρων
1047 1329 1169 1374 πεπον-
1179 1324 1245 1374 1161

156 1420 256 1483 θότα’
280 1411 379 1482 ἔπειτ’
402 1415 501 1492 αὐτὸς
519 1412 614 1500 ἔγωγ’
638 1411 791 1482 οὐδέποτ’
814 1415 872 1498 δν,
895 1416 939 1500 μή
962 1415 1082 1481 παθὼν
1104 1413 1169 1481 ὑπὸ

156 1524 277 1590 τούτου
309 1531 427 1606 ταῦτα,
464 1519 560 1606 ἀφείς
591 1523 669 1600 τοὺς
699 1519 755 1588 καὶ
786 1518 863 1607 παρ’
899 1520 1020 1586 αὐτῶν
1041 1521 1169 1587 τούτων

158 1627 445 1714 ὁμολογουμένους
466 1629 601 1694 τύπτειν
624 1625 692 1713 έμέ,
714 1628 795 1714 πρὸς
816 1629 876 1695 τὸν
899 1623 971 1694 οὐδ’
998 1625 1170 1710 ἁψάμενον

117 1750 144 1792 ⁸³
158 1745 290 1820 πρῶτον
311 1732 449 1800 εἰσιέναι
471 1737 683 1819 προειλόμην.
719 1738 755 1799 τί
774 1733 837 1818 γάρ
861 1735 917 1812 άν;
942 1728 1014 1798 ἀλλ’
1041 1728 1099 1817 ὑφ’
1127 1726 1169 1798 οὑ

157 1863 195 1924 γε
217 1841 350 1927 πρῶτον
377 1837 405 1905 τ’
432 1839 578 1924 έπλήγην
605 1836 661 1906 καὶ
688 1837 824 1925 μάλισθ’
851 1839 1036 1925 ὑβρίσθην,
1062 1839 1168 1927 τούτῳ

156 1944 212 2012 καὶ
235 1947 406 2030 δικάζομαι
427 1943 483 2011 καὶ
510 1956 595 2030 μισῶ
623 1943 678 2010 καὶ
706 1943 928 2031 ἐπεξέρχομαι.
967 1942 1023 2010 καὶ
1045 1945 1085 2008 τά
1108 1939 1169 2028 μὲν

157 2047 234 2136 παρ’
266 2050 347 2135 ἐμοῦ
379 2046 481 2116 πάνθ’
513 2050 618 2127 οὑτως
649 2049 740 2116 ἐστὶν
776 2050 886 2136 άληθή
917 2048 973 2115 καὶ
1003 2053 1168 2135 φαίνεται·

158 2156 265 2244 τούτῳ
283 2152 321 2220 δέ
339 2157 383 2239 μή
402 2154 640 2243 παρασχομένῳ
662 2157 800 2232 τοὺιους
817 2156 984 2241 μάρτυρας
1000 2149 1043 2238 ήν
1061 2155 1169 2238 δήπου

159 2263 259 2343 λόγος
281 2260 402 2346 οὐδείς,
425 2257 498 2325 ἀλλ’
517 2257 680 2345 ἡλωκέναι
698 2258 884 2347 παραχρῆμ’
904 2261 1031 2346 ὑπῆρχε
1053 2268 1169 2345 σιωπῇ.

160 2367 324 2450 συμπόται
342 2363 373 2432 δ’
395 2367 488 2444 ὄντες
505 2367 626 2432 τούτου
648 2364 702 2431 καί
724 2371 857 2432 πολλῶν
879 2366 1040 2432 τοιούτων
1062 2367 1169 2450 ἔργων

158 2476 331 2555 κοινωνοί,
363 2474 498 2549 είπότως
528 2472 568 2536 τά
599 2471 706 2555 ψευδῆ
739 2472 1036 2556 μεμαρτυρήκασιν.
1079 2472 1113 2536 εί
1134 2466 1165 2537 δ’

159 2579 250 2644 ἔσται
263 2579 301 2644 τὸ
315 2586 449 2663 πρᾶγμα
462 2586 628 2660 τοιοῦτον,
646 2575 705 2641 ε’δν
719 2575 804 2653 ἅπαξ
818 2574 1170 2664 ἀπαναισχυντήσωσίν

157 2707 245 2761 τινες
271 2680 327 2750 καὶ
353 2683 394 2748 τά
420 2683 528 2766 ψευδῆ
561 2693 713 2767 φανερῶς
742 2683 952 2765 τολμήσωσιν
979 2695 1170 2770 μαρτυρεῖν,

158 2786 259 2856 οὐδέν
274 2786 312 2855 δέ
325 2799 381 2873 τῆς
398 2787 559 2872 ἀληθείας
579 2790 709 2873 ὄφελος,
727 2787 908 2853 πάνδεινον
922 2789 1012 2854 ἔσται
1026 2797 1168 2875 πρᾶγμα.

117 2910 145 2951 u
157 2893 242 2960 άλλδι
265 2896 306 2979 νή
325 2892 383 2960 Δί’
406 2894 467 2960 οὐκ
489 2891 554 2959 είσὶ
577 2902 731 2959 τοιοῦτοι.
769 2889 841 2958 ἀλλ’
863 2898 974 2960 ἴσασιν
994 2893 1101 2978 ὑμῶν,
1125 2895 1169 2972 ὡς

158 2999 223 3083 ἐγὼ
245 3003 379 3084 νομίζω,
402 2997 520 3066 πολλολ
546 2996 602 3064 καὶ
629 3000 688 3065 τὸν
710 3001 874 3082 Διότιμον
900 2996 957 3065 καὶ
981 3001 1041 3066 τὸν
1060 2998 1169 3086 Ἀρχε-

158 3106 279 3190 βιάδην
300 3102 357 3170 καὶ
379 3107 439 3172 τόν
462 3103 661 3191 Χαιρέτιμον
687 3106 746 3171 τὸν
770 3104 942 3172 ἐπιπόλιον
963 3110 1114 3190 τουτονί,
1135 3109 1171 3173 οἳ

158 3208 236 3296 μεθ’
260 3209 387 3297 ἡμέραν
408 3206 469 3295 μέν
492 3210 769 3296 έσκοθρωπάκαστ
795 3208 850 3276 καί
872 3214 1064 3290 λακωνίζειν
1086 3210 1169 3297 φασὶ

157 3315 212 3382 καί
234 3319 399 3403 τρίβωνας
421 3319 555 3404 ἔχουσιν
577 3314 632 3384 καὶ
655 3315 760 3394 ἁπλᾶς
781 3314 1010 3400 ὑποδέδενται,
1034 3314 1168 3383 ἐπειδὰν

158 3418 196 3488 δὲ
219 3427 404 3506 συλλεγῶσι
425 3419 481 3488 καὶ
502 3419 571 3507 μετ’
599 3421 751 3507 ἀλλήλων
778 3422 955 3507 γένωνται,
981 3433 1092 3488 κακῶν
1114 3420 1169 3488 καὶ

116 3543 145 3586 ⁸⁵
158 3529 303 3614 αἰσχρῶν
327 3523 428 3594 οὐδὲν
450 3526 646 3594 ἐλλείπουσι.
686 3527 742 3594 καὶ
768 3537 871 3593 ταῦτα
895 3528 936 3593 τά
959 3527 1091 3610 λαμπρὰ
1112 3523 1169 3592 καὶ
