2650 3918
190 135 256 202 314
485 139 556 192 mx,
585 135 890 208 [ΔΗΜοεοΕειοεε]

233 324 333 382 φανον
356 298 388 363 δὲ
408 297 544 382 παρέχειν
563 281 655 364 Φανὼ
676 294 846 388 Ἐπαινέτῳ,
869 298 979 364 ὁπόταν
996 297 1127 386 ἐπιδημῇ
1148 297 1197 361 καί

233 399 376 480 βούληται
397 403 531 460 συνεῖναι
552 397 637 484 αὐτη.

150 531 176 573 ιι
261 511 330 594 Την
363 512 478 574 τοίνυν
509 518 700 594 περιφανῶς
729 505 941 593 ἐγνωσμένην
972 503 1070 591 ξένην
1101 500 1197 589 εἶναι,

189 611 244 680 καὶ
267 612 320 700 ἐφ’
340 607 363 702 ᾗ
386 615 504 701 μοιχὸν
522 609 620 691 οὗτος
642 613 799 699 ἐτόλμησε
822 617 947 698 λαβεῖν,
970 613 1018 689 είς
1038 621 1196 678 τοσοῦτον
1307 653 1308 656 =

161 797 165 804 Ι
188 720 316 805 ύβρεως
328 717 384 786 καὶ
398 719 566 796 ἀναιδείας
578 715 664 805 ἦλθε
677 717 850 806 Στέφανος
868 716 983 786 οὑτοσί
1000 715 1056 784 καὶ
1068 716 1196 804 Νέαιρα

189 825 298 910 αὑτηί,
321 827 403 892 ὥστε
428 825 638 911 [ἐτόλμησαν]
659 827 702 911 μη
721 824 852 910 ἀγαπᾶν
874 827 907 892 εί
927 828 1072 911 ἔφασκον
1095 824 1197 908 αὐτὴν

189 930 293 1016 ἀστὴν
311 927 409 1016 εἶναι,
426 931 510 998 ἀλλὰ
528 932 717 1009 κατιδόντες
736 928 902 1016 Θεογένην
920 931 1124 1014 Κοθωκίδην
1142 936 1198 998 λα·

188 1040 288 1123 γόντα
310 1036 462 1123 βασιλέα,
487 1039 671 1124 ’ἄνθρωπον
693 1037 811 1121 εὐγενῆ
834 1034 912 1122 μέν,
938 1034 1060 1122 πένητα
1084 1033 1122 1103 δδ
1144 1035 1198 1102 καὶ
1309 1087 1310 1094 ι

189 1145 326 1229 ἄπειρον
347 1145 565 1230 πραγμύτων,
593 1146 926 1228 συμπαραγενόμενος
952 1142 1040 1232 αὐτῷ
1064 1144 1199 1228 δοκιμα-
1310 1225 1311 1238 2

190 1248 314 1340 ζομένω
336 1249 392 1317 καὶ
414 1251 664 1336 συνευπορήσας
686 1248 926 1336 ἀναλωμάτων,
949 1248 1003 1316 ὅτε
1025 1246 1130 1336 εἰσῄει
1152 1251 1201 1327 είς

188 1357 249 1440 τὴν
276 1355 399 1444 ἀρχὴν,
429 1355 602 1442 Στέφανος
629 1357 761 1441 οὑτοσί,
789 1353 845 1422 καὶ
870 1355 1029 1422 ὑπελθὼν
1055 1353 1112 1421 καὶ
1137 1357 1199 1440 τὴν

189 1461 294 1548 ἀρχὴν
316 1459 393 1548 παρ’
419 1462 523 1529 αὐτοῦ
544 1462 736 1547 πριάμενος,
756 1462 921 1548 πάρεδρος
938 1465 1127 1547 γενόμενος,
1149 1463 1199 1528 δί-

190 1569 273 1634 δωσι
295 1568 356 1652 τὴν
374 1568 556 1652 ἄνθρωπον
574 1569 698 1652 ταύτην
720 1578 874 1652 γυναῖκα,
895 1568 957 1652 τὴν
979 1575 1036 1651 τῆς
1052 1571 1201 1655 Νεαίρας

187 1671 368 1759 θυγατέρα,
389 1669 444 1738 καὶ
462 1672 565 1762 ἐγγυᾷ
583 1673 756 1759 Στέφανος
774 1671 888 1740 οὐτοσὶ
906 1674 951 1750 ὡς
968 1672 1071 1740 αὑτοῦ
1091 1680 1200 1758 θυγα-

188 1777 267 1865 τέρα
284 1773 403 1844 οὖσαν·
427 1779 513 1845 ούτω
531 1782 617 1847 πολὺ
635 1791 703 1847 τῶν
719 1783 835 1865 νόμων
851 1777 907 1846 καὶ
924 1779 1019 1864 ὑμῶν
1040 1784 1201 1867 κατεφρό-

151 1900 299 1970 ωνησεν.
335 1882 391 1951 καί
419 1885 500 1970 αὐτη
528 1885 657 1970 ἡγυνὴ
686 1885 768 1971 ὑμῖν
794 1889 875 1952 ἔθυε
903 1886 943 1951 τδ
973 1887 1097 1972 ὐρρητα
1127 1887 1201 1972 ίερδ

188 1987 271 2078 ὑπὲρ
289 1999 347 2075 τῆς
363 1994 501 2076 πόλεως,
522 1989 578 2057 καὶ
596 1987 685 2058 εἶδεν
703 1991 724 2058 δ
743 1991 784 2058 οὐ
803 2000 969 2078 προσῆκεν
987 1991 1092 2076 αὐτὴν
1115 1991 1199 2076 ὁρᾶν

188 2097 286 2185 ξένην
316 2093 440 2184 οὖσαν,
470 2095 527 2164 καί
554 2099 689 2183 τοιαύτη
718 2092 802 2164 οὐσα
829 2100 1004 2183 εἰσῆλθεν,
1032 2089 1068 2164 οἷ
1088 2095 1198 2176 οὐδεὶς

188 2207 287 2283 ἄλλος
306 2203 493 2290 Ἀθηναίων
510 2206 683 2272 τοσούτων
697 2207 804 2272 όντων
823 2204 1013 2292 εἰσέρχεται,
1035 2201 1108 2272 ἀλλ’
1132 2205 1153 2290 ἣ
1175 2205 1197 2290 ἡ

187 2323 247 2379 τοῦ
265 2310 425 2398 βασιλέως
447 2313 544 2396 γυνή,
567 2309 739 2398 ἐξωρκωσέ
753 2334 788 2376 τε
808 2311 865 2389 τὰς
882 2311 1023 2398 γεραρὰς
1039 2311 1097 2388 τὰς
1114 2311 1198 2396 ύπη-

188 2420 344 2504 ρετούσας
371 2429 441 2495 τοῖς
470 2417 588 2502 ίεροϊς,
616 2416 755 2502 ἐξεδόθη
779 2414 817 2484 δὲ
845 2427 890 2507 τῷ
914 2418 1072 2508 Διονύσῳ
1099 2421 1273 2504 γυνή,ιετο

188 2523 305 2611 ἔπραξε
335 2519 372 2590 δέ
401 2519 484 2609 ὑπὲρ
512 2531 571 2607 τῆς
597 2526 724 2600 πόλεως
749 2524 789 2588 τὰ
811 2524 932 2611 πάτρια
953 2524 994 2589 τὰ
1015 2526 1099 2611 πρὸς
1119 2527 1199 2603 τοὺς

186 2630 299 2714 θεούς,
320 2629 427 2695 πολλὰ
444 2625 500 2694 καὶ
518 2629 595 2712 ἅγια
612 2626 668 2695 καὶ
687 2628 864 2716 ἀπόρρητα.
900 2629 921 2694 ἃ
944 2625 982 2694 δέ
1000 2626 1076 2714 μηδ’
1098 2628 1198 2697 ἀκοῦ-

188 2752 243 2800 σαι
265 2743 367 2798 πᾶσιν
385 2725 459 2798 οἷόν
477 2729 506 2798 τ’
527 2732 607 2818 ἐστί,
629 2745 698 2811 πῶς
719 2737 858 2818 ποιῆσαί
876 2758 914 2819 γε
936 2743 975 2820 τῇ
999 2734 1197 2824 έπιτυγούση

187 2839 330 2924 εὐσεβῶς
356 2841 437 2925 ἔχει,
464 2839 572 2916 ἄλλως
598 2863 632 2905 τε
659 2837 715 2906 καὶ
741 2841 875 2928 τοιαύτη
898 2838 1031 2926 γυναικὶ
1052 2841 1108 2908 καὶ
1129 2866 1198 2909 τοι-

187 2955 270 3012 αῦτα
292 2947 372 3030 ἔργα
395 2943 678 3031 διαπεπραγμένη;

148 3078 174 3120 τι
252 3051 423 3134 Βούλομαι
453 3045 483 3114 δ’
509 3050 591 3135 ὑμίν
618 3049 851 3138 ἀκριβέστερον
880 3050 955 3139 περὶ
978 3053 1088 3120 αὐτῶν
1111 3056 1198 3121 ἄνω-

185 3165 249 3224 θεν
268 3158 492 3241 διηγήσασθαι
509 3153 588 3222 καθ’
613 3156 763 3242 ἕκαστον,
785 3159 841 3224 ίνα
860 3164 986 3243 μᾶλλον
1009 3157 1197 3245 ἐπιμέλειαν

185 3265 370 3348 ποιήσησθε
388 3271 445 3346 τῆς
462 3266 630 3347 τιμωρίας,
652 3261 707 3328 καὶ
726 3265 832 3348 εἰδῆτε
856 3264 907 3330 ὅτι
925 3263 966 3331 ού
984 3268 1089 3350 μόνον
1111 3263 1196 3354 ὑπὲρ

185 3369 280 3455 ὐμῶν
303 3368 414 3435 αὐτῶν
435 3366 491 3434 καὶ
513 3379 581 3433 τῶν
602 3372 717 3453 νόμων
744 3370 805 3454 τὴν
827 3379 941 3455 ψῆφον
963 3377 1085 3458 οίσετε,
1112 3371 1197 3440 ἀλλὰ

186 3473 241 3541 καὶ
268 3463 338 3559 τῆς
357 3475 440 3560 πρὸς
470 3475 548 3551 τούς
575 3476 679 3552 θεοὺς
705 3475 894 3561 εὐλαβείας,
924 3481 1085 3565 τιμωρίαν
1112 3477 1197 3568 ὑπὲρ
