2650 3918
188 178 254 243 3Ἱο
551 178 830 232 ΔΗΜΟΣΘΕΝΟΤΣ

189 338 231 404 ού
253 339 316 426 γὰρ
339 339 438 416 αὑτὸς
460 338 536 404 ούτε
564 339 678 424 καιρὸς
705 338 780 404 ούτε
806 339 928 422 τρόπος
949 347 1010 404 τοῦ
1032 332 1061 403 τ’
1087 334 1207 402 έτιιιιυ-

189 454 293 529 ρῶσαι
325 443 364 509 τδι
396 445 578 529 δοκοῦντα,
608 441 665 509 καὶ
695 453 755 510 τοῦ
787 441 973 523 σκέψασθαι
1004 444 1040 508 τί
1066 452 1205 529 πρῶτον

190 550 285 616 δοκεῖ
304 547 495 636 συμφέρειν.

665 657 725 720 ΙΘ.

254 791 347 861 Μεθ’
372 795 468 880 ὑμῶν
491 790 517 861 ὦ
539 796 659 881 ἀνδρες
677 791 850 880 Ἀθηναῖοι
876 797 1093 882 παρελήλυθα
1118 798 1201 879 βου-

189 903 399 985 λευσόμενος,
416 903 558 986 πότερον
579 904 642 988 χρή
661 923 701 985 με
720 899 829 985 λέγειν
847 900 868 985 ἦ
886 904 941 986 μή.
977 902 1031 967 διὸ
1050 898 1082 968 δ’
1101 899 1202 978 αὐτὸς

189 1003 278 1072 τοῦτ’
311 1006 424 1092 ἀπορῶ
454 1017 584 1093 κρῖναι,
617 1005 735 1093 φρύσω
767 1008 851 1093 πρὸς
879 1007 973 1092 ὑμᾶς.
1016 1005 1201 1090 ἀναγκαῖον

189 1108 279 1178 εἶναί
296 1137 353 1198 μοι
378 1113 471 1179 δοκεῖ
489 1121 535 1201 τῷ
558 1109 639 1198 μηθ’
667 1112 755 1200 αύτῷ
784 1115 864 1197 μήτε
886 1111 976 1178 τισὶν
996 1115 1201 1199 χαρίσασθαι

189 1216 392 1307 βουλομένω,
414 1215 486 1284 ἀλλ’
512 1214 596 1304 ὑπὲρ
618 1217 713 1303 ὑμῶν
735 1220 839 1284 εἰπεῖν
862 1218 883 1285 δ
904 1217 1058 1285 πέπεικεν
1079 1215 1200 1284 ἑαυτὸν

189 1325 330 1410 μάλιστα
356 1321 553 1411 συμφέρειν,
584 1322 640 1390 καὶ
667 1335 836 1392 συνειπεῖν
862 1323 883 1390 ἃ
909 1330 1017 1402 καλῶς
1042 1322 1200 1409 λέγουσιν

189 1429 386 1517 ἀμφότεροι,
420 1428 475 1495 καὶ
504 1429 701 1496 τούναντίον
734 1429 900 1496 ἀντειπεῖν
929 1431 991 1497 ὅσα
1019 1431 1064 1515 μὴ
1095 1425 1194 1496 δίκαι’

188 1535 348 1615 ἀξιοῦσιν.
383 1537 415 1600 εί
434 1531 496 1619 μὲν
519 1531 582 1601 οὖν
602 1535 697 1620 ὑμεῖς
718 1534 923 1620 ὑπομείναιτ’
946 1534 1084 1603 ἀκοῦσαι
1102 1532 1193 1602 ταῦτ’

189 1641 357 1726 ἀμφότερα
386 1641 441 1705 διδ
468 1639 635 1727 βραχέων,
661 1645 773 1730 πολλῷ
802 1639 934 1726 βέλτιον
960 1640 1003 1708 ἀν
1028 1639 1198 1728 περὶτῶν

188 1752 314 1813 λοιπῶν
336 1747 594 1831 βουλεύσαισθε·
621 1749 653 1812 εί
679 1743 717 1814 δὲ
742 1745 824 1834 πρὶν
846 1754 969 1832 μαθεῖν
990 1745 1198 1833 ἀποσταίητε,

188 1849 309 1937 γένοιτ’
329 1850 372 1917 δν
395 1849 468 1936 ἐμοὶ
486 1850 685 1938 μηδετέρους
702 1851 874 1920 ἀδικοῦντι
891 1854 974 1940 πρὸς
990 1851 1198 1940 ἀμφοτέρους

189 1961 439 2044 διαβεβλῆσθαι.
476 1968 574 2024 τοῦτο
598 1955 628 2023 δ’
653 1956 730 2046 ούχῖ
751 1961 878 2036 δίκαιός
899 1961 966 2044 είμι
987 1965 1119 2026 παθεῖν.
1154 1957 1197 2025 δν
1316 2021 1317 2024 ,

187 2061 250 2151 μὲν
271 2060 334 2130 οὖν
355 2065 524 2149 κελεύητε,
551 2062 680 2149 ἕτοιμός
699 2055 774 2150 ἐίμι
795 2063 918 2149 λέγειν·
941 2066 974 2131 εί
994 2060 1032 2131 δὲ
1052 2066 1115 2151 μὴ,
1140 2062 1197 2131 καὶ

189 2180 316 2236 σιωπᾶν
339 2173 405 2256 ἔχει
427 2194 484 2256 μοι
507 2175 622 2248 καλῶς.

672 2314 714 2377 Κ.

255 2451 321 2519 Καὶ
340 2455 470 2519 δίκαιον
487 2447 514 2518 ὦ
532 2452 652 2538 ἀνδρες
666 2447 839 2537 Ἀθηναῖοι
856 2449 911 2520 καὶ
929 2450 1100 2539 συμφέρον
1116 2451 1198 2538 ὑμῖν
1208 2468 1275 2522 1431

187 2560 342 2644 ἡγοῦμαι,
364 2559 422 2635 τδς
444 2554 505 2644 μδν
524 2560 629 2635 αίτίας
645 2556 702 2624 καὶ
719 2558 777 2635 τὰς
793 2562 999 2646 κατηγορίας,
1020 2559 1101 2625 ὅταν
1117 2561 1198 2643 βον-

188 2666 346 2730 λεύεσθαι
365 2661 435 2750 δέη,
457 2666 684 2750 παραλείπειν,
704 2661 781 2750 περὶ
801 2674 868 2730 τῶν
889 2666 1063 2751 παρόντων
1085 2658 1123 2729 δδ
1144 2662 1198 2732 λέ-

188 2794 272 2856 γειν,
289 2769 308 2834 ὅ
324 2792 357 2835 τι
374 2769 547 2854 βέλτιστον
565 2768 700 2846 ἕκαστος
712 2769 848 2853 ἡγεῖται.
879 2769 930 2836 ὅτι
943 2766 1004 2856 μὲν
1017 2767 1081 2855 γάρ
1093 2791 1198 2836 τινων

190 2879 303 2942 αίτίων
326 2877 434 2941 ὄντων
456 2884 563 2951 κακῶς
584 2875 625 2940 τά
642 2871 806 2961 πράγματ’
829 2877 907 2961 ἔχει,
928 2875 1047 2953 πάντες
1068 2873 1199 2942 ἐπιστύ-

189 2989 289 3068 μεθα·
312 2978 346 3059 ἐξ
370 2981 449 3047 ὅτου
472 2977 509 3046 δὲ
531 2983 656 3066 τρόπου
677 2984 795 3066 βελτίω
819 2977 948 3048 δύναιτ’
970 2980 1013 3048 ἀν
1031 2979 1201 3069 γενέσθαι,

163 3098 286 3154 ιτοῖπο
309 3097 369 3153 τοῦ
393 3087 678 3171 συμβουλεύοντος
701 3089 799 3171 έρνον
822 3088 935 3152 εἰπεῖν.
971 3085 1070 3154 ἔπειτ’
1097 3090 1199 3173 ἔγωγε

189 3197 310 3278 νομίζω
339 3190 395 3258 καὶ
423 3195 627 3279 κατηγόρους
657 3187 744 3260 εἶναι
772 3202 839 3258 τῶν
868 3190 1077 3261 ἀδικούντων
1105 3199 1200 3280 χαλε-

189 3301 290 3382 πούς,
324 3298 365 3366 οὐ
394 3301 473 3376 τοὺς
503 3298 539 3364 έν
568 3299 732 3374 τοιούτοις
764 3308 891 3384 καιροῖς
925 3296 1132 3378 ἐξετάζοντας
1159 3300 1200 3366 τὰ

189 3404 416 3490 πεπραγμένα,
439 3401 487 3471 ὅτ’
514 3404 674 3488 ούδεμίαν
701 3403 846 3470 δώσουσι
874 3405 987 3489 δίκην,
1013 3404 1097 3473 ἀλλὰ
1123 3409 1201 3484 τοὺς

190 3513 321 3575 τοιοῦτό
347 3534 379 3576 τι
408 3513 653 3595 συμβουλεῦσαι
681 3507 900 3594 δυνηθέντας,
927 3506 985 3594 ἀφ’
1012 3505 1054 3580 ού
1080 3514 1200 3596 βελτίω
