2654 3926
172 129 216 194 56
464 133 558 184 mv.
586 131 891 200 [Δεαοεοωυοωε]

172 295 292 358 τούτου
316 301 376 357 τοῦ
399 290 525 377 τρόπου
551 295 613 374 τήν
640 295 865 376 κληρονομίαν
887 290 981 374 ήμῶν
1004 291 1186 376 ἀποστερή-
1312 274 1313 344 3

174 414 245 462 σειν
273 403 415 480 οίουται,
443 396 693 481 ἐνεργαζόμενοι
724 392 785 480 μὲν
817 395 871 461 καὶ
900 396 1186 482 ἐμπαιδοτροφού-
1313 439 1314 486 χ

173 526 267 587 μενοι
293 512 333 589 τῇ
360 512 420 569 τοῦ
439 500 615 589 Ἀρχιάδου
644 502 757 589 οὐσίᾳ,
779 500 968 580 ἐπανιόντες
990 499 1019 568 δ’
1048 501 1101 567 ἐπὶ
1123 503 1185 586 τήν

172 604 327 694 πατρῴαν
355 607 473 674 οὐσίαν
501 608 631 673 ἐκεῖθεν
659 606 726 691 ἀεί,
758 606 913 693 κάκείνην
940 605 1002 692 μὲν
1028 607 1185 693 ἀκέραιον
1314 606 1315 650 ³

134 713 404 798 αφυλάττοντες,
425 715 548 798 ταύτην
572 711 601 778 δ’
625 713 867 792 ἀναλίσκοντες.
905 711 976 780 ἀλλ’
999 715 1087 799 ὅμως
1108 717 1184 779 τού·
1315 773 1316 796 ,

173 841 240 883 των
266 821 426 885 τοιούτων
454 821 576 905 όντων,
607 820 688 904 ὅπερ
715 816 826 904 εἷπον,
858 819 952 905 ἡμεῖς
977 818 1184 904 ὑπεμένομεν

173 923 309 990 ἅπαντα.
350 924 445 1013 μέχρι
472 930 574 1004 τίνος;
604 925 665 1002 ἕως
692 927 711 993 ὁ
733 927 931 1010 Λεωκράτης
958 926 976 990 δ
1004 927 1069 993 ὐπὸ
1091 930 1182 991 Λεω-

174 1031 315 1115 στράτου
334 1031 371 1098 ε’ν
388 1041 433 1121 τῷ
454 1038 533 1119 οίκω
554 1041 599 1118 τῷ
619 1029 797 1118 Ἀρχιάδου
821 1030 1089 1118 ἐγκαταλειφδεὶς
1110 1033 1184 1109 υίὸς

172 1138 400 1222 τετελεύτηκεν
418 1139 523 1215 ἀπαις.
555 1139 675 1204 τούτου
694 1134 732 1203 δὲ
750 1139 890 1215 ἄπαιδος
906 1141 1182 1221 τετελευτηκότος,
1194 1164 1270 1215 1088
1317 1123 1318 1128 ἵ

174 1240 329 1326 ἀξιοῦμεν
351 1243 444 1328 ἡμεῖς
467 1244 502 1310 οί
520 1242 609 1327 γε’νει
628 1244 793 1327 ἐγγυτάτω
816 1246 909 1321 ὄντες
927 1239 1081 1330 Ἀρχιάδη
1102 1247 1182 1326 κλη-

172 1359 329 1432 ρονομεῖν
350 1359 408 1433 τῆς
430 1351 560 1433 οὐσίας,
588 1348 643 1414 καὶ
665 1350 710 1433 μή
733 1359 851 1416 τοῦτον
872 1359 918 1438 τῷ
939 1351 1181 1432 τετελευτηκότι

173 1461 218 1541 τῷ
248 1453 336 1540 αὐτῷ
366 1457 527 1542 είσποητῷ
563 1456 635 1520 ὐντι
668 1455 745 1521 υίδν
774 1457 934 1521 εἰσποιεῖν
963 1448 1012 1518 ἐπ’
1045 1451 1180 1518 ἀποστε-

135 1582 160 1623 ιε
174 1561 267 1643 ρήσει
289 1571 356 1624 τῶν
377 1559 554 1644 ήμετέρων.
590 1563 622 1625 εί
643 1556 704 1644 μὲν
727 1561 790 1645 γὰρ
809 1561 908 1636 αὐτὸς
927 1561 989 1638 ζῶν
1008 1558 1181 1644 άποήσατο,

172 1667 288 1749 καίπερ
312 1667 407 1742 ὄντος
429 1667 518 1752 παρὰ
539 1668 598 1733 τὸν
620 1669 727 1750 νόμον
749 1676 810 1732 τοῦ
832 1669 947 1752 ἔργου,
975 1666 1036 1731 οὐκ
1059 1664 1101 1731 ἀν
1123 1664 1181 1730 ἀν-

171 1767 360 1855 τελάγομεν·
384 1771 495 1855 ἐπειδὴ
519 1769 549 1837 δ’
577 1773 653 1837 οὐτε
680 1776 769 1860 γόνῳ
798 1768 841 1855 ήν
862 1771 951 1860 αὐτῷ
975 1772 1047 1849 υίὸς
1069 1769 1181 1848 οὐδεὶς

172 1871 243 1940 οὐτ’
270 1875 430 1960 ἐποήσατο
455 1881 533 1960 ζῶν,
560 1878 578 1944 δ
601 1873 639 1942 δὲ
660 1880 763 1961 νόμος
785 1888 853 1954 τοῖς
876 1876 1040 1960 ἐγγυτάτω
1063 1875 1180 1960 γένους

48 1985 50 1989 ’
172 1982 230 2057 τὰς
260 1987 480 2068 κληρονομίας
515 1983 714 2066 ἀποδίδωσι,
748 1994 818 2059 πῶς
849 1983 890 2048 οὐ
921 1985 1047 2050 δίκαιοί
1079 1982 1178 2066 ἐσμεν

133 2086 265 2171 εεήμεῖς
291 2090 418 2154 τούτων
445 2089 489 2172 μή
517 2088 783 2173 ἀποστερηθῆναι
813 2084 883 2156 κατ’
914 2087 1095 2176 ἀμφότερα;
1123 2087 1179 2154 καὶ

172 2194 235 2278 γάρ
258 2202 303 2281 τῷ
323 2190 494 2281 Ἀρχιάδη,
521 2190 563 2260 οὐ
589 2189 632 2278 ἦν
654 2195 675 2277 η
698 2194 796 2260 οὐσία
818 2196 856 2259 τὸ
879 2193 912 2273 ίξ
940 2193 1056 2280 ἀρχῆς,
1083 2194 1178 2279 ἐγγυ-

171 2300 257 2364 τάτω
284 2298 373 2384 γε’νει
399 2297 498 2385 ἐσμεν
524 2299 579 2365 καί
610 2308 655 2387 τῷ
688 2302 863 2387 εἰσποιητῷ
891 2301 1091 2385 Λεωκράτει·
1118 2312 1179 2368 τοῦ

172 2401 233 2489 μὲν
255 2407 318 2490 γάρ
341 2407 359 2473 δ
382 2407 488 2490 πατήρ
516 2406 770 2489 ἐπανεληλυθὼς
790 2407 839 2482 είς
860 2409 939 2483 τούς
956 2403 1179 2485 Ἐλευσινίους

172 2509 281 2577 οὐκέτι
308 2514 368 2596 τήν
395 2513 476 2594 κατδιΙ
503 2514 562 2578 τὸν
588 2515 694 2595 νόμον
726 2513 908 2594 οἰκειότητα
936 2513 1047 2578 ἔλιπεν
1074 2512 1175 2596 αὐτῷ,

171 2617 264 2701 ἡμεῖς
282 2614 331 2700 δὲ,
352 2616 428 2702 παρ’
451 2609 502 2695 οἷς
518 2613 561 2702 ήν
583 2617 621 2683 ἐν
642 2625 689 2704 τῷ
712 2615 812 2701 γένει,
834 2619 896 2701 τήν
917 2616 1178 2702 ἀναγκαιοτάτην

172 2721 367 2807 συγγένειαν
388 2731 535 2809 εῖχομεν,
562 2725 655 2799 ὄντες
682 2721 859 2800 ἀνεψιαδοῖ
885 2721 1008 2811 ἐκείνῳ.
1045 2721 1120 2790 ὥστ’
1147 2727 1179 2790 εί
1261 2803 1264 2809 ,

171 2825 232 2914 μὲν
261 2832 390 2915 βούλει,
416 2840 477 2896 τοῦ
500 2824 673 2915 Ἀρχιάδου
706 2840 876 2911 συγγενεῖς
902 2831 995 2906 ὄντες
1021 2828 1176 2915 ἀξιοῦμεν

170 2941 404 3022 κληρονομεῖν,
426 2937 458 3000 εί
479 2932 517 3000 δὲ
539 2936 669 3019 βούλει,
696 2945 756 3000 τοῦ
778 2936 1008 3022 Λεωκράτους·
1031 2942 1176 3003 τετελευ-

169 3047 305 3127 τηκότος
327 3043 389 3127 γάρ
413 3043 552 3117 ἄπαιδος
575 3041 694 3124 αὐτοῦ,
722 3039 832 3117 οὐδεὶς
853 3040 947 3125 ήμῶν
970 3045 1058 3126 γένει
1081 3043 1176 3126 ἐγγυ-

131 3169 156 3208 ει
170 3148 252 3234 τίρω
277 3150 352 3215 ἐστί.
389 3147 443 3214 καί
466 3148 522 3213 διὰ
545 3142 606 3230 μὲν
629 3143 666 3213 σε
689 3142 715 3211 ὦ
737 3148 930 3233 Λεώστρατε
952 3147 971 3214 δ
994 3144 1085 3226 οἶκος
1107 3148 1176 3233 ἐξη-

170 3259 329 3340 ρήμωται·
343 3264 400 3339 τῆς
413 3255 476 3338 γὰρ
491 3253 606 3330 οὐσίας
619 3255 679 3337 τήν
692 3255 886 3337 οἰκειότητα,
903 3253 945 3320 οὐ
962 3265 1029 3318 τῶν
1042 3253 1176 3341 ἀνδρῶν

168 3371 235 3426 τῶν
257 3359 477 3443 ποησαμένων
493 3361 661 3444 διετήρεις.
697 3357 758 3435 ἕως
781 3356 841 3442 μέν
864 3381 901 3442 γε
923 3364 1177 3444 τελευτήσαντος

169 3469 288 3531 τούτου
307 3463 417 3542 οὐδεὶς
435 3466 635 3550 ἠμφεσβήτει
652 3475 712 3531 τοῦ
730 3466 865 3550 κλήρου,
884 3462 1005 3530 οὐδένα
1017 3467 1177 3545 είσεπόεις
