2656 3926
190 179 256 242 418
553 173 832 228 ΔΗΜΟΣΘΕΝΟΤΣ

190 337 246 406 καὶ
269 340 347 423 ὅλης
364 345 422 420 της
438 339 565 413 πόλεως
583 333 749 420 συμφορύ,
771 336 831 400 τὸν
848 336 982 419 φθόνον
1001 334 1112 399 δοκεῖν
1130 341 1211 417 μερ
1296 355 1297 372 ³

193 449 249 525 ζον
272 445 399 530 ἰσχύειν
421 440 499 528 παρ’
519 443 601 528 ὑμῖν
623 440 644 525 ἢ
667 443 724 518 τὰς
745 451 813 507 τῶν
836 440 1034 526 εὐεργεσιῶν
1056 438 1208 526 χάριτας,

191 549 246 618 καλ
268 561 370 616 ταῦτα
391 559 451 614 τοῦ
478 545 539 633 μὲν
566 548 752 632 νοσήματος
780 547 890 629 όντος,
916 556 982 612 τῶν
1010 541 1041 611 δ’
1068 545 1105 611 ἐν
1131 557 1208 624 τοῖς

190 662 285 733 θεοῖς
307 652 605 738 ἀποδεδειγμένων.
1298 687 1299 706 1

153 783 178 822 ευ
259 760 326 827 Καὶ
352 763 418 846 μὴν
445 756 525 828 οὐδὲ
551 761 611 827 τὸν
633 758 775 826 Πυθέαν
801 762 992 845 παραλείψω
1020 761 1079 826 τὸν
1105 757 1206 845 μέχρι
1299 760 1300 820 λ

192 877 249 952 τῆς
270 869 421 953 παρόδου
443 868 633 951 δημοτικόν,
656 866 735 948 μετὰ
758 874 859 930 ταῦτα
883 860 913 929 δ’
938 863 1070 949 ἕτοιμον
1092 866 1141 942 είς
1162 865 1206 930 τὰ

192 970 269 1038 καθ’
296 971 391 1058 ὑμῶν
412 972 528 1037 πάντα.
574 975 623 1048 τίς
645 972 710 1057 γὰρ
733 971 794 1036 οὐκ
817 963 888 1036 οἶδε
910 979 1041 1054 τοῦτον,
1064 969 1117 1037 ὅτε
1139 969 1206 1056 μὲν

192 1081 254 1164 τὴν
271 1075 355 1165 ὑπὲρ
374 1079 469 1165 ὑμῶν
487 1075 579 1156 τύξιν
598 1079 683 1163 ἔχων
701 1079 749 1154 είς
765 1079 803 1144 τὸ
820 1078 1054 1142 πολιτεύεσθαι
1071 1074 1205 1164 παρῄει,
1301 1102 1302 1106 ’

194 1186 238 1262 ὡς
261 1187 384 1251 δοῦλον
407 1184 631 1268 ἐλαυνόμενον
659 1180 714 1250 καὶ
740 1184 873 1269 γραφὴν
901 1181 1008 1260 ξενίας
1034 1183 1204 1267 φεύγοντα

194 1291 248 1357 καὶ
272 1301 392 1377 μικροῦ
414 1285 581 1376 πραθένθ’
609 1289 673 1356 ὑπὸ
696 1291 839 1372 τούτων,
867 1280 917 1364 οἷς
930 1274 1007 1355 ’νῦν
1029 1289 1203 1374 ὑπηρετῶν

154 1417 181 1456 εο
194 1400 271 1474 τοὺς
288 1393 359 1462 κατ’
381 1397 462 1482 ἐμοῦ
481 1398 601 1480 λόγους
623 1399 778 1481 ἔγραφεν,
801 1395 913 1479 ἐπειδὴ
937 1391 967 1461 δ’
990 1395 1011 1460 ὑ
1029 1401 1204 1483 κατηγόρει

195 1506 267 1568 τότε
290 1512 356 1567 τῶν
379 1505 505 1586 ἄλλων,
532 1511 596 1567 νῦν
619 1501 718 1578 αὐτὸς
740 1502 889 1587 πράττει,
913 1502 1120 1587 εὐποροῦντα
1141 1502 1205 1589 μὲν

195 1609 299 1684 οὑτως
321 1610 403 1673 ὥστε
427 1604 482 1674 δύ’
509 1611 597 1693 ἔχειν
619 1605 763 1692 ἑταίρας,
791 1611 828 1672 αἳ
847 1606 942 1693 μέχρι
965 1612 1075 1694 φθόης
1096 1614 1205 1689 καλῶς

194 1723 349 1779 ποιοῦσαι
384 1715 661 1797 προπεπόμφασιν
697 1712 819 1795 αὐτόν,
859 1711 955 1778 πέντε
990 1714 1133 1781 τάλαντα
1168 1713 1201 1782 δ’

195 1819 341 1903 ὀφλόντα
373 1817 460 1904 ῥᾷον
491 1816 632 1882 ἐκτεῖσαι
663 1813 684 1901 ἢ
715 1816 812 1883 πέντε
849 1820 995 1905 δραχμὰς
1026 1819 1203 1907 ἀνέχεσθαι

194 1927 368 2011 πρότερον,
389 1925 471 2009 πρὸς
494 1919 532 1988 δὲ
554 1923 684 2000 τούτοις
705 1919 783 2010 παρ’
809 1923 915 2009 ὑμῶν,
938 1935 998 1992 τοῦ
1021 1926 1140 2012 δήμου,
1162 1928 1203 1995 οὐ

195 2033 301 2115 μόνον
313 2039 371 2116 τῆς
383 2033 549 2106 πολιτείας
562 2032 790 2115 μετειληφότα,
809 2029 828 2095 ὑ
841 2033 957 2097 κοινὸν
971 2033 1101 2110 δνειδός
1114 2034 1204 2101 ἐστιν

196 2137 335 2220 ἅπασιν,
368 2134 452 2200 ἀλλὰ
481 2134 535 2201 καὶ
563 2133 689 2202 θύονθ’
722 2131 806 2223 ὑπὲρ
839 2136 934 2220 ὑμῶν
962 2137 1020 2216 τὰς
1048 2144 1205 2225 πατρίους

156 2265 182 2304 ει
196 2245 318 2318 θυσίας
341 2241 378 2306 έν
400 2245 560 2326 Δελφοῖς;
589 2241 669 2306 ὅταν
697 2236 760 2306 οὐν
785 2253 921 2308 τοιαῦτα
947 2241 1002 2308 καί
1028 2250 1204 2330 τηλικαῦτα

195 2357 297 2414 πᾶσιν
320 2348 406 2412 ίδεῖν
427 2339 449 2433 ᾖ
472 2348 734 2432 παραδείγματα,
761 2345 818 2433 ἀφ’
846 2342 894 2413 ὧν
916 2346 1104 2428 ἀλυσιτελές
1124 2373 1204 2439 προ-
1215 2360 1280 2411 1482

196 2454 331 2519 ελέσθαι
360 2453 400 2518 τὰ
429 2461 489 2518 τοῦ
519 2455 627 2537 δήμου
655 2461 718 2530 πᾶς
744 2476 793 2530 τις
820 2452 862 2520 ἂν
884 2458 1011 2538 κρίναι,
1037 2458 1205 2541 φοβοῦμαι

196 2555 313 2644 μήποτ’
350 2563 466 2645 ἔρημοι
496 2569 563 2623 τῶν
599 2555 683 2644 ὑπὲρ
718 2558 812 2642 ὑμῶν
849 2559 1016 2642 έρούντων
1050 2559 1205 2647 γένησθε,

197 2667 303 2742 ἄλλοις
324 2688 359 2730 τε
381 2665 490 2750 χῶταν
508 2674 575 2730 τῶν
594 2666 781 2749 δημοτικῶν
798 2668 878 2742 τούς
895 2661 955 2749 μὲν
974 2667 993 2750 ἡ
1012 2669 1206 2751 καθήκουσα

197 2782 296 2856 μοῖρα
322 2767 377 2836 καί
398 2770 419 2852 ἡ
442 2770 522 2855 τύχη
551 2770 598 2857 χέε
625 2772 744 2855 χρόνος
772 2780 988 2858 παραιρῆται,
1017 2764 1089 2840 οἷον
1112 2777 1206 2839 Ναυ-

198 2875 310 2943 σικλέα
338 2873 393 2941 καὶ
423 2875 556 2961 Χάρητα
585 2874 640 2941 καὶ
667 2879 832 2961 Διότιμον
860 2875 915 2942 καὶ
944 2879 1124 2945 Μενεσθέα
1151 2885 1206 2946 καὶ

197 2981 361 3066 Εὐδοξον,
371 2984 419 3047 ἔτι
430 2978 459 3047 δ’
473 2982 671 3051 Εὐθύδικον
679 2981 921 3067 καὶἘφιύλτην
929 2983 985 3049 καί
996 2986 1206 3071 Λυκοῦργον,

198 3093 276 3166 τοὺς
302 3085 333 3153 δ’
359 3086 453 3171 ὑμεῖς
479 3091 646 3171 προῆσθε,
674 3086 783 3169 ὥσπερ
806 3088 1001 3172 Χαρίδημον
1027 3088 1082 3156 καὶ
1107 3095 1206 3156 Φιλο-

160 3215 185 3254 οε
199 3193 277 3261 κλέα
303 3191 358 3258 καλ
386 3190 451 3277 ε’μέ.
497 3185 544 3256 ὧν
576 3189 709 3277 ἑτέρους
739 3191 977 3279 εὐνουστέρους
1008 3195 1082 3262 οὐδ’
1112 3195 1206 3262 αὐτοὶ

199 3303 358 3385 νομίζετε·
381 3300 414 3364 εί
434 3293 464 3362 δ’
487 3297 608 3382 ὁμοίως
626 3295 728 3381 τινας,
751 3297 792 3362 οὐ
810 3305 941 3384 φθονῶ,
963 3304 1146 3388 βουλοίμην
1169 3301 1201 3368 δ’

200 3405 261 3485 δν,
290 3411 380 3489 είπερ
410 3404 504 3488 ὑμεῖς
534 3405 670 3480 δικαίως
699 3403 811 3480 αὐτοῖς
838 3409 1057 3490 προσοίσεσθε
1084 3405 1139 3474 καί
1161 3411 1206 3494 μη

200 3507 297 3572 ταῦθ’
325 3511 407 3590 ἅπερ
430 3509 525 3592 ἡμεῖς
546 3511 731 3593 πείσονται,
754 3509 798 3586 ῶς
819 3515 991 3588 πλείστους
1012 3511 1132 3590 αὐτοὺς
1153 3535 1206 3596 γε·
