2658 3922
247 213 313 280 2ἵο
534 217 632 269 LVIII.
661 213 965 286 [ΔΗΜΟΣΘΕΝΟΤΣ]

320 379 388 442 Τοῦ
409 376 532 460 πατρὸς
553 375 649 459 ήμῶν
671 371 697 440 ὦ
720 376 840 461 ἄνδρες
867 371 1017 440 δικασταὶ
1043 374 1100 439 διά
1128 372 1284 440 τουτονὶῐ

250 484 434 567 Θεοκρίνην
456 479 682 566 ἀτυχήσαντος
707 483 790 567 πρὸς
815 482 877 565 τήν
899 483 999 546 πόλιν
1020 476 1075 545 καλ
1099 479 1269 565 ὀφλόντος

250 584 329 652 δέκα
351 587 511 671 τάλαντα,
540 585 595 653 καί
621 588 741 653 τούτου
769 588 890 654 διπλοῦ
912 583 1154 671 γεγενημένου,
1185 586 1268 651 ὥστε

249 688 326 776 μηδ’
354 689 459 758 ἐλπίδ’
485 693 566 777 ήμίν
589 688 675 760 εἶναι
698 697 859 779 σωτηρίας
881 694 1061 778 μηδεμίαν,
1086 691 1267 776 ἡγησάμην

250 798 323 863 δεῖν
350 796 404 864 ἐπὶ
435 807 480 887 τῷ
509 802 761 885 τιμωρήσασθαι
787 795 864 884 μεθ’
894 799 990 884 ὑμῶν
1015 805 1156 882 τοῦτον,
1182 794 1263 883 μήθ’

248 904 380 988 ήλικίαυ
407 901 481 989 μήτ’
508 905 590 970 ἀλλο
617 901 722 989 μηδὲν
748 904 1032 989 ὑπολογισάμενος
1058 904 1185 970 δοῦναι
1208 906 1265 987 τήν

223 1008 392 1089 εένδειξιυ
413 1011 546 1096 ταύτην.
581 1008 637 1076 καί
659 1011 723 1097 γάρ
746 1010 764 1077 ὁ
786 1011 893 1095 πατήρ
912 1006 938 1075 ὦ
957 1010 1077 1095 ἀνδρες
1099 1011 1266 1091 δικασταί,

168 1179 174 1186 ,
249 1110 337 1204 ᾧπερ
360 1116 467 1182 πάντα
489 1119 690 1201 πειθόμενος
706 1119 880 1202 πεποίηκα,
901 1117 985 1202 πρὸς
1007 1117 1154 1194 ἅπαντας
1180 1116 1265 1182 ὠδύ-

250 1245 324 1308 ρετο
352 1225 430 1298 τοὺς
456 1224 660 1308 γνωρίμους,
688 1222 719 1286 εί
743 1221 939 1307 παραλιπὼν
967 1221 1030 1305 ἐγὼ
1058 1223 1117 1288 τὸν
1145 1225 1265 1306 καιρὸν

250 1327 287 1394 ἐν
310 1322 336 1417 ᾧ
361 1327 417 1393 διά
439 1329 477 1394 τὸ
500 1329 559 1394 τὸν
581 1325 705 1414 πατέρα
733 1330 791 1411 ζήν
818 1325 926 1406 ἒξεστί
948 1351 1006 1412 μοι
1032 1337 1154 1394 τοῦτον
1184 1327 1263 1413 άμό

250 1440 387 1517 νασθαι,
408 1433 470 1516 τήν
493 1431 647 1519 ἀπειρίαν
665 1431 721 1499 καὶ
738 1435 799 1518 τήν
816 1432 949 1517 ήλικίαυ
966 1437 1262 1519 προφασιζόμενος,
1301 1421 1302 1434 ³

250 1539 352 1604 αὑτὸν
383 1535 444 1623 μὲν
475 1542 677 1626 περιόψομαι
708 1540 842 1606 πάντων
875 1538 1155 1626 ἀπεστερημένον,
1185 1544 1262 1606 Θεο-

250 1647 369 1731 κρίνην
392 1640 430 1710 δὲ
451 1645 540 1732 παρά
562 1647 641 1723 τοὺς
666 1649 792 1731 νόμους
818 1645 947 1731 γραφάς
972 1649 1188 1733 γραφόμενον
1212 1645 1262 1711 καὶ

250 1737 524 1835 συκοφαντοῦντα
545 1754 690 1829 πολλοὺς
711 1763 779 1818 τῶν
800 1756 958 1836 πολιτῶν,
980 1751 1042 1818 οὑκ
1065 1749 1141 1830 ἐξὸν
1163 1752 1262 1840 αὐτῷ.
1302 1811 1303 1832 η

224 1853 367 1940 δδέομαι
400 1851 462 1922 οὑν
493 1856 588 1942 ὑμῶν
621 1855 776 1924 ἁπάντων
803 1853 830 1924 ὦ
858 1859 978 1942 ἀνδρες
1002 1854 1177 1942 Ἀθηναῖοι
1210 1857 1261 1924 καλ

252 1963 384 2030 ἱκετεύω
403 1959 471 2047 μετ’
493 1962 627 2040 εὐνοίας
645 1961 788 2029 ἀκοῦσαί
803 1987 881 2048 μου,
903 1974 1035 2049 πρῶτον
1058 1959 1119 2048 μὲν
1143 1962 1196 2029 δτι
1219 1972 1259 2051 τῷ
1303 1973 1304 2056 ή

249 2067 349 2157 πατρί
371 2072 509 2154 βοηθῶν
531 2065 588 2134 καλ
609 2071 809 2154 πειθόμενος
835 2067 1053 2154 ἀγωνίζομαι,
1078 2067 1184 2136 ἔπειθ’
1215 2070 1260 2136 ὅτι

250 2173 305 2243 καί
333 2173 409 2253 νόος
438 2175 486 2242 ὢν
514 2172 571 2240 καὶ
599 2175 751 2260 ἀπειρος,
781 2171 856 2240 ὥστ’
884 2173 1053 2260 ἀγαπητὸν
1080 2170 1171 2240 είυαί
1195 2200 1260 2260 μοι,

250 2283 309 2350 ἐάν
331 2291 389 2367 τής
409 2277 486 2367 παρ’
514 2281 609 2365 ὑμῶν
630 2279 820 2366 ὑπαρξάσης
840 2279 974 2357 εὐνοίας
996 2281 1133 2364 δυνηθῶ
1157 2282 1260 2366 δηλῶ-

224 2405 307 2456 4σαι
338 2389 378 2454 τά
409 2385 621 2473 πεπραγμένα
652 2387 771 2475 τοότφ·
802 2387 885 2472 πρὸς
914 2381 952 2452 δὲ
980 2387 1124 2470 τούτοις,
1156 2385 1207 2452 ότι
1236 2383 1259 2450 ὦ

251 2496 370 2581 ἀνδρες
393 2490 543 2558 δικασταί
564 2490 770 2578 προδέδομαι
792 2490 846 2567 (τά
864 2491 928 2577 γάρ
946 2489 1056 2578 ἀληθῆ
1074 2493 1158 2578 πρὸς
1179 2492 1261 2575 ὑμᾶς

250 2599 428 2687 εἰρήσεται)
451 2596 506 2664 ὑπ’
534 2597 739 2684 ἀνθρώπων,
767 2600 803 2663 ολ
826 2595 1059 2675 πιστευθέντες
1080 2594 1141 2683 ὑφ’
1171 2595 1260 2681 ἡμῶν

252 2707 308 2772 διὰ
330 2707 390 2790 τήν
412 2707 495 2792 πρὸς
516 2713 636 2771 τοῦτον
659 2705 800 2790 ἔχθραν,
827 2700 883 2768 καί
909 2706 1096 2788 πυθόμενοι
1119 2702 1159 2768 τά
1181 2703 1261 2790 πρά-

251 2835 358 2896 γματα
383 2808 439 2876 καλ
466 2813 631 2897 φήσαντες
659 2807 732 2895 ἐμοὶ
760 2815 1058 2894 συναγωνιεῖσθαι,
1090 2808 1261 2893 όγκαταλε·

252 2920 385 2984 λοίπασι
407 2920 488 2982 νυνί
508 2940 547 3001 με
569 2914 625 2982 καὶ
652 2913 862 2981 διαλέλυνται
889 2917 972 3001 πρὸς
994 2925 1112 2982 τοῦτον
1136 2914 1174 2981 ἐν
1195 2927 1304 2991 τοῐςιιε

253 3022 342 3109 ἐμοῖς
359 3021 561 3108 πράγμασιν,
584 3022 667 3087 ὥστε
690 3044 747 3106 μοι
770 3015 854 3106 μηδὲ
871 3023 930 3088 τὸν
948 3017 1142 3108 συνεροῦντ’
1165 3016 1262 3104 εἶναι,

253 3128 311 3195 ἐάν
334 3131 378 3213 μή
400 3150 450 3206 τις
472 3128 539 3213 ἀρα
558 3138 626 3193 τῶν
649 3129 780 3194 οἰκείων
802 3129 966 3214 βοηθήσῃ.

225 3250 238 3290 ⁵
318 3238 466 3310 Πολλαίς
488 3229 549 3318 μὲν
572 3227 634 3300 οὑν
657 3231 837 3311 ἐνδείξεσιν
861 3227 904 3316 ἦν
932 3235 1046 3319 ἔνοχος
1068 3229 1182 3319 οὑτος,
1209 3232 1262 3300 καί

253 3345 398 3418 ἅπαντας
419 3343 498 3417 τοὺς
519 3338 596 3427 περὶ
622 3349 724 3406 ταῦτα
750 3342 874 3424 νόμους
901 3339 1053 3425 ἐφαίνετο
1075 3345 1260 3426 παραβεβη-

252 3450 332 3526 κώς·
356 3449 551 3513 καινότατον
579 3442 616 3510 δὲ
644 3455 710 3509 τῶν
737 3446 845 3530 ἔργων
872 3455 938 3509 τῶν
960 3445 1081 3512 τούτου
1104 3448 1166 3530 τήν
1188 3444 1261 3532 περὶ

252 3557 290 3620 τὸ
312 3559 431 3620 πλοῖον
453 3551 557 3638 φάσιν
578 3550 779 3636 ηὑρίσκομεν
802 3561 996 3635 γεγονυῖαν,
1023 3551 1137 3638 διόπερ
1161 3563 1261 3620 ταῦτα
