2654 3926
441 144 539 195 ΠΡΟΣ
557 144 806 198 ωακεευετου.
1086 139 1125 205 27

102 304 246 386 νόμους
274 305 353 379 τοὺς
381 300 577 388 ὑμετέρους,
608 301 663 368 καὶ
692 305 807 380 παῖδες
836 302 989 386 ἐγένοντο
1020 302 1131 378 αὐτοῖς

34 421 35 432 ’
102 407 223 472 ἅπασι
244 405 301 472 καὶ
319 410 449 474 παίδων
466 410 592 491 παῖδες,
613 407 668 474 καί
691 406 844 491 ἐγένοντο
867 406 963 474 πέντε
987 404 1072 474 οἶκοι
1095 407 1131 472 ἐκ

102 523 172 579 τοῦ
206 511 379 579 Βουσέλου
411 519 506 579 οίκου
538 511 611 590 ἑνὸς
640 515 754 596 όντος,
785 513 840 580 καὶ
870 513 970 600 χωρὶς
997 513 1131 591 ἕκαστος

103 617 196 705 ᾤκει
215 621 276 684 τὸν
295 616 414 685 ἑαυτοῦ
433 622 517 705 έχων
534 617 590 684 καὶ
608 618 765 701 ἐκγόνους
784 617 903 687 ἑαυτοῦ
924 621 1130 703 ποιούμενος.

65 723 194 810 νπερὶ
216 721 280 809 μέν
305 720 367 792 οὖν
394 737 460 790 τῶν
489 737 590 811 τριῶν
613 724 768 810 ἀδελφῶν
789 737 856 792 τῶν
878 736 938 793 τοῦ
960 724 1130 792 Βουσέλου

103 828 233 915 υίέων,
256 828 397 896 καὶτῶν
416 830 562 914 ἐκγόνων
580 841 646 896 τῶν
664 832 793 908 τούτοις
811 830 1011 916 γενομένων,
1033 836 1068 898 τί
1088 831 1130 897 ἀν

104 935 181 1018 ἐγὼ
206 935 229 1019 ή
252 935 333 1020 ὑμῖν
356 931 382 1001 ὦ
406 936 525 1022 ἀνδρες
548 935 696 1002 δικασταί
719 938 891 1022 πράγματα
913 934 1087 1022 παρέχοιμι
1109 937 1130 1022 ή

23 1035 25 1116 γ’
105 1039 263 1129 ἐμαυτῷ,
279 1039 497 1126 ἐξηγούμενος
509 1039 585 1128 περὶ
603 1039 756 1119 ἑκάστους
776 1043 869 1118 ὄντες
886 1043 949 1127 γὰρ
967 1041 1005 1108 ἐν
1022 1042 1129 1131 ταάτᾳλ

105 1145 209 1228 γένει
225 1150 413 1236 Θεοπόμπῳ
426 1145 482 1212 καλ
495 1150 716 1232 προσήκοντες
738 1139 860 1231 ὁμοίως
877 1156 923 1234 τῷ
940 1145 1067 1234 Ἁγνίᾳ,
1090 1143 1131 1213 οὗ

22 1235 25 1356 f
107 1251 209 1319 ἐστιν
234 1253 253 1318 6
276 1258 413 1338 κλῆρος,
439 1249 550 1329 οὐδεὶς
576 1253 685 1318 αὐτῶν
713 1254 789 1320 οὔτε
820 1256 982 1339 πρότερον
1004 1250 1127 1319 πώποτ’

20 1356 22 1412 J
107 1359 194 1424 οὔτε
224 1368 290 1425 νῦν
320 1358 511 1443 ἠνώχλησεν
540 1357 636 1444 ἡμῖν,
668 1357 740 1424 οὐδ’
774 1360 1026 1444 ἠμφεσβήτησεν
1056 1359 1131 1424 οὔτε

108 1475 178 1532 τοῦ
201 1467 329 1550 κλήρου
346 1474 407 1530 τοῦ
425 1461 559 1548 Ἁγνίου
579 1465 653 1530 οὔτε
672 1473 729 1548 τής
746 1463 903 1548 γυναικὸς
922 1472 979 1548 τής
1002 1464 1131 1548 ἐπικλή-

20 1599 25 1640 ’τ
109 1594 194 1656 ρου,
217 1569 261 1653 ἣν
285 1569 348 1653 ἐγὼ
372 1573 436 1656 έχω
460 1568 741 1654 ἐπιδικασάμενος,
762 1570 943 1654 ήγούμενοι
966 1567 1039 1636 οὐδ’
1067 1570 1131 1636 ὁτι·
1262 1633 1263 1636 ,

22 1656 24 1714 ³¹
72 1693 97 1732 ²1
111 1687 181 1742 οῦν
205 1679 386 1761 προσήκειν
415 1673 543 1752 ἑαυτοῖς
571 1674 708 1753 οὐδενὸς
730 1687 797 1741 τῶν
815 1673 958 1760 Ἁγνίου.
1003 1680 1131 1762 περίερ-

111 1806 180 1864 γον
205 1783 248 1866 δή
271 1805 328 1866 μοι
351 1783 445 1848 δοκεῖ
464 1777 681 1864 εἷναιλέγειν
703 1779 778 1867 περὶ
800 1784 946 1866 τούτων,
967 1784 1055 1866 πλήν
1077 1779 1126 1847 66'

22 1889 23 1902 ¹
114 1887 151 1967 ἐξ
175 1888 323 1972 ἀνάγκης
350 1885 439 1954 ἐστίν
466 1885 720 1972 ἐπιμνησθῆναι.
764 1885 839 1973 περὶ
868 1885 905 1954 δέ
934 1892 1132 1972 Θεοπόμπου

113 2004 179 2060 τοῦ
208 1996 331 2080 πατρὸς
356 2003 417 2059 τοῦ
438 1993 662 2078 Μακαρτάτου
690 1991 745 2059 καὶ
776 1993 879 2060 αὐτοῦ
900 1992 1035 2060 τουτουὶ
1056 1997 1132 2059 Μα-

116 2099 303 2185 καρτάτου,
333 2095 408 2184 περὶ
437 2099 565 2164 τούτων
592 2102 652 2182 μοί
679 2097 768 2164 ἐστιν
792 2096 825 2176 ἐξ
848 2096 993 2182 ἀνάγκης
1015 2097 1131 2181 λέγειν.

117 2207 189 2271 ἔστι
221 2201 259 2271 δὲ
286 2207 409 2291 βραχὺς
438 2204 457 2271 6
486 2206 584 2287 λόγος
612 2199 638 2269 ὦ
668 2206 787 2289 ἀνδρες
819 2206 977 2269 δικασταί.
1024 2204 1130 2288 ὥσπερ

117 2313 183 2398 γάρ
218 2311 334 2394 ὀλίγον
365 2333 396 2375 τι
432 2313 594 2396 πρότερον
626 2309 784 2394 ἀκηκόατε
817 2310 867 2374 ότι
898 2318 944 2395 τῷ
975 2307 1131 2398 Βουσέλῳ

117 2416 218 2482 πέντε
241 2417 324 2494 υίεῖς
348 2415 517 2500 ἐγένοντο,
545 2416 672 2482 τούτων
699 2407 746 2492 εἷς
767 2410 810 2499 ήν
833 2417 994 2500 Στρατίος
1017 2414 1034 2479 ὁ
1057 2437 1132 2496 τον-

119 2519 195 2588 τουλ
217 2525 382 2607 πρόγονος
404 2520 639 2604 Μακαρτάτου,
661 2518 716 2586 καὶ
735 2519 844 2604 ἕτερος
861 2517 994 2604 Ἁγνίας
1017 2519 1034 2585 6
1057 2543 1132 2587 τοο-

84 2643 108 2684 22
121 2626 195 2694 τουλ
213 2630 379 2712 πρόγονος
396 2637 456 2692 τοῦ
479 2628 606 2702 παιδός.
643 2623 772 2708 ἐγένετο
796 2627 837 2709 δή
859 2625 932 2701 υίὸς
954 2633 999 2713 τῶ
1018 2621 1132 2712 Ἁγνίᾳ

121 2731 287 2817 Πολέμων
313 2729 367 2797 καὶ
393 2733 544 2816 θυγάτηρ
575 2731 772 2817 Φυλομάχη,
794 2730 921 2816 ἀδελφή
944 2740 1004 2796 τοῦ
1026 2729 1132 2797 Πολέ-

122 2862 233 2923 μωνος
251 2838 435 2922 ὁμοπατρία
453 2835 508 2902 καὶ
527 2837 722 2922 ὁμομητρία·
745 2846 804 2904 τοῦ
824 2834 861 2902 δέ
879 2840 1044 2921 Στρατίου
1064 2834 1133 2920 ἐγέ·

122 2969 222 3010 νοντο
245 2952 306 3009 τοῦ
329 2941 478 3028 ἀδελφοῦ
500 2951 561 3008 τοῦ
579 2940 714 3025 Ἁγνίου
738 2946 971 3028 Φανόστρατος
992 2939 1048 3007 καὶ
1067 2945 1132 3005 Χα-

123 3052 262 3136 ρίδημος
276 3049 293 3115 6
307 3047 443 3114 τουτουὶ
460 3048 590 3124 πάππος
603 3049 834 3133 Μακαρτάτου.
867 3047 977 3134 ἐρωτῶ
993 3048 1034 3131 δή
1048 3047 1133 3130 ὑμᾶς

124 3152 148 3220 6
170 3157 292 3240 ἀνδρες
316 3155 477 3237 δικασταί,
499 3156 636 3239 πότερος
658 3155 854 3239 οἰκειότερός
872 3153 941 3219 ἐστι
959 3153 1013 3219 καλ
1031 3169 1132 3237 προσ-

123 3263 193 3344 ήκει
230 3264 360 3344 μᾶλλον
390 3267 435 3347 τῷ
463 3256 596 3346 Ἁγνίᾳ,
628 3258 647 3325 6
681 3261 754 3336 υίὸς
786 3260 804 3326 6
835 3256 1002 3342 Πολέμων
1028 3255 1082 3323 καὶ
1111 3259 1210 3342 ήιοστ

123 3367 274 3452 θυγάτηρ
301 3363 322 3448 ἡ
353 3366 553 3450 Φυλομάχη,
582 3364 603 3449 ή
632 3366 821 3449 Χαρίδημος
847 3364 866 3430 6
888 3364 961 3439 υίὸς
984 3364 1001 3429 ὁ
1025 3367 1132 3448 Στρα-

20 3549 21 3552 ,
124 3477 208 3557 τίου,
225 3456 426 3555 ἀδελφιδοῦς
440 3468 469 3536 δ’
492 3467 641 3554 Ἁγνίους
666 3469 729 3552 ἐγὼ
748 3466 809 3553 μὲν
829 3470 892 3554 γάρ
910 3468 1054 3552 ἡγοῦμαι
1072 3465 1131 3532 τον
