2658 3922
210 153 277 218 210
542 153 613 206 m.
635 151 915 206 Δειιοεοεεουε
939 123 947 142 ’

209 315 390 398 ἠδικῆσθαι
419 309 474 378 καὶ
502 318 797 397 παρανενομῆσθαι
826 313 932 395 δοκῶ,
968 315 1138 397 βοηθὴσαί
1164 335 1223 396 μοι

208 421 249 485 τά
272 421 391 484 δίκαια.
428 416 461 497 ἐξ
489 416 591 504 ἀρχῆς
613 414 643 483 θ’
671 417 715 495 ὡς
742 416 861 482 ἕκαστα
893 414 1075 503 πέπρακται
1106 419 1225 502 διηγὴ·

210 541 309 610 σομαι
331 525 413 610 πρὸς
434 522 530 608 ὑμᾶς,
553 523 598 600 ὡς
619 522 662 590 ἂν
685 513 755 600 οἷός
777 518 806 588 τ’
832 517 859 588 ὦ
883 523 939 588 διὰ
961 523 1185 608 βραχυτάτων.

182 648 196 688 ⁸
273 627 446 714 Ἐξὴλθον,
469 632 541 706 ἔτος
567 627 659 696 τουτί
686 632 815 714 τρίτον,
841 631 888 707 είς
911 629 1089 696 Πάνακτον
1115 652 1225 714 φρον-

209 745 269 822 ρᾶς
294 736 374 820 ἡμῖν
401 739 657 821 προγραφείσης.
703 733 896 819 ἐσκήνωσαν
929 729 991 800 οὖν
1019 734 1055 800 οί
1077 735 1160 811 υίεῖς
1188 735 1227 800 οἱ

208 844 368 919 Κόνωνος
386 839 546 923 [τουτουί]
566 840 665 926 ἐγγύς
685 841 792 926 ἡμῶν,
815 841 860 919 ὡς
878 840 939 907 ούιι
957 839 1000 906 άν
1017 839 1222 924 ἐβουλόμην·

207 948 314 1033 ἡγὰρ
338 946 370 1027 ἐξ
399 946 500 1033 ἀρχῆς
527 949 632 1032 ἔχθρα
658 945 714 1012 καί
741 948 781 1012 τὰ
809 947 1064 1033 προσκρούματα
1091 945 1224 1012 ἐκεῖθεν

207 1052 288 1136 ἡμῖν
315 1051 454 1138 συνέβη,
482 1050 515 1131 ἐξ
543 1047 591 1117 ὧν
618 1049 665 1137 δ’,
693 1051 888 1118 ἀκούσεσθε.
924 1054 1041 1118 ἔπινον
1064 1048 1220 1117 ἑκάστοθ’

209 1153 302 1225 οὗτοι
324 1159 386 1242 τὴν
413 1157 556 1244 ἡμέραν,
584 1155 696 1241 ἐπειθὴ
723 1155 847 1243 τάχιστ’
874 1156 1100 1243 ἀριστήσειαν,
1127 1157 1222 1242 ὅλην,

207 1261 263 1330 καὶ
290 1261 402 1348 τοῦθ’,
434 1263 494 1342 ἕως
524 1285 585 1348 περ
617 1257 701 1348 ἡμεν
732 1261 770 1329 ἐν
800 1271 839 1348 τῇ
871 1272 1019 1350 φρουρᾷ,
1051 1260 1221 1329 διετέλουν

208 1380 391 1446 ποιοῦντες.
432 1370 526 1454 ἡμεῖς
555 1367 585 1436 δ’
620 1371 730 1455 ὥσπερ
760 1366 876 1435 ἐνθάδ’
910 1371 1103 1453 εἰώθειμεν,
1133 1369 1220 1435 οὕτω

181 1477 368 1560 ιὸιὴγομεν
389 1473 445 1540 καὶ
468 1473 538 1554 ἔξω.
574 1474 618 1558 ἡν
636 1470 699 1542 οὖν
718 1477 1003 1541 δειπνοποιεῖσθαι
1020 1485 1090 1551 τοῖς
1108 1476 1221 1552 άλλοις

209 1581 299 1664 ὥραν
323 1583 517 1664 συμβαίνοι,
544 1581 667 1664 ταύτην
694 1579 736 1646 ἂν
764 1582 827 1664 ἡὸη
850 1576 1031 1669 παρηύνουν
1052 1575 1158 1664 οὗτοι,
1179 1580 1220 1644 τὰ

209 1679 271 1767 μὲν
301 1681 398 1750 πόλλ’
427 1686 475 1761 είς
504 1686 582 1761 τοὺς
612 1685 732 1760 παῖδας
767 1684 861 1769 ἡμῶν
892 1687 970 1762 τοὺς
1000 1683 1220 1770 ἀκολούθους,

207 1793 423 1866 τελευτῶντες
452 1785 490 1855 δὲ
517 1787 574 1854 καί
603 1791 651 1865 είς
678 1789 763 1873 ἡμᾶς
793 1791 923 1869 αὐτούς.
965 1793 1129 1878 φήσαντες
1155 1791 1219 1876 γὰρ

208 1897 376 1974 καπνίζειν
395 1894 516 1972 αὐτούς
533 1893 819 1979 ὀψοποιουμένους
835 1900 914 1976 τοὺς
931 1900 1050 1976 παῖδας
1071 1895 1092 1982 ἡ
1113 1908 1220 1974 κακῶς

209 1998 330 2085 λέγειν,
352 1999 371 2066 ὅ
393 2023 426 2066 τι
447 2001 590 2086 τύχοιεν,
614 2002 754 2067 ἔτυπτον
773 1999 829 2068 καὶ
851 2003 908 2079 τάς
931 2001 1049 2087 ἀμίδας
1069 2019 1220 2068 κατεσκε-

210 2106 381 2172 δάννυσαν
402 2102 458 2171 καὶ
480 2106 726 2191 προσεούρουν,
747 2103 803 2172 καὶ
826 2106 995 2191 ἀσελγείας
1016 2106 1072 2174 καὶ
1093 2108 1220 2194 ὕβρεως

209 2209 282 2279 οὐδ’
310 2213 423 2280 ὁτιοῦν
453 2210 639 2278 ἀπέλειπον.
683 2212 823 2296 ὁρῶντες
852 2209 884 2277 δ’
913 2213 1007 2297 ἡμεῖς
1033 2224 1136 2282 ταῦτα
1164 2212 1219 2280 καὶ

208 2320 422 2404 λυπούμενοι,
439 2320 476 2384 τὸ
495 2315 558 2402 μὲν
574 2329 707 2403 πρῶτον
725 2317 953 2402 ἐμεμψάμεθα,
972 2319 1016 2396 ὡς
1034 2317 1064 2386 δ’
1087 2319 1219 2406 ἐχλεύα-

211 2430 265 2506 ζον
287 2425 372 2510 ἡμᾶς
393 2422 450 2490 καλ
471 2424 533 2490 οὐκ
557 2423 735 2507 ἐπαύοντο,
762 2432 807 2511 τῷ
836 2434 1005 2514 στρατηγῷ
1033 2427 1070 2491 τὸ
1092 2421 1215 2511 πρᾶγμ’
1321 2473 1322 2484 ι

209 2538 344 2614 εῖπομεν
372 2538 467 2615 κοινὴ
494 2529 614 2606 πάντες
641 2529 677 2594 ολ
702 2529 851 2597 σύσσιτοι
878 2533 1136 2615 προσελθόντες,
1158 2530 1219 2597 ούκ

183 2635 274 2719 ῖέγὼ
297 2645 363 2700 τῶν
386 2635 497 2700 άλλων
520 2633 593 2712 ἔξω.
630 2632 888 2718 λοιδορηθέντος
906 2631 938 2700 δ’
959 2635 1070 2714 αὐτοῖς
1089 2636 1218 2703 ἐκείνου

209 2738 264 2805 καὶ
292 2743 487 2816 κακίσαντος
515 2740 653 2824 αύτούς,
683 2740 724 2806 ού
753 2743 859 2824 μόνον
887 2740 964 2827 περὶ
991 2735 1039 2808 ὧν
1064 2745 1113 2820 είς
1133 2743 1218 2828 ἡμᾶς

208 2844 422 2930 ἠσέλγαινον,
452 2845 535 2912 ἀλλὰ
563 2844 620 2911 καλ
648 2843 724 2930 περὶ
754 2839 801 2910 ὧν
824 2845 919 2923 ,ὅλως
946 2846 1081 2914 ἐποίουν
1109 2847 1146 2914 ἐν
1171 2857 1217 2936 τῷ

209 2948 434 3039 στρατοπέδῳ,
460 2953 621 3017 τοσούτου
648 2949 788 3035 ἐδέησαν
816 2953 1010 3018 παύσασθαι
1035 2953 1057 3039 ἡ
1083 2955 1218 3040 αίσηυν·

207 3064 327 3142 θὴναι,
354 3053 447 3141 ὥστ’,
474 3055 586 3141 ἐπειδὴ
614 3064 739 3123 θᾶττον
767 3059 1024 3143 συνεσκότασεν,
1047 3059 1151 3136 εὐθὺς
1173 3060 1218 3137 ὡς

207 3163 291 3247 ἡμᾶς
312 3163 533 3247 είσεπὴδησαν
554 3163 656 3248 ταύτῃ
678 3171 718 3248 τῇ
746 3159 881 3248 ἑσπέρᾳ,
908 3162 1022 3231 καὶτὸ
1046 3161 1107 3249 μὲν
1129 3175 1217 3252 πρῶ·
1228 3186 1289 3236 1258

207 3292 267 3335 τον
297 3279 403 3345 κακῶς
434 3271 565 3352 ἔλεγον,
597 3270 707 3333 ἔπειτα
739 3264 776 3334 δὲ
807 3265 862 3334 καὶ
893 3270 1020 3354 πληγάς
1052 3268 1217 3337 ἐνέτειναν

208 3373 300 3459 ἐμοί,
327 3371 382 3439 καὶ
411 3375 575 3456 τοσαύτην
604 3375 753 3460 κραυγὴν
787 3372 843 3439 καὶ
871 3377 1024 3462 θόρυβον
1050 3374 1127 3462 περὶ
1155 3378 1218 3462 τὴν

208 3481 333 3565 σκηνὴν
366 3478 541 3565 ἐποίησαν,
569 3476 733 3546 ὥστεκαὶ
759 3481 819 3546 τὸν
847 3482 1030 3565 στρατηγὸν
1057 3479 1112 3548 καὶ
1138 3484 1216 3559 τούς
1318 3499 1319 3522 ¹
