2658 3914
204 141 267 204 122
479 144 588 196 τινα.
616 140 920 214 [ΔΗΜοΣοεΝονΣ]
977 174 980 178 -

201 300 256 367 καὶ
284 303 385 368 πάλιν
418 302 610 387 αὐθημερὸν
642 303 902 386 εἰσεληλύθεσαν
931 303 979 378 είς
1008 303 1070 386 τήν
1102 303 1213 368 οίκίαν

199 407 387 483 ἐκτίνοντος
412 408 474 491 τήν
502 409 617 492 δίκην,
646 409 776 474 τούτων
803 408 883 493 ὑμίν
906 406 1132 491 ἀναγνώσεται
1154 409 1214 482 τάς

202 516 390 600 μαρτυρίας.

483 614 492 628 ”
604 653 807 710 mmmm

163 794 189 836 οἵ
266 774 397 864 Ἰώτειδή
426 783 541 846 τοίνυν
571 773 598 844 ώ
628 779 748 865 ἀνδρες
782 777 932 845 δικασταὶ
962 778 1215 862 ἐπαγγείλαντός

203 908 268 968 μου
300 883 388 973 αὐτῷ
420 885 620 972 θεραπεύειν
651 886 713 969 τήν
744 885 926 970 ἀνθρώπου
953 885 996 968 ἣν
1024 883 1213 963 συνέκοψαν

202 987 257 1053 καὶ
285 992 399 1075 ἰατρὸν
427 991 572 1074 εἰσάγειν
600 990 662 1057 ούκ
690 989 896 1076 ἐφρόντιζεν,
919 990 982 1074 ἐγὼ
1005 991 1103 1066 αὐτὸς
1124 993 1212 1074 είσή-

202 1119 307 1179 γαγον
337 1097 451 1182 ίατρὸν
480 1090 507 1185 ᾧ
535 1097 642 1163 πολλά
670 1099 725 1180 ἐτη
753 1096 922 1182 ἐχρώμην,
952 1095 989 1173 ὃς
1011 1095 1212 1182 ἐθεράπευεν

203 1201 307 1284 αὐτήν
325 1201 574 1288 ἀρρωστοῦσαν,
596 1200 652 1268 καὶ
669 1200 818 1282 ἐπέδειξα
840 1203 884 1280 ώς
906 1198 1005 1289 εἶχεν,
1027 1203 1212 1286 εἰσαγαγών
1315 1211 1316 1222 ’

203 1307 378 1394 μάρτυρας.
435 1310 581 1387 ἀκούσας
618 1307 655 1376 δέ
690 1319 750 1374 τοῦ
787 1312 902 1396 ίατροῦ
938 1310 988 1375 ὅτι
1026 1307 1126 1375 οὐδὲν
1161 1311 1210 1376 ἐτι
1315 1333 1316 1336 ’

202 1419 252 1498 είη
275 1413 295 1498 ἡ
319 1415 514 1498 ἄνθρωπος,
540 1413 641 1479 πάλιν
669 1411 801 1500 ἑτέρους
823 1415 991 1501 μάρτυρας
1012 1415 1213 1500 παραλαβὼν

202 1522 264 1602 τήν
281 1541 315 1584 τε
334 1520 516 1602 ἀνθρώπου
534 1517 681 1597 ἐπέδειξα
700 1521 744 1596 ώς
762 1515 840 1606 εἶχε,
862 1517 916 1586 καὶ
940 1519 1115 1605 ἐπήγγειλα
1137 1522 1213 1586 τού-

203 1647 271 1700 τοις
293 1625 501 1710 θεραπεύειν.
546 1623 622 1712 ἕκτη
644 1628 760 1691 τοίνυν
787 1625 892 1714 ἡμέρᾳ
913 1627 1053 1713 ὕστερον
1076 1625 1097 1710 ή
1120 1621 1289 1693 οὗτοιιιοο

203 1731 363 1812 είσήλθον
386 1730 433 1805 είς
454 1731 516 1814 τήν
539 1731 660 1816 οἰκίαν,
683 1730 892 1816 ἐτελεύτησεν
913 1731 934 1815 ή
957 1735 1063 1817 τιτθή.
1108 1733 1153 1809 ώς
1174 1729 1212 1798 δὲ

203 1835 312 1918 ἀληθή
330 1844 432 1900 ταῦτα
450 1834 547 1921 λέγω,
569 1838 697 1903 τούτων
715 1838 796 1922 ὑμῖν
814 1837 1041 1922 ἀναγνώσεται
1057 1839 1114 1918 τάς
1131 1862 1213 1924 μαρ-
1315 1833 1316 1904 λ

178 2015 180 2020 ,
203 1943 325 2026 τυρίας.

604 2083 811 2146 ΜΑΡΓΤΡΙΑΙ.

164 2231 190 2272 ιε
266 2203 398 2288 Ἐπειδὴ
421 2208 538 2271 τοίνυν
561 2205 782 2292 ἐτελεύτησεν,
803 2203 912 2293 ήλθον
935 2208 980 2285 ὡς
1001 2211 1079 2286 τοὺς
1101 2207 1214 2294 ἐξηγη-

202 2313 275 2395 τάς,
297 2312 353 2377 ἵνα
375 2311 499 2394 είδείην
522 2312 541 2378 ὅ
563 2335 595 2377 τι
618 2337 657 2396 με
679 2315 741 2399 χρή
765 2326 874 2380 ποιεῖν
896 2312 971 2400 περὶ
994 2317 1137 2398 τούτων,
1158 2311 1214 2380 καὶ

204 2418 411 2502 διηγησάμην
430 2417 543 2494 αὐτοῖς
560 2419 689 2484 ἅπαντα
706 2420 746 2484 τδι
764 2423 939 2505 γενόμενα,
960 2424 1021 2506 τήν
1043 2444 1077 2486 τε
1100 2421 1214 2506 ἀφιξιν

203 2524 264 2607 τήν
286 2524 433 2607 τούτων,
459 2521 515 2587 καὶ
537 2525 598 2608 τήν
625 2525 761 2591 εὔνοιαν
782 2535 841 2610 τῆς
863 2524 1063 2612 ἀνθρώπου,
1091 2525 1146 2592 καὶ
1169 2528 1215 2604 ώς

203 2625 295 2714 είχον
317 2627 422 2712 αὐτὴν
446 2625 483 2692 ἐν
504 2637 544 2713 τῇ
567 2631 672 2717 οίκίηι,
694 2628 749 2696 καὶ
772 2631 816 2707 ὡς
839 2631 895 2696 διά
917 2633 954 2697 τὸ
977 2635 1130 2716 κυμβίον,
1153 2633 1215 2698 οὐκ

204 2733 348 2818 ἀφιεῖσα,
370 2735 604 2818 τελευτήσειεν.
641 2735 841 2812 ἀκούσαντες
859 2734 900 2801 δέ
919 2761 985 2821 μου
1006 2738 1043 2803 οί
1063 2736 1214 2822 ἐξηγηταὶ

203 2849 323 2923 ταῦτα,
352 2840 474 2923 ήροντό
504 2864 544 2924 με
571 2843 712 2925 πότερον
742 2840 967 2926 ἐξηγήσωνταί
986 2867 1042 2927 μοι
1065 2843 1214 2928 μόνονή

165 2942 259 3012 τεκαὶ
291 2945 595 3028 συμβουλεύσωσιν.
641 2944 904 3032 ἀποκριναμένου
937 2945 978 3012 δέ
1006 2971 1071 3032 μου
1102 2949 1215 3026 αὐτοῖς

204 3048 385 3135 ἀμφότερα,
407 3045 502 3116 εἶπόν
525 3074 582 3134 μοι
605 3049 713 3134 εἡμεῖς
730 3055 846 3117 τοίνυν
870 3069 923 3118 σοι
946 3053 985 3118 τδι
1007 3050 1068 3138 μέν
1091 3058 1215 3139 νόμιμα

205 3155 447 3240 ἐξηγησόμεθα,
475 3157 515 3221 τά
543 3151 580 3221 δὲ
610 3157 765 3242 σύμφορα
786 3157 1038 3244 παραινέσομεν.
1083 3171 1214 3246 πρῶτον

205 3257 266 3343 μὲν
290 3259 476 3344 ἐπενεγκεῖν
499 3262 584 3345 δόρυ
607 3258 660 3326 έπλ
682 3270 720 3346 τη
740 3261 877 3350 ἐκφορᾷ,
898 3263 954 3329 καὶ
976 3268 1214 3351 προαγορεύειν

205 3364 257 3431 ε’πὶ
279 3376 325 3454 τῷ
349 3369 504 3451 μνήματι,
526 3373 562 3433 εί
579 3390 628 3442 τις
649 3370 827 3451 προσήκων
850 3367 919 3434 ἐστὶ
940 3380 997 3453 τῆς
1020 3371 1214 3456 ἀνθρώπου,

206 3472 316 3534 ἔπειτα
337 3473 375 3536 τὸ
398 3479 510 3555 μνήμα
527 3471 706 3556 φυλάττειν
730 3471 783 3537 ἐπὶ
806 3484 892 3557 τρεῖς
913 3473 1043 3561 ἡμέρας.
1075 3477 1152 3542 τάδε
1177 3473 1214 3542 δέ
