2654 3926
499 174 595 224 ΚΑΤΑ
612 173 811 225 mmor
828 173 860 227 ε.
1143 169 1186 235 33

176 328 393 420 λίγεινήξειν
411 330 490 397 κάπὶ
507 342 617 415 τοῦτο,
639 333 684 409 ὡς
706 333 831 398 άτοπον
847 341 944 415 ποιῶ,
966 331 1187 416 παραγραφὴν

172 435 362 521 ἡττημένος,
383 440 462 514 τοὺς
484 438 650 522 διαθήκην
670 440 941 523 μαρτυρήσαντας
964 437 1107 520 διώκων,
1129 433 1186 501 καὶ

174 545 252 619 τοὺς
274 543 428 620 δικαστάς
449 545 527 620 τοὺς
549 547 621 610 τότε
648 544 768 629 φήσειν
796 543 852 608 διδι
874 545 952 619 τοὺς
973 541 1107 628 ἀφεῖναι
1129 563 1185 626 με·

175 651 432 733 μαρτυρηκότας,
454 648 730 734 ἀποψηφίσασθαι
753 654 880 734 μᾶλλον
897 648 918 733 ή
938 649 993 713 διδι
1014 650 1092 725 τοὺς
1114 649 1188 714 δια-

174 755 285 838 θήκην
318 758 597 842 μαρτυρήσαντας.
640 755 704 839 ἐγὼ
739 752 770 821 δ’
804 750 830 819 ὦ
864 756 984 841 ἄνδρες
1014 753 1187 838 Ἀθηναῖοι

175 863 299 945 νομίζω
314 860 439 938 πάντας
456 861 541 946 ὑμᾶς
559 859 694 945 είδέναι,
718 861 768 926 ὅτι
793 860 853 946 ούγ
881 855 979 945 ήττον
1002 861 1042 926 τδι
1064 881 1186 945 πεπρα-

174 962 268 1050 γμέν’
285 967 426 1032 είώθατε
445 977 579 1033 σκοπεῖν
597 966 618 1051 ή
636 967 694 1042 τὰς
711 961 795 1051 ὑπὲρ
812 967 939 1032 τούτων
957 965 1186 1051 παραγραφάς·

174 1069 251 1155 περὶ
273 1072 315 1156 δή
338 1083 405 1137 τῶν
427 1071 629 1158 πραγμάτων
655 1070 765 1136 αὐτῶν
792 1072 832 1136 τδ
854 1073 960 1154 ψευδῆ
983 1094 1186 1155 καταμαρτυ-

176 1180 334 1262 ρήσαντες
356 1172 452 1243 οὗτοί
470 1201 547 1262 μου,
569 1175 723 1254 ἀσθενεῖς
738 1179 822 1262 τοὺς
843 1174 919 1262 περὶ
941 1184 998 1260 τῆς
1019 1197 1186 1262 παραγρα-

135 1301 162 1344 εε
175 1291 240 1367 φής
253 1281 412 1366 ἐποίησαν
426 1285 555 1366 λόγους.
591 1281 691 1369 χωρίς
704 1279 742 1348 δὲ
754 1283 882 1347 τούτων
900 1282 1034 1364 ἄτοπον,
1051 1280 1185 1346 πάντων

174 1390 214 1454 τδι
236 1389 344 1474 ψευδῆ
368 1389 660 1474 μαρτυρησάντων,
682 1391 732 1465 τίς
753 1384 884 1472 μάλιστ’
906 1383 1022 1472 ἔβλαψ’
1045 1385 1185 1471 ἀποφαί-

174 1517 259 1579 νειν,
281 1492 352 1561 ἀλλ’
381 1495 442 1581 οὐχ
465 1496 510 1573 ὡς
536 1495 634 1572 αὐτὸς
661 1492 796 1571 ἕκαστος
822 1492 932 1578 άληθή
959 1492 1185 1579 μεμαρτύρηκε

175 1601 355 1666 δεικνύναι.
392 1601 433 1666 ού
455 1602 535 1687 γὰρ,
562 1600 605 1667 δν
632 1599 745 1687 ἕτερον
773 1598 863 1685 δείξη
892 1595 1049 1684 δεινότερ’
1076 1599 1185 1682 είργα-

176 1704 310 1791 σμένον,
332 1705 535 1791 ἀποφεύγειν
557 1706 646 1795 αὐτῷ
669 1709 840 1792 προσήκει,
861 1701 933 1771 ἀλλ’
955 1703 998 1770 δν
1020 1704 1119 1780 αὐτὸς
1141 1704 1186 1780 ὡς

175 1811 285 1896 ιἰληθή
307 1811 528 1900 μεμαρτύρηκ’
556 1812 720 1899 άποφήνη.

134 1937 161 1979 τε
237 1915 308 2004 Ἐφ’
335 1911 361 2006 ᾧ
384 1923 500 1985 τοίνυν
523 1914 549 1983 ὦ
573 1919 693 2005 άνδρες
711 1915 885 2001 Ἀθηναῖοι
906 1912 1035 2002 μάλιστ’
1056 1915 1184 1984 ἀπολω-

174 2023 268 2090 λέναι
291 2026 419 2101 δίκαιός
441 2024 531 2090 ἐστιν
559 2021 674 2090 οὑτοσὶ
696 2022 885 2109 Στέφανος,
911 2016 998 2090 τοῦτ’
1024 2020 1187 2089 ἀκούσατέ

175 2153 249 2213 μου.
285 2131 399 2196 δεινὸν
422 2126 482 2213 μὲν
504 2128 568 2215 γάρ
596 2129 685 2196 ἐστιν
712 2131 743 2194 εί
764 2126 820 2194 καὶ
846 2125 923 2193 καθ’
950 2127 1028 2194 ὅτου
1050 2151 1100 2205 τις
1121 2123 1185 2194 οὖν

176 2235 216 2300 τὰ
237 2235 345 2316 ψευδῆ
369 2245 537 2320 μαρτυρεῖ,
558 2238 670 2320 πολλῷ
690 2230 727 2298 δὲ
746 2235 934 2319 δεινότερον
956 2231 1012 2298 καὶ
1032 2236 1185 2310 πλείονος

175 2339 276 2426 ὀργῆς
306 2337 416 2422 ἄξιον,
448 2340 479 2404 εί
509 2339 589 2403 κατά
621 2349 687 2404 τῶν
723 2349 908 2422 συγγενῶν·
940 2338 981 2404 οὐ
1012 2338 1075 2425 γάρ
1106 2341 1184 2417 τοὺς

173 2443 422 2532 γεγραμμένους
453 2445 578 2528 νόμους
607 2443 626 2510 δ
659 2453 808 2520 τοιοῦτος
841 2444 1018 2528 ἄνθρωπος
1050 2446 1184 2530 μόνους,

173 2550 259 2618 ἀλλὰ
280 2547 336 2617 καὶ
357 2551 397 2617 τὰ
419 2559 477 2634 τῆς
498 2551 630 2636 φύσεως
652 2547 749 2616 οίκεῑ’
776 2547 913 2634 ἀναιρεῖ.
948 2559 1045 2628 τοῦτο
1068 2554 1183 2617 τοίνυν

134 2677 161 2718 ιι
174 2657 439 2744 ἐπιδειχθήσεται
465 2656 650 2741 πεποιηκὼς
677 2651 781 2732 οὗτος.
826 2655 895 2720 ἔστι
926 2655 988 2742 γάρ
1015 2655 1036 2740 ή
1063 2657 1183 2723 τούτου

174 2761 356 2850 μήτηρκαὶ
379 2760 577 2847 δτήςέμῆς
603 2763 760 2845 γυναικὸς
785 2763 892 2846 πατήρ
918 2759 1073 2847 ἀδελφοί,
1100 2763 1181 2828 ὥστε

173 2871 234 2955 τήν
256 2866 318 2954 μὲν
340 2880 481 2952 γυναῖκα
503 2869 565 2952 τήν
587 2866 671 2952 ἐμήν
693 2866 834 2945 ἀνεψιὰν
857 2861 943 2932 εἶναι
965 2868 1082 2956 τούτῳ,
1104 2871 1182 2946 τούς

175 2972 212 3042 δὲ
229 2978 349 3052 παῖδας
365 2976 444 3053 τούς
461 2972 587 3057 ἐκείνης
604 2971 660 3039 καὶ
677 2975 755 3050 τοὺς
773 2972 871 3057 ἐμοὺς
884 2971 1093 3052 άνειγιαδοῦς.
1125 2968 1177 3061 ἆρ’
1191 2991 1259 3043 1118

174 3076 236 3148 οὖν
259 3083 354 3148 δοκεῖ
372 3077 443 3150 ποτ’
470 3079 513 3145 δν
535 3079 615 3164 ὑμῖν
638 3074 750 3162 οὗτος,
777 3083 812 3144 εί
833 3075 931 3143 τιδι’
960 3080 1091 3144 ἔνδειαν
1114 3075 1181 3145 εἶδε

173 3188 332 3267 ποιούσας
358 3181 406 3252 ὧν
433 3185 475 3252 οὐ
501 3186 563 3272 χρή
590 3186 648 3260 τάς
674 3185 778 3250 αὑτοῦ
805 3195 991 3267 συγγενεῖς,
1013 3185 1094 3269 ὅπερ
1116 3187 1180 3270 ήδη

173 3291 290 3359 πολλοὶ
313 3293 519 3376 πεποιήκασι,
542 3289 616 3377 παρ’
640 3287 760 3356 ἑαυτοῦ
777 3287 887 3376 προῖκ’
910 3288 1043 3366 ἐπιδούς
1066 3289 1180 3356 ἐκδοῦ-
1283 3367 1286 3374 ,

172 3421 241 3484 ναι,
264 3399 300 3476 ὃς
321 3393 404 3483 ὑπὲρ
426 3407 486 3464 τοῦ
509 3395 584 3481 μηδ’
612 3395 634 3462 δ
659 3398 817 3482 προσήκει
839 3398 1040 3480 κομίσασθαι
1061 3393 1180 3470 ταύτας

172 3505 212 3570 τὰ
234 3505 341 3586 ψευδῆ
360 3512 539 3590 μαρτυρεῖν
556 3498 712 3586 ήθίλησε,
733 3497 881 3584 καὶπερὶ
899 3501 1051 3628 πλείοιφς
1069 3497 1178 3576 ἐποιή-

985 3605 1000 3651 ε
