2658 3914
394 203 490 256 xm
508 203 813 272 οΛειιΠιοΔεεεον.
1042 202 1106 270 139

86 361 207 448 γράφη
236 359 393 440 δόξαντός
420 378 481 429 σου
507 361 603 429 ἕνεκα
629 372 687 448 τῆς
714 365 807 449 δίκης
833 362 965 430 ἀπεῖναι
987 362 1042 431 καί
1065 365 1107 432 ού

89 467 248 555 δημοσίᾳ.
277 465 354 553 ἐξῆν
367 468 430 556 γὰρ
445 471 554 555 ἔμοιγε
566 479 627 536 τοῦ
639 468 838 557 ἡμικληρίου
852 469 1107 537 ἐπιδικάσασθαι

91 571 239 660 ἐμαυτῷ·
262 571 374 651 οὐδεὶς
402 575 466 661 γάρ
496 599 552 660 μοι
582 575 772 662 ἀνθρώπων
801 575 994 662 ἀντέλεγεν,
1024 574 1108 642 ἀλλὰ

46 698 77 738 ιε
92 679 310 765 συνεχώρουν
336 678 431 747 αύτοὶ
457 682 493 747 οί
516 681 688 750 ἀντίδικοι.
729 681 812 749 ἀλλά
838 692 941 748 ταῦτα
967 683 1108 766 ποιήσας

91 784 200 862 εὐθὺς
226 784 268 851 ἀν
295 780 338 870 ἠν
366 786 588 873 ἐπιωρκηκώς·
612 789 726 873 ὤμοσα
752 789 815 874 γάρ
838 785 893 854 καὶ
917 786 1106 873 συνεθέμην

90 892 177 976 πρὸς
203 886 241 956 σέ
266 900 362 977 κοινῆ
389 892 526 979 πράξειν
552 894 656 978 ἅπαν,
684 893 758 960 δτι
780 893 823 959 δν
851 895 932 979 δοκῆ
956 891 1029 978 ἐμοὶ
1051 891 1107 959 καὶ

91 994 148 1062 σοί
166 996 423 1083 βουλευομένοις
439 997 610 1083 βέλτιστον
629 994 724 1065 εἶναι.
756 999 839 1064 ὥστε
853 996 1110 1084 ὑπεραβέλτεροί

87 1104 184 1168 ἐἰσιν
209 1101 258 1168 αί.
273 1104 455 1189 προφάσεις
483 1101 539 1170 καί
567 1104 606 1170 αί
632 1106 751 1188 αίτίαι,
781 1101 825 1171 δι’
857 1103 897 1181 δς
922 1101 1023 1168 οὐδέν
1050 1127 1107 1188 μοι

49 1227 78 1267 ω
91 1206 161 1294 φῂς
182 1211 334 1294 ποιήσειν
356 1222 425 1276 τῶν
447 1211 595 1276 δικαίων.
631 1213 679 1276 ἐτι
705 1211 788 1297 πρὸς
812 1209 943 1285 τούτοις
968 1207 1045 1293 ἠγεῑ
1064 1210 1107 1274 ἀν
1118 1226 1186 1278 1179

92 1309 127 1397 μ’
146 1311 330 1401 ἐπιτρέπειν
356 1333 410 1381 σοι
426 1313 673 1403 Ὀλυμπιόδωρε
692 1313 729 1382 ἐν
745 1323 791 1404 τῷ
810 1318 988 1405 τελευταίῳ
1002 1312 1107 1399 ἀγῶνι

92 1427 139 1506 τῷ
162 1418 320 1506 περὶτοῦ
342 1424 484 1508 κλῆρον,
506 1421 527 1506 ἠ
550 1421 572 1488 ἃ
595 1424 704 1507 ἐλεγες
730 1424 812 1508 πρὸς
838 1422 918 1498 τοὺς
940 1421 1106 1504 δικαστάς,

91 1527 165 1610 είκῆ
188 1523 310 1592 οὑτωσὶ
340 1524 467 1611 λέγειν,
495 1525 517 1612 ἠ
539 1525 614 1613 περὶ
638 1521 685 1593 ὧν
715 1528 773 1604 τδις
801 1529 982 1613 μαρτυρίας
1007 1524 1107 1612 παρέ-

90 1637 197 1716 σχον,
223 1632 327 1709 ούτως
353 1631 395 1698 ἀν
421 1630 664 1719 παρασχέσθαι,
692 1635 724 1699 εί
745 1634 789 1718 μή
812 1633 893 1718 μετὰ
920 1642 982 1698 σοῦ
1009 1641 1105 1718 κοινῆ

49 1823 51 1828 Ι
93 1742 380 1824 συνηγωνιζόμην;
408 1733 504 1816 οὗτος
530 1740 593 1826 γάρ
622 1734 648 1804 ὦ
680 1741 801 1825 ἀνδρες
828 1735 979 1805 δικασταὶ
1006 1739 1047 1804 τά
1072 1735 1102 1803 τ’

49 1864 79 1905 ιι
91 1845 179 1910 άλλα
196 1848 307 1931 ἔλεγεν
326 1845 345 1911 ό
363 1869 395 1910 τι
413 1844 567 1929 ἐβούλετο
586 1843 623 1910 ἐν
641 1854 686 1934 τῷ
707 1847 918 1932 δικαστηρίῳ,
940 1843 996 1910 καὶ
1013 1867 1106 1910 κατε·

92 1953 236 2038 χρῆσατο
262 1954 345 2038 πρὸς
371 1953 449 2027 τούς
476 1951 631 2028 δικαστὰς
657 1951 708 2017 ότι
736 1950 800 2035 ἐγὼ
827 1953 889 2036 τήν
917 1952 1041 2034 οίκίαν,
1062 1949 1105 2035 ἠν

93 2059 214 2142 ἔλαβον
238 2055 275 2122 ἐν
297 2065 337 2142 τῆ
365 2057 475 2142 μερίδι
502 2064 540 2141 τῆ
568 2054 728 2141 ἐμαυτοῦ,
755 2054 1006 2141 μεμισθωμένος
1032 2061 1105 2141 είην

91 2158 170 2246 παρ’
198 2160 312 2243 αὐτοῦ,
332 2158 388 2225 καὶ
414 2161 452 2225 τὸ
480 2159 642 2246 ἀργύριον
669 2161 688 2228 δ
715 2164 852 2246 ἐλαβον,
879 2164 916 2228 τὸ
943 2163 1046 2247 ἠμισυ
1067 2165 1105 2228 τὸ

93 2267 160 2332 ἀπὸ
182 2276 250 2329 τῶν
272 2268 388 2350 χιλίων
411 2265 568 2350 δραχμῶν
594 2276 661 2330 τῶν
688 2267 777 2352 παρδι
798 2277 860 2333 τοῦ
882 2264 1028 2350 οἰκέτου,
1055 2265 1106 2333 δτι

92 2370 315 2456 ἐδανεισάμην
333 2370 421 2455 παρὰ
439 2370 569 2436 τούτου.
610 2368 665 2436 καὶ
689 2371 731 2438 ού
753 2374 859 2456 μόνον
881 2374 972 2456 ἔλεγε
994 2381 1107 2457 ταῦτα,

92 2478 178 2544 ἀλλὰ
195 2475 251 2543 καὶ
269 2479 449 2564 μαρτυρίας
466 2479 637 2562 παρείχετο
655 2474 885 2562 περὶτούτων.
917 2476 1007 2561 κάγὼ
1026 2475 1102 2545 οὐδ’

94 2585 208 2652 ὁτιοῦν
240 2581 417 2666 ἀντέλεγον
448 2582 594 2666 τούτοις,
630 2578 703 2648 οὐδ’
738 2579 864 2666 ῆκουσέ
892 2607 957 2667 μου
988 2577 1109 2670 φωνήν

95 2691 205 2767 οὐδεὶς
227 2688 433 2776 ἀνθρώπων,
460 2687 513 2754 ὅτε
541 2682 639 2765 οὗτος
661 2688 853 2772 ἠγωνίζετο,
881 2689 957 2755 ούτε
984 2691 1105 2778 μικράν

95 2797 170 2862 α’ύτε
184 2797 342 2880 μεγάλην,
360 2794 444 2861 ἀλλά
461 2797 745 2881 προσωμολόγουν
763 2794 873 2880 ἀληθῆ
893 2790 978 2861 εἶναι
996 2796 1099 2864 πάνθ’

95 2902 155 2968 ὅσα
185 2897 282 2979 οὗτος
314 2901 474 2986 ἠβούλετο
504 2899 622 2985 λέγειν.
669 2910 765 2988 κοινῆ
799 2902 863 2988 γάρ
897 2902 1104 2989 ἠγωνιζόμην

55 3027 82 3070 ιι
95 3009 174 3094 μετὰ
197 3018 271 3093 σοῦ,
295 3009 403 3094 ὥσπερ
422 3005 535 3086 ἔδοξεν
554 3005 627 3092 ἐμοὶ
644 3006 701 3074 καί
723 3010 785 3075 σοί.
823 3006 893 3074 ε’πεὶ
916 3010 947 3073 εί
968 3011 1012 3093 μή
1035 3008 1105 3075 ἐστι

94 3111 183 3181 ταῦτ’
217 3113 328 3199 ἀληθῆ
357 3113 379 3178 δ
408 3110 512 3198 λέγω,
541 3113 597 3178 διὰ
625 3117 661 3178 τί
688 3112 749 3179 ούκ
778 3112 1012 3199 ἐπεσκηψάμην
1039 3113 1103 3199 έγὼ

95 3224 166 3287 τότε
188 3231 258 3296 τοῖς
281 3219 422 3305 μάρτυσι
444 3229 513 3296 τοῖς
534 3227 637 3284 ταῦτα
659 3228 903 3306 μαρτυροῦσιν,
925 3215 997 3285 ἀλλ’
1023 3219 1104 3304 ἠσυ-

95 3329 169 3412 χίαν
191 3320 282 3411 εἶχον
304 3326 446 3408 πολλῆν;
470 3323 492 3408 ἠ
511 3324 567 3389 διὰ
584 3328 619 3390 τί
634 3326 677 3390 σύ
691 3320 937 3408 Ὀλυμπιόδωρε
955 3325 1104 3392 ούδεπά·

94 3430 174 3497 ποτέ
189 3455 246 3516 μοι
264 3432 376 3516 ἐλαχες
398 3429 543 3496 ἐνοικίου
567 3431 663 3514 δίκην
685 3438 742 3514 τῆς
764 3431 880 3514 οίκίας,
902 3425 941 3513 ῆς
964 3432 1103 3514 ἔφασκες

95 3539 265 3623 μισθῶσαί
285 3558 341 3620 μοι
363 3535 408 3612 ὡς
434 3544 559 3601 σαυτοῦ
586 3529 707 3619 οὖσαν,
735 3531 814 3600 οὐδὲ
840 3543 901 3600 τοῦ
929 3533 1103 3617 ἀργυρίου,
