2654 3926
203 150 245 213 10
493 153 577 204 xm.
602 147 906 222 [Διοιοεοιιοοτε]

196 311 393 396 Λεωκράτης
425 311 587 395 ἐνεκάλει,
622 308 677 376 καὶ
713 306 804 376 ταῦτ’
835 311 985 393 ἔγνωσαν
1016 305 1052 372 ολ
1080 307 1207 387 διαιτη-
1303 331 1304 342 ’

196 420 258 482 ταί.
295 415 377 495 λέγε.

485 541 693 595 ΑΠΟΓΡΑΦΗ.
725 541 916 594 ΜΔΡΤΤΡΙΑ,
1221 533 1305 618 Ῑθῧῗχ

159 665 185 704 2⁹
257 639 327 734 Ἆρ’
356 642 417 713 οὖν
441 647 482 713 ού
504 658 656 732 φανερῶς
679 642 775 724 οὗτος
798 643 859 732 μὲν
883 649 949 732 ἔχει
971 642 1213 728 τετταράκοντα

198 762 282 837 μνᾶς
311 753 412 819 πάλαι
441 753 502 836 τὴν
530 763 669 837 προῖκα,
702 752 766 836 ἐγὼ
794 749 832 818 δέ
860 754 918 830 τὰς
944 748 1005 836 μὲν
1032 749 1213 836 τριάκοντα

198 859 347 945 καθάπερ
371 854 483 942 οὗτος,
510 858 567 935 τὰς
595 854 632 922 δὲ
659 862 764 943 χιλίας
794 857 835 924 οὐ
858 860 962 942 μόνον
984 857 1125 939 ὕστερον
1147 853 1213 920 ούκ
1305 908 1306 930 ÷

199 963 417 1049 ἐκομισάμην,
440 964 524 1029 ἀλλὰ
546 962 601 1030 καὶ
623 962 702 1029 νυνὶ
724 964 911 1030 κινδυνεύω
934 960 1010 1048 περὶ
1032 961 1142 1026 αύτῶν
1165 961 1213 1036 ὡς

198 1069 320 1149 ἀδίκως
349 1075 448 1157 ἔχωνς
479 1071 534 1135 διδ
566 1080 667 1136 ταῦτα
697 1069 810 1155 μέντοι
838 1072 1009 1147 Σπουδίας
1034 1065 1062 1135 ὦ
1089 1071 1214 1156 ἄνδρες

199 1174 349 1242 δικασταὶ
376 1187 446 1253 τοῖς
468 1179 579 1260 φίλοις
609 1176 671 1241 οὐκ
694 1173 839 1260 ἐβούλετ’
868 1175 1042 1262 ἐπιτρέψας
1064 1175 1212 1241 ἀπαλλα-

198 1293 297 1368 γῆναι
318 1294 386 1348 τῶν
408 1285 491 1367 πρὸς
509 1278 558 1366 ἔμ’
582 1282 804 1366 ἐγκλημάτων,
828 1281 878 1347 ὅτι
901 1280 1097 1366 συνέβαινεν
1119 1282 1211 1368 αὐτῷ

197 1389 304 1454 πάντα
326 1386 417 1454 ταῦτ’
446 1387 652 1473 ἐλέγχεσθαι·
680 1397 760 1452 πᾶσι
788 1389 850 1474 γὰρ
878 1388 1007 1464 τούτοις
1028 1409 1212 1474 παραγεγε-

198 1494 337 1580 νημένοι
364 1492 419 1560 καὶ
449 1507 561 1580 σαφῶς
588 1495 730 1579 εἰδότες,
760 1494 821 1559 οὐκ
850 1493 1027 1578 ἐπέτρεπον
1050 1493 1092 1559 δν
1119 1494 1211 1582 αύτῷ

199 1599 308 1683 λέγειν
341 1600 359 1664 ὅ
391 1623 422 1664 τι
454 1603 560 1687 τύχοι·
592 1596 668 1682 παρ’
695 1600 775 1685 ὑμῖν
808 1597 838 1665 δ’
871 1606 973 1665 οἴεται
1004 1601 1212 1685 ψευδόμενος

159 1725 186 1764 ⁸0
199 1707 281 1791 ἐμοῦ
299 1705 427 1790 τάληθῆ
448 1706 601 1791 λέγοντος
619 1709 905 1794 περιγενήσεσθαι.
934 1710 1041 1772 καίτοι
1062 1704 1138 1792 περὶ
1161 1701 1211 1772 ὧν

199 1812 344 1896 ἐγκαλῶ,
375 1809 477 1878 πάνθ’
503 1813 584 1897 ύμῖν
612 1811 765 1890 ἀπέδειξα
795 1822 924 1897 σαφῶς,
953 1812 998 1889 ὡς
1019 1803 1089 1888 οἷός
1111 1809 1139 1876 τ’
1166 1807 1210 1897 ἧν

199 1917 305 1995 αὐτός.
346 1921 424 1994 τοὺς
447 1915 477 1982 δ’
504 1919 633 1996 είδότας
654 1910 752 1994 οὗτος
770 1918 924 2001 ἔφευγεν,
943 1918 1003 2002 οὐχ
1025 1917 1211 2003 ἡγούμενος

199 2019 285 2090 εἶναι
307 2026 604 2110 παραλογίσασθαι.
650 2024 694 2108 μὴ
722 2027 839 2090 τοίνυν
862 2018 888 2088 ὦ
912 2024 1032 2110 άνδρες
1058 2023 1211 2090 δικασταὶ

199 2127 275 2216 μηδ’
302 2131 396 2214 ὑμεῖς
414 2127 592 2216 ἐπιτρέπετ’
615 2129 703 2218 αὐτῷ
722 2131 907 2209 ψεύδεσθαι
929 2127 984 2194 καὶ
1007 2131 1209 2215 διαβάλλειν,

198 2235 399 2322 μεμνημένοι
413 2247 480 2302 τῶν
494 2233 692 2322 εἰρημένων·
713 2241 780 2302 ίστε
800 2237 863 2323 γάρ
882 2231 983 2301 πάνθ’
1006 2235 1051 2312 ῶς
1069 2233 1210 2321 ἐγένετο,

198 2345 285 2427 πλην
308 2350 342 2409 εί
359 2366 391 2408 τι
413 2340 596 2428 παρέλιπον
621 2341 685 2425 ἐγὼ
708 2345 791 2428 πρὸς
813 2342 929 2426 ὀλίγον
950 2342 1046 2428 ὕδωρ
1065 2341 1209 2426 ἀναγκα-

199 2451 333 2533 ζόμενος
355 2447 472 2533 λέγειν.

651 2739 754 2807 XLII.

198 2878 339 2956 ΠΡΟΣ
371 2877 673 2956 ΦΑΙΝῙΠΠΟΝ
697 2880 826 2956 ΠΕΡΙ
857 2878 1207 2956 ΑΝΤΙΔΟΣΕΩΣ.

599 3068 802 3124 ΤΠΟΘΕΣΙΣ.

259 3194 294 3262 Ὁ
311 3197 365 3280 μὲν
383 3198 469 3282 λόγος
488 3198 544 3262 ούκ
562 3196 740 3279 ἀναφέρεται
757 3200 838 3281 παρά
859 3222 949 3262 τινων
972 3199 1014 3274 είς
1036 3197 1087 3262 τὸν
1106 3202 1208 3280 Δημο-

199 3295 327 3376 σθένην,
349 3295 499 3360 ὑπόθεσιν
523 3292 550 3357 δ’
576 3295 634 3376 ἔχει
656 3295 774 3376 ταύτην.
811 3289 850 3377 ἦν
873 3297 1023 3378 σύνταγμα
1045 3294 1125 3374 παρὰ
1147 3301 1208 3369 τοῖς

195 3389 369 3473 Ἀθηναίοις
391 3395 565 3474 τριακοσίων
588 3392 708 3475 ἀνδρῶν
731 3393 805 3456 κατὰ
827 3392 878 3456 τὸν
900 3399 1029 3456 πλούτον
1052 3390 1207 3474 ἐξειλεγμέ-

198 3514 278 3570 νων,
301 3485 346 3564 οἷς
368 3488 516 3553 ἀνέκειντο
539 3500 597 3552 τῶν
620 3495 808 3572 λειτουργιῶν
827 3491 861 3552 αλ
880 3491 1017 3571 μείζονες.
1061 3488 1153 3564 νόμος
1177 3485 1203 3552 δ’
1216 3509 1283 3578 1938
