2650 3918
184 125 250 214 29'0
487 151 559 204 mx
587 146 893 220 [Δεωοτοεωοεε]

183 307 220 378 δέ
235 312 277 395 δή
297 311 353 377 διὰ
373 319 495 377 τοῦτον
511 312 570 377 τὸν
592 316 686 387 θεοῖς
704 309 829 396 ἐχθρὸν
846 308 1097 395 ἀπεστερήμεθα
1118 309 1196 374 ταύ-

142 435 168 476 ω
184 441 242 501 της
271 425 328 500 τῆς
355 419 500 500 πόλεως,
531 412 615 501 ὑπὲρ
647 411 686 500 ἧς
714 413 965 502 Ἀριστοκράτης
993 415 1012 482 ὁ
1040 417 1197 498 Σκελίου,

183 530 278 598 θεῖος
309 521 357 586 ὢν
376 520 572 609 Ἐπιχάρους
592 531 654 588 τοῦ
680 521 815 588 πάππου
841 531 902 587 τοῦ
930 520 1028 607 ἐμοῦ,
1059 515 1100 586 οὗ
1127 523 1196 605 ἔχει

183 627 326 712 ἁδελφὸς
348 626 462 694 οὑτοσί
485 629 643 712 τοῦνομα,
665 628 772 694 πολλά
794 625 850 693 καὶ
871 627 955 693 καλδ
979 625 1196 712 διαπραξάμε-

136 749 139 754 “
182 757 241 810 νος
258 735 339 820 ἔργα
351 735 561 819 πολεμούσης
576 744 633 817 τῆς
649 737 776 812 πόλεως
789 736 1078 818 Λακεδαιμονίοις,
1099 757 1196 798 κατα-

183 839 310 918 σκάψας
323 841 384 923 τήν
394 837 618 924 Ἠετιώνειαν,
640 841 688 918 είς
702 840 745 925 ἣν
759 843 1043 924 Λακεδαιμονίους
1057 841 1197 922 ἔμελλον

183 945 219 1010 οί
237 943 314 1031 περὶ
336 947 477 1032 Κριτίαν
503 945 744 1031 ὑποδέχεσθαι,
770 951 906 1012 καθείλε
933 941 996 1030 μὲν
1017 946 1055 1011 τὸ
1079 944 1197 1011 έπιτεί-
1281 945 1282 968 ’

182 1066 301 1137 χισμα,
330 1053 492 1136 κατήγαγε
522 1049 560 1118 δὲ
586 1054 646 1118 τὸν
669 1053 776 1136 δῆμον
802 1052 1011 1118 κινδυνεύων
1033 1050 1133 1128 αὐτὸς
1155 1051 1196 1117 ού

183 1157 355 1234 τοιούτους
376 1158 568 1242 κινδύνους,
590 1155 662 1224 ἀλλ’
685 1157 722 1224 έν
745 1149 796 1235 οἷς
817 1155 872 1223 καί
893 1163 1016 1224 παθεῖν
1039 1180 1071 1222 τι
1093 1161 1195 1224 καλόν
1283 1217 1284 1242 χ

143 1282 170 1323 τε
184 1261 274 1329 ἐστιν
281 1312 292 1348 ,
319 1265 441 1329 ἔπαυσε
472 1260 510 1330 δὲ
535 1267 614 1341 τοὺς
637 1263 912 1349 ἐπιβουλεύοντας
937 1263 1028 1349 ὑμίν.
1073 1262 1118 1329 δι’
1145 1263 1196 1348 ὃν,
1283 1255 1284 1258 “

182 1370 214 1434 εί
232 1373 404 1456 Θεοκρίνει
425 1369 547 1460 τουτςολ
569 1370 680 1455 ὅμοιοι
697 1372 790 1449 ὄντες
807 1369 1041 1457 ἐτυγχάνομεν,
1063 1371 1198 1447 είκότως
1284 1405 1285 1408 “

183 1472 311 1563 ἐσῴζετ’
338 1474 381 1541 δν
409 1476 511 1561 ἡμᾶς,
538 1479 582 1561 μή
610 1477 662 1542 ὅτι
688 1479 840 1560 βελτίους
867 1477 965 1553 ὄντας
993 1477 1115 1543 τούτου
1141 1475 1197 1542 καὶ

184 1583 296 1646 δίκαια
318 1580 483 1663 λέγοντας.
529 1582 570 1648 οὐ
592 1584 656 1670 γάρ
678 1582 837 1659 πολλάκις
859 1579 890 1666 γ’
912 1582 999 1666 ὑμᾶς
1019 1592 1123 1650 ταῦτα
1146 1581 1198 1648 λέ-

183 1709 298 1769 γοντες
317 1685 551 1772 ἐνοχλήσομεν·
575 1688 661 1754 οὕτω
685 1688 748 1773 γάρ
766 1688 851 1772 ἡμᾶς
868 1683 966 1765 οὗτος
987 1687 1198 1773 διατέθηκεν,

184 1788 283 1876 ὥσθ’,
306 1791 386 1879 ὅπερ
407 1792 440 1872 ἐξ
460 1793 560 1881 ἀρχῆς
577 1790 683 1878 εἶπον,
705 1791 782 1879 μηδ’
805 1791 911 1861 ἐλπίδ’
933 1794 1013 1879 ήμίν
1031 1790 1118 1860 εἶναι
1137 1820 1198 1880 μη-

184 1900 302 1983 δεμίαν
331 1911 390 1967 τοῦ
420 1912 592 1987 μετασχεῖν
622 1910 679 1984 τής
707 1899 763 1967 καί
789 1913 858 1979 τοῖς
886 1899 993 1979 ξένοις
1016 1901 1199 1987 δεδομένης

144 2024 170 2064 ⁶9
183 2009 374 2093 παρρησίας.
406 2004 450 2074 ἵν’
478 2003 552 2093 οὖν,
575 2009 606 2072 εί
627 2003 732 2092 μηδὲν
754 2007 848 2090 άλλο,
869 2008 993 2092 ταύτην
1015 2004 1047 2092 γ’
1069 2011 1199 2094 ἔχωμεν

183 2115 394 2199 παραψυχήν,
414 2114 452 2181 τδ
475 2111 531 2179 καὶ
548 2123 667 2182 τοῦτον
690 2113 773 2199 δρᾶν
796 2113 937 2199 ἡσυχίαν
959 2114 1095 2200 άγοντα,
1116 2119 1197 2199 βοη-

183 2216 310 2304 θήσαθ’
337 2218 433 2304 ήμίν,
462 2219 614 2304 ἐλεήσατε
636 2221 715 2296 τοὺς
735 2214 820 2305 ὑπὲρ
842 2225 901 2302 τής
922 2217 1080 2304 πατρίδος
1101 2218 1197 2304 ἡμῶν

182 2329 460 2411 τετελευτηκότας,
482 2321 682 2409 ἀναγκάσατ’
709 2324 812 2391 αὐτόν
833 2320 917 2411 ὑπὲρ
940 2325 1041 2408 αύτής
1063 2334 1120 2409 τῆς
1144 2326 1196 2392 έν-

185 2431 316 2510 δείξεως
338 2432 593 2516 ἀπολογεῖσθαι,
618 2428 674 2497 καὶ
700 2441 845 2498 τοιοῦτοι
872 2425 1007 2515 γένεσθ’
1031 2431 1121 2520 αύτῷ
1147 2434 1197 2498 δι-

183 2535 299 2603 κασταί
316 2548 383 2603 τῶν
401 2534 600 2622 λεγομένων,
623 2529 694 2614 οἷος
713 2533 810 2615 οὗτος
829 2533 956 2620 ἐγένεθ’
982 2536 1075 2622 ἡμῶν
1098 2540 1197 2623 κατή-

144 2661 171 2701 ⁷0
184 2665 299 2728 γορος,
337 2643 373 2720 δς
409 2643 610 2728 ἐξαπατήσας
646 2646 725 2720 τοὺς
761 2644 917 2721 δικαστάς
954 2644 1015 2710 ούκ
1050 2643 1197 2729 ήθέλησε

182 2751 386 2833 τιμήσασθαι
414 2753 548 2835 μετρίου
570 2751 660 2826 τινὸς
681 2758 727 2838 τῷ
750 2753 866 2835 πατρί,
892 2747 986 2816 πόλλ’
1013 2748 1097 2835 ἐμοῦ
1120 2753 1197 2836 δεη-

183 2853 304 2932 θέντος
334 2852 389 2922 καί
418 2864 537 2922 τοῦτον
570 2856 797 2933 ἱκετεύσαντος
823 2857 905 2941 πρὸς
936 2866 1003 2922 τῶν
1032 2857 1196 2941 γονάτων,

184 2956 255 3026 ἀλλ’
278 2960 388 3044 ὥσπερ
406 2961 468 3045 τήν
485 2964 583 3028 πόλιν
601 2963 878 3048 προδεδωκότι
848 2970 893 3026 τά
916 2961 1015 3050 πατρί
1038 2961 1118 3028 δέκα
1139 2983 1270 3037 voc-1344

184 3067 314 3133 λάντων
338 3065 521 3151 ἐτιμήσατο.
562 3064 695 3152 δεόμεθ’
723 3063 786 3134 οὖν
808 3065 902 3152 ὑμῶν
923 3065 979 3133 καὶ
1001 3067 1196 3208 ἀντιβολοῦ-

184 3196 262 3290 μεν,
282 3172 324 3239 τδ
346 3173 458 3238 δίκαια
480 3175 688 3258 ψηφίσασθε.

249 3281 431 3365 Βοήθησον
453 3278 533 3363 ἡμῖν
556 3278 575 3345 ὁ
599 3281 712 3364 δεῖνα,
737 3284 773 3346 εί
789 3302 822 3347 τι
844 3282 946 3367 ἔχεις,
972 3277 1028 3346 καλ
1049 3281 1196 3349 σύνειπε

183 3385 339 3470 ἀνάβηθι.
