2654 3926
412 156 510 208 ΠΡΟΣ
529 156 778 212 ΜΑΚΑΡΤΑΤΟΝ.
1057 155 1099 220 47

16 389 17 392 ¹
74 313 201 401 μέρος·
238 313 321 400 φησὶ
353 311 390 380 δὲ
421 317 480 381 τὸν
508 313 632 402 πατέρα
662 319 722 382 τὸν
753 313 873 382 ἑαυτοῦ
905 318 1102 400 Θεόπομπον

75 421 271 506 προσήκειν
289 417 413 507 Ἁγνίᾳ.
450 421 468 488 6
491 417 530 486 ἀὲ
552 424 654 506 νόμος
676 422 802 486 κελεύει
825 420 843 488 6
866 431 926 487 τοῦ
945 424 1103 499 Σόλωνος

75 537 223 611 κρατεῖν
246 528 325 602 τοὺς
347 527 487 612 ἀρρενας
509 525 564 593 καὶ
586 530 663 604 τοὺς
682 526 802 592 ἐκτῶν
820 525 983 613 ἀρρένων·
1007 522 1104 605 οὗτος

78 630 113 696 δ’
150 629 278 696 οὑτωσὶ
310 631 432 718 ῥᾳδίως
462 636 686 718 κατεφρόνησε
718 631 774 698 καὶ
804 645 871 698 τῶν
901 636 1016 717 νόμων
1047 631 1103 698 καὶ

78 748 146 804 τοῦ
172 735 330 821 Ἁγνίου,
361 736 415 803 καὶ
447 741 630 823 εἰσεποίησε
659 740 718 805 τὸν
745 739 822 805 υίὸν
849 740 896 815 είς
922 741 981 805 τὸν
1010 734 1103 805 οἶκον

79 847 145 909 τὸν
170 845 255 927 πρὸς
278 847 408 929 μητρός.
448 856 517 921 πῶς
539 844 581 910 ἀν
603 842 755 928 γένοιντο
778 845 904 910 τούτων
928 845 1103 931 άνθρωποι

81 950 363 1036 παρανομώτεροι
384 949 404 1034 ή
428 953 623 1035 βιαιότεροι;

46 1075 69 1114 ιε
160 1054 214 1120 Οὐ
235 1057 351 1121 τοίνυν
378 1066 480 1122 ταῦτα
507 1059 612 1140 μόνον
636 1051 662 1120 ὦ
685 1057 805 1140 ἄνδρες
826 1057 992 1138 δικασταί,
1019 1055 1102 1121 ἀλλά

82 1159 142 1226 καὶ
167 1163 336 1245 μνήματος
354 1163 450 1238 ὄντος
468 1171 585 1229 κοινοῦ
603 1163 705 1227 άπασι
723 1173 792 1238 τοίς
814 1160 878 1228 ἀπὸ
900 1171 960 1226 τοῦ
978 1160 1102 1227 Βουσέ-

85 1272 150 1333 λου
180 1265 372 1350 γενομένοις
404 1265 471 1354 (καὶ
502 1272 648 1332 καλεῖται
674 1270 712 1334 τὸ
740 1276 851 1353 μνήμα
877 1268 1103 1350 Βουσελιδῶν,

85 1375 195 1449 πολὺς
217 1375 317 1448 τόπος
338 1371 634 1459 περιβεβλημένος,
654 1374 763 1460 ὥσπερ
786 1374 822 1440 οί
841 1373 971 1460 ἀρχαῖοι
994 1372 1103 1456 ἐνόμι-
1135 1357 1138 1366 “

87 1477 159 1564 ζον)
189 1477 227 1543 έν
253 1479 359 1567 τούτῳ
386 1488 431 1568 τῷ
464 1482 608 1564 μνήματι
635 1480 669 1545 oc
693 1475 755 1563 μὲν
783 1480 878 1546 άλλοι
904 1481 1043 1554 ἀπαντες
1071 1477 1106 1543 oc

88 1584 154 1650 ἀπὸ
179 1593 238 1650 τοῦ
255 1583 427 1651 Βουσέλου
449 1597 585 1668 κεῖνται,
607 1587 663 1650 καί
681 1583 845 1670 όἎγνίας
862 1584 918 1651 καὶ
936 1585 954 1652 6
972 1585 1103 1669 Εὐβου-

89 1691 185 1774 λίδης
207 1688 262 1755 καὶ
285 1690 303 1756 6
326 1690 491 1775 Πολέμων
518 1689 573 1756 καὶ
600 1691 636 1757 oc
661 1692 757 1756 άλλοι
784 1692 926 1768 άπαντες
950 1699 1103 1757 τοσοῦτοι

89 1798 184 1872 όντες
208 1805 389 1878 συγγενεῖς,
413 1795 448 1861 oc
467 1793 531 1860 ἀπὸ
554 1803 614 1860 τοῦ
636 1794 824 1880 Βουσέλου,
847 1796 987 1872 ἀπαντες
1009 1789 1102 1860 οὗτοι
1127 1834 1131 1848 1

52 1922 76 1961 εο
90 1910 292 1969 κοινωνοῦσι
313 1911 373 1967 τοῦ
396 1903 564 1986 μνήματος
581 1901 714 1967 τούτου·
738 1901 756 1967 6
781 1896 817 1965 δὲ
839 1900 972 1968 τουτονὶ
995 1903 1101 1985 πατήρ
1113 1921 1181 1971 1078

89 2007 314 2092 Μακαρτάτου
340 2005 396 2072 καὶ
419 2007 437 2074 6
459 2007 590 2084 πάππος
616 2006 658 2073 οὐ
685 2009 943 2091 κεκοινωνήκασι
970 2009 1102 2091 τούτου,

91 2111 162 2179 ἀλλ’
190 2113 302 2190 αὑτοῖς
325 2115 394 2200 ἰδίᾳ
417 2111 613 2196 ἐποιήσαντο
641 2120 753 2197 μνῆμα
775 2113 911 2178 άπωθεν
933 2123 993 2178 τοῦ
1015 2115 1102 2177 Βου-

92 2222 232 2286 σελιδῶν
255 2221 431 2304 μνήματος.
474 2219 634 2282 δοκοῦσιν
657 2217 738 2300 ὑμῖν
761 2211 787 2282 ὦ
811 2219 930 2302 ἀνδρες
953 2215 1103 2281 δικασταὶ

91 2329 270 2412 προσήκειν
297 2346 328 2390 τι
359 2331 404 2412 τῷ
438 2328 519 2412 οίκηο
548 2331 593 2408 τῷ
621 2319 775 2405 Ἁγνίου,
809 2323 896 2405 πλήν
924 2331 984 2388 τοῦ
1014 2325 1101 2407 ἔχειν

92 2431 294 2516 ἁρπάσαντες
315 2429 355 2494 τά
377 2429 422 2512 μή
450 2429 674 2513 προσήκοντα;
702 2428 733 2492 εί
759 2422 790 2492 6'
818 2425 1101 2513 ἐξερημωθήσεται

92 2537 112 2621 ή
134 2537 308 2621 ἀνώνυμος
328 2537 419 2600 ἔσται
442 2534 460 2601 6
484 2529 574 2611 οἶκος
592 2531 759 2617 ὁἎγνίον
778 2531 833 2598 καί
852 2534 870 2600 6
889 2513 1101 2618 Βύγίονλίδου

92 2653 150 2709 τοῦ
173 2642 313 2720 ἀνεψιοῦ
335 2648 395 2705 τοῦ
413 2637 565 2724 Ἁγνίου,
587 2636 668 2705 οὐδὲ
690 2641 772 2704 κατά
795 2639 1011 2725 τούλάχιστον
1033 2642 1100 2707 πώ-

93 2747 161 2814 ποτ’
190 2748 302 2823 αὐτοῖς
325 2744 491 2830 έμέλησεν.

58 2871 82 2911 81
154 2852 236 2938 ’Βγὼ
260 2851 290 2920 6’
318 2849 344 2920 ὦ
368 2847 487 2937 ἀνέρες
511 2850 659 2918 δικασταὶ
687 2857 803 2938 βοηθῶ
826 2849 887 2937 μέν
905 2853 954 2930 ὡς
977 2845 1096 2929 οἷόςί

96 2957 158 3042 είμὶ
180 2959 320 3043 μάλιστα
343 2970 412 3036 τοῖς
430 2960 694 3043 τετελευτηκόσιν
714 2957 865 3035 ἐκείνοις·
888 2959 930 3026 οὐ
952 2959 1041 3024 πάνυ
1065 2955 1095 3024 δ’

97 3062 160 3133 ἐστὶ
182 3061 302 3152 ῥᾴδιον
324 3075 396 3142 ταῖς
417 3065 545 3130 τούτων
567 3075 789 3151 παρασκευαῖς
811 3063 1099 3148 ἀνταγωνίζεσθαι.

96 3172 300 3257 παραδίδωμι
330 3164 392 3236 οὖν
421 3169 502 3254 ὑμῖν
535 3171 594 3236 τὸν
626 3170 729 3234 παῖδα
762 3168 895 3237 τουτονὶ
925 3165 950 3234 ὦ
981 3171 1100 3256 ἄνδρες

98 3275 240 3344 δικασταὶ
264 3275 520 3362 ἐπιμεληθῆναι,
549 3275 636 3353 ὅπως
663 3274 705 3340 ἀν
727 3274 807 3359 ὑμῖν
830 3277 911 3361 δοκῇ
935 3277 1100 3340 δικαιότα-

97 3407 150 3449 τον
167 3379 261 3449 είναι.
299 3369 396 3459 οὗτος
414 3384 637 3465 εἰσπεποίηται
655 3383 702 3458 είς
715 3383 774 3447 τὸν
788 3375 881 3447 οἷκον
895 3383 954 3446 τὸν
967 3381 1099 3465 Βόβου·

98 3491 201 3574 λίάου,
228 3487 283 3554 καὶ
310 3491 456 3573 είσήκται
482 3490 529 3565 είς
556 3489 633 3565 τοὺς
659 3487 837 3573 φράτερας,
865 3485 926 3552 οὐκ
953 3489 1000 3563 είς
1021 3489 1099 3562 τοὺς
