2650 3918
484 206 581 258 RATA
597 206 763 260 ΝΕΑΙΡᾹΣ.
1065 202 1131 267 299

160 367 250 430 ταλὸν
276 365 461 448 ἀφικόμενον
484 363 630 449 Ἀθήναζε
657 369 699 443 είς
725 368 761 431 τδι
789 369 993 448 Παναθήναια
1019 367 1056 429 τδι
1082 389 1131 447 με·

159 465 250 544 μάλα,
275 464 326 527 καλ
352 459 415 546 μετ’
439 466 531 529 αὑτοῦ
554 465 723 549 Νικαρέτην
749 465 800 528 καὶ
821 465 955 549 Νέαιραν
981 465 1036 546 τὴν
1062 464 1133 528 νυνί
1242 530 1244 534 ,

160 558 396 642 ἀγωνιζομένην·
427 561 479 625 καί
509 565 689 646 κατάγεσθαι
720 563 829 638 αὐτοὺς
859 563 939 646 παρὰ
965 563 1131 648 Κτησίππῳ

159 663 202 742 τῷ
224 661 454 742 Παντιωνίδου,
475 659 526 723 καλ
548 662 705 741 συμπίνειν
728 653 789 740 μετ’
814 660 912 722 αὐτῶν
935 659 1069 744 Νέαιραν
1091 657 1133 733 ὡς

160 753 279 837 έιαίραν
302 747 411 837 οὖσαν,
437 756 490 820 καί
510 755 607 821 άλλων
629 762 746 819 πολλῶν
773 755 928 840 παρόντων
949 756 1001 819 καὶ
1023 774 1131 838 συμπι-

43 929 48 936 ·
159 851 276 914 νόντων
298 852 379 936 παρὰ
401 856 577 941 Κτησίππῳ.

58 981 95 1027 οε
184 955 280 1019 Μετδι
303 965 405 1022 ταῦτα
432 960 548 1022 τοίνυν
576 955 613 1022 έν
639 965 679 1042 τῇ
703 959 864 1045 Κορίνθῳ
892 955 994 1041 αὐτῆς
1016 956 1132 1042 έπιφα-

112 1071 183 1138 νῶς
205 1059 424 1148 ἐργαζομένης
446 1060 502 1127 καὶ
520 1063 622 1146 οὔσης
640 1067 801 1148 λαμπρᾶς,
824 1062 920 1128 ἄλλοι
942 1085 977 1127 τε
1001 1059 1133 1147 έρασταὶ

113 1171 289 1252 γίγνονται
316 1165 372 1234 καὶ
393 1165 613 1253 Ξενοκλείδης
635 1169 653 1234 ὁ
681 1169 818 1252 ποιητὴς
844 1166 900 1234 καὶ
913 1167 1092 1252 Ἵππαρχος
1114 1168 1133 1234 δ

113 1273 312 1358 ὑποκριτής,
347 1271 403 1339 καὶ
434 1269 525 1361 εἶχον
557 1273 662 1358 αὐτὴν
692 1272 950 1359 μεμισθωμένοι.
995 1270 1052 1339 καλ
1083 1272 1134 1339 ὅτι

114 1380 228 1464 ἀληθῆ
255 1376 357 1463 λέγω,
384 1390 444 1447 τοῦ
472 1376 534 1465 μέν
561 1379 781 1459 Ξενοκλείδου
809 1379 871 1446 οὐκ
898 1379 940 1445 άν
967 1381 1133 1464 δυναίμην

113 1485 197 1571 ὑμῖν
219 1490 404 1573 μαρτυρίαν
433 1485 675 1573 παρασχέσθαι·
702 1485 744 1553 οὐ
767 1487 831 1574 γάρ
853 1485 954 1552 έῶσιν
976 1486 1079 1552 αὐτὸν
1101 1485 1137 1552 οί

66 1620 99 1662 τι
114 1593 216 1677 νόμοι
238 1603 432 1678 μαρτυρεῖν·
460 1592 514 1658 ὅτε
542 1593 606 1679 γάρ
629 1593 915 1677 Λακεδαιμονίους
936 1593 1031 1678 ὑμεῖς
1053 1588 1134 1681 έσςό-

117 1700 186 1776 ζετε
207 1697 399 1776 πεισθέντες
425 1698 491 1766 ὑπὸ
515 1699 782 1785 Καλλιστράτου,
809 1701 882 1765 τότε
910 1697 1074 1765 ἀντειπὼν
1096 1698 1133 1766 έν

115 1812 163 1891 τῷ
184 1803 278 1893 δήμῳ
297 1813 336 1891 τῇ
355 1809 509 1892 βοηθείᾳ,
533 1803 719 1892 ἐωνημένος
741 1806 803 1890 τὴν
825 1806 1050 1890 πεντηκοστὴν
1072 1815 1133 1872 τοῦ

117 1913 212 1976 σίτου
237 1909 273 1975 ἐν
287 1911 428 1996 εἰρήνη,
450 1907 506 1975 καὶ
530 1909 608 1976 δέον
632 1909 734 1976 αὐτὸν
756 1899 975 1996 καταβάλλειν
997 1911 1055 1987 τὰς
1076 1934 1133 1976 κα-

115 2015 260 2101 ταβολὰς
290 2017 338 2091 είς
368 2016 406 2080 τὸ
440 2017 678 2101 βουλευτήριον
713 2015 795 2079 κατὰ
831 2018 1047 2100 πρυτανείαν,
1078 2014 1133 2080 καὶ

117 2123 222 2205 οὔσης
252 2119 341 2207 αὐτῷ
374 2118 519 2196 ἀτελείας
555 2118 592 2185 έκ
626 2130 694 2184 τῶν
725 2122 855 2204 νόμων,
893 2117 955 2198 οὐκ
988 2117 1133 2197 ἐξελθὼν

117 2227 250 2309 ἐκείνην
279 2226 341 2308 τὴν
371 2227 561 2310 στρατείαν,
590 2221 730 2312 γραφεὶς
757 2225 823 2289 ὑπὸ
851 2224 1029 2309 Στεφάνου
1058 2249 1134 2292 του-

118 2328 195 2398 τουὶ
218 2329 410 2413 ἀστρατείας
432 2327 487 2394 καὶ
515 2327 710 2414 διαβληθείς
732 2338 777 2418 τῷ
802 2332 890 2418 λόγῳ
914 2329 951 2395 έν
974 2338 1019 2416 τῷ
1043 2331 1133 2396 δικα-

74 2468 105 2509 28
120 2441 244 2526 στηρίῳ
261 2437 331 2522 ἥλω
350 2432 406 2501 καὶ
423 2436 585 2519 ἠτιμώθη.
627 2439 734 2500 καίτοι
756 2446 826 2512 πῶς
847 2435 909 2501 οὐκ
932 2441 1045 2501 οίεσθε
1068 2437 1134 2502 δει-

119 2547 182 2612 υὸν
211 2538 316 2629 εἶναι,
350 2543 382 2608 εί
408 2543 488 2618 τοὺς
516 2537 577 2625 μέν
611 2541 708 2626 φύσει
743 2545 878 2618 πολίτας
906 2539 961 2606 καί
990 2547 1134 2628 γνησίως

120 2648 315 2736 μετέχοντας
332 2655 390 2732 τῆς
406 2651 533 2723 πόλεως
551 2644 748 2730 ἀπεστέρηκε
771 2656 828 2730 τῆς
849 2652 1033 2734 παρρησίας
1050 2648 1133 2715 Στέ-

119 2781 226 2843 φανος
258 2755 388 2838 οὑτοσί,
419 2756 498 2830 τοὺς
529 2749 566 2846 δέ
598 2749 702 2840 μηδὲν
733 2755 960 2841 προσήκοντας
990 2754 1133 2841 βιάζεται
1143 2779 1212 2829 1854

117 2860 319 2949 Ἀθηναίους
348 2857 434 2926 εἶναι
462 2860 551 2947 παρά
584 2859 710 2936 πάντας
741 2861 820 2936 τοὺς
847 2862 985 2944 νόμους;
1014 2863 1074 2927 τδν
1098 2858 1128 2928 δ’

112 2967 293 3055 Ἵππαρχον
316 2967 418 3034 αὐτὸν
441 2967 522 3051 ὑμῖν
543 2970 650 3050 καλῶ,
677 2962 733 3030 καὶ
756 2964 930 3050 ἀναγκάσω
953 2979 1132 3054 μαρτυρεῖν

120 3075 141 3159 ἢ
174 3073 377 3159 ἐξόμνυσθαι
408 3073 490 3138 κατδι
522 3073 580 3138 τὸν
611 3075 719 3157 νόμον
726 3119 737 3156 ,
767 3071 789 3156 ἢ
819 3073 987 3156 κλητεύσω
1020 3074 1132 3141 αὐτόν.

120 3183 179 3245 καί
198 3203 255 3264 μοι
277 3179 369 3243 κάλει
382 3176 573 3265 Ἵππαρχον.
689 3254 691 3258 Ι

528 3335 717 3388 ΜΑΡΤΤΡΙΑ,

224 3443 384 3528 Ἵππαρχος
403 3439 569 3526 Ἀθμονεδς
591 3451 735 3529 μαρτυρεῖ
752 3443 946 3524 Ξενοκλείδην
967 3444 1019 3507 καλ
1040 3445 1131 3506 αὑτὸν

166 3545 378 3622 μισθώσασθαι
404 3541 538 3620 Νέαιραν
569 3541 601 3605 έν
632 3543 776 3628 Κορίνθῳ
808 3542 863 3620 τὴν
893 3540 964 3602 νυνὶ
991 3539 1101 3619 ἀγωνιζ
1117 3577 1130 3587 -
