2658 3914
234 197 299 262 140
507 198 631 252 πονοι.
659 193 963 268 [amomon]

232 353 275 425 οὑ
297 358 406 441 ἔλεγες
427 359 510 443 πρὸς
530 359 609 435 τοὺς
631 356 786 434 δικαστὰς
807 355 859 422 ὅτι
881 353 1053 432 ἐδάνεισάς
1074 377 1148 438 μοι,
1171 352 1246 418 τού-
1310 345 1311 352 ¹

233 488 300 529 τυν
323 460 424 529 οὐδέν
447 463 616 548 ἐποίησας;
643 463 726 528 ὥστε
752 473 821 540 πῶς
847 461 890 528 ἂν
917 465 1045 547 μᾶλλον
1067 459 1249 545 άνδρατιος

233 567 435 656 ἐξελέγχοιτο
468 571 674 654 ψευδόμενος
702 566 759 634 καὶ
790 567 972 634 ὑπεναντία
1005 563 1112 650 λέγων
1146 564 1250 641 αὑτὸς

193 692 220 733 ιι
233 673 322 761 αὑτῷ
350 671 406 740 καὶ
432 675 625 760 αίτιώμενος
651 674 692 742 τδ
725 672 935 740 οὐδεπώποτε
961 675 1136 756 γενόμενα;
1165 668 1184 736 δ
1210 665 1250 735 δὲ
1311 661 1312 672 ’

233 779 368 845 πάντων
389 779 544 866 μέγιστόν
562 779 652 847 ἐστιν
670 776 697 846 ὦ
716 780 835 866 ἄνδρες
853 780 1015 862 δικασταί,
1038 770 1065 866 ᾦ
1084 774 1139 842 καὶ
1161 776 1249 859 γνώ-
1262 793 1312 845 ιιι

234 891 334 951 σεσθε
357 894 477 952 τοῦτον
500 884 552 951 ὅτι
574 887 688 963 άδικός
715 884 786 951 ἐστι
812 882 868 950 καὶ
893 880 1091 969 πλεονέκτης
1113 883 1248 968 ἅνθρω-

232 1009 307 1068 πος·
336 990 437 1079 ἐχρῆν
468 991 532 1077 γὰρ
564 990 682 1076 αὑτὸν,
718 997 754 1058 εί
779 1014 811 1057 τι
842 984 965 1074 άληὺὲς
994 983 1039 1073 ἦν
1070 980 1118 1052 &v
1146 983 1249 1071 λέγει,

232 1099 395 1182 πρότερον
430 1105 534 1162 ταῦτα
569 1094 678 1181 λέγειν
714 1093 770 1162 καὶ
805 1094 1043 1178 ἐπιδεικνύειν,
1076 1090 1156 1179 πρὶν
1187 1095 1248 1159 τὸν

233 1201 346 1286 ἀγῶνα
369 1200 600 1287 γενέσθαικαὶ
619 1204 876 1288 διαπειραθῆναι
896 1211 965 1267 τῶν
987 1201 1152 1266 δικαστῶν
1174 1197 1193 1264 ὑ
1215 1222 1248 1264 τι

233 1309 431 1393 γνώσονται,
453 1307 509 1374 καὶ
525 1311 760 1394 παραλαβόντα
776 1309 922 1384 πολλοὺς
940 1306 1107 1392 μάρτυρας
1129 1303 1247 1382 ἀξιοῦν

233 1417 446 1501 ἀναιρεῖσθαι
476 1414 535 1492 τὰς
566 1417 737 1499 συνθήκας
771 1414 860 1500 παρὰ
891 1421 952 1480 τοῦ
979 1409 1248 1498 Ἀνδροκλείδου,

234 1520 279 1595 ὡς
299 1519 564 1605 παραβαίνοντος
586 1518 669 1603 ἐμοῦ
691 1517 746 1585 καὶ
768 1518 927 1585 τάναντία
948 1517 1150 1604 πράττοντος
1172 1514 1248 1582 ἑαυ-

232 1631 278 1712 τρ]
302 1621 357 1689 καὶ
380 1621 489 1689 ούκέτι
511 1627 637 1709 κυρίαν
665 1625 776 1691 ούσῶν
798 1635 865 1691 τῶν
893 1631 1073 1709 συνθηκῶν
1095 1621 1170 1709 ἐμοὶ
1192 1621 1248 1688 καὶ

233 1729 351 1818 τούτῳ,
377 1725 433 1794 καὶ
458 1736 505 1816 τῶ
529 1727 763 1818 Ἀνδροκλείδῃ
789 1738 835 1819 τῷ
859 1733 968 1817 ἐχοντι
993 1730 1051 1808 τάς
1077 1731 1248 1815 συνθήκας

234 1834 539 1920 διαμαρτύρασθαι,
575 1834 627 1902 ὅτι
658 1835 746 1925 αύτῷ
779 1834 881 1902 οὐδέν
911 1835 1002 1902 ε’στιν
1034 1838 1082 1902 ἔτι
1112 1843 1247 1921 πρᾶγμα

194 1961 220 2002 ιι
234 1941 316 2026 πρὸς
338 1939 396 2016 τάς
418 1944 589 2026 συνθήκας
610 1943 737 2019 ταύτας.
773 1939 864 2008 ταῦτ’
891 1941 991 2028 ἐχρῆν
1013 1941 1116 2009 αὑτὸν
1138 1935 1165 2006 ὦ
1189 1942 1248 2006 άν-

234 2048 311 2131 δρες
328 2047 491 2131 δικασταί,
512 2053 604 2133 είπερ
629 2070 662 2112 τι
678 2042 722 2131 ῆν
741 2043 863 2134 άληὺὲς
881 2042 929 2113 ὧν
947 2045 1046 2132 λέγει,
1067 2045 1123 2114 καὶ
1140 2050 1248 2133 μόνον

233 2155 414 2238 προσιόντα
439 2160 485 2242 τῷ
510 2149 745 2241 Ἀνδροκλείδη
772 2154 1056 2240 διαμαρτύρεσθαι
1081 2151 1137 2219 καὶ
1166 2154 1248 2238 μετὰ

183 2245 185 2250 “
234 2259 410 2344 μαρτύρων
439 2262 592 2343 πολλῶν,
622 2256 666 2324 ἵν’
694 2259 783 2348 αὑτῷ
813 2257 931 2325 πολλοὶ
959 2252 1045 2342 ἦσαν
1074 2259 1111 2326 οί
1137 2275 1248 2325 συνει-

234 2365 337 2442 δύτες.
374 2363 426 2430 ὅτι
449 2359 486 2430 δὲ
508 2364 637 2431 τούτων
665 2360 768 2430 ούδέν
794 2360 917 2430 πώποτ’
945 2363 1115 2450 ἐποίησεν,
1142 2364 1248 2432 αὑτοῦ

234 2471 315 2554 ὑμῖν
344 2479 404 2536 τοῦ
429 2466 705 2556 Ἀνδροκλείδου,
733 2466 810 2556 παρ’
842 2462 868 2558 ᾧ
901 2471 988 2535 είσιν
1015 2469 1054 2536 αί
1079 2477 1248 2556 συνθῆκαι

234 2579 394 2660 κείμεναι,
411 2579 597 2662 μαρτυρίαν
615 2575 850 2661 ἀναγνώσεται.
882 2574 956 2660 λέγε
973 2577 1036 2662 τῆν
1053 2580 1247 2662 μαρτυρίαν.

648 2769 838 2822 MAPT‘I'PIA.

195 2911 222 2952 ιε
293 2890 431 2979 Ἕτερον
454 2891 486 2960 δ’
513 2889 539 2960 ὑ
567 2895 687 2981 ἄνδρες
714 2892 865 2960 δικασταὶ
892 2891 1061 2974 σκέψασθε
1087 2893 1106 2962 δ
1134 2893 1247 2961 διαπέ-

234 3019 382 3085 πρακται.
420 2998 484 3084 ἐγὼ
506 3002 570 3087 γάρ
596 3011 717 3067 τοῦτον
742 2999 1018 3086 προύκαλεσάμην
1044 2998 1099 3066 καὶ
1121 2999 1247 3085 ῆξίυσα

234 3104 461 3190 ἀκολουθῆσαι
497 3107 542 3183 ὡς
569 3103 848 3193 Ἀνδροκλείδην,
882 3103 960 3192 παρ’
996 3099 1023 3195 ᾧ
1054 3117 1180 3173 κελνται
1211 3108 1250 3173 αί

234 3219 412 3296 συνθῆκαι,
434 3209 489 3277 καὶ
510 3221 606 3297 κοινῆ
634 3210 903 3298 ἐκγραψαμένους
927 3212 1013 3297 ἡμᾶς
1039 3213 1097 3290 τὰς
1119 3215 1246 3297 συνθῆ-

233 3342 292 3394 κας
319 3318 419 3383 πάλιν
449 3319 678 3402 σημῆνασδαι,
703 3318 744 3382 τὰ
771 3314 802 3383 δ’
829 3317 1015 3403 ἀντίγραφα
1043 3316 1245 3403 ἐμβαλέσθαι

234 3424 281 3498 είς
298 3423 358 3487 τὸν
376 3421 499 3507 ἐχῖνον,
522 3421 609 3498 ὅπως
627 3420 669 3486 ύν
692 3422 835 3506 μηδεμία
855 3421 983 3501 ὑποψία
1001 3416 1036 3510 ᾖ,
1058 3421 1129 3489 ἀλλ’
1151 3422 1246 3508 ὑμεῖς

235 3526 363 3591 ἅπαντα
385 3530 493 3602 καλῶς
514 3523 570 3590 καὶ
597 3527 732 3604 δικαίως
758 3525 958 3604 ἀκούσαντες
980 3538 1084 3611 γνῶτε
1106 3527 1125 3594 ὑ
1147 3551 1179 3592 τι
1202 3527 1244 3594 ἂν
