2658 3922
222 157 285 222 ιον
531 159 590 212 m.
615 156 919 229 [Δευιοεουωουυ]

219 324 254 386 εί
266 341 300 384 τι
317 316 552 384 καταλέλοιπεν
570 317 746 404 ἀργύριον·
769 316 803 396 ἐξ
822 316 966 403 ἀνάγκης
983 316 1047 404 γάρ
1065 317 1126 402 μυί
1141 315 1234 382 ἐστιν
1304 387 1305 406 ρ

194 423 376 489 οάπάντων
393 420 632 510 Ἡρακλεωτῶν
661 421 908 508 έπιμελείσθαι.’
951 421 1094 500 ἀκούσας
1116 418 1146 487 δ’
1173 422 1235 488 αὐ-

220 540 280 596 τοῦ
310 529 328 595 ὁ
360 532 518 614 Φορμίων
548 523 574 594 ώ
603 529 723 615 ἀνδρες
752 529 920 613 δικασταί,
953 527 1076 608 ἔδειξεν
1106 526 1236 605 εὐθέως
1305 566 1306 646 ρ

219 643 424 721 παραχρῆμα.
462 632 631 713 δείξαντος
653 631 691 700 δὲ
714 634 817 701 αὐτοῦ
840 637 877 700 τὸ
895 644 1131 719 γραμματείου,
1153 633 1235 698 άνα-
1305 653 1306 694 1

220 742 322 824 γνοὺς
343 740 443 818 αὐτὸς
464 743 520 806 καί
542 741 642 817 ἄλλος
669 740 794 824 οὐδείς,
820 739 876 806 καὶ
899 742 982 806 ἰδὼν
1004 738 1235 826 γεγραμμένον

221 844 258 911 έν
281 845 370 934 αὐτῷ
394 844 532 911 ’Λύκων
554 843 782 930 Ἡρακλεώτης
804 849 911 932 χιλίας
933 843 1103 924 ἑξακοσίας
1125 868 1234 912 τεττα-
1306 914 1307 934 ἢ

193 957 195 964 “
222 951 380 1036 ράκοντα·
399 951 593 1038 Κηφισιάδῃ
616 951 802 1018 ἀποδοῦναι
826 953 890 1017 δεῖ·
911 949 1124 1039 Ἀρχεβιάδης
1141 955 1235 1036 Λαμ-
1306 995 1307 998 =

221 1059 342 1142 πτρεδς
363 1057 462 1137 δείξει
491 1059 551 1124 τὸν
573 1055 816 1145 Κηφισιάδην’,
846 1055 948 1145 ᾤχετο
978 1057 1085 1123 ἀπιὼν
1116 1067 1236 1144 σιωπῆ,

222 1161 277 1228 καὶ
305 1161 407 1231 πλέον
436 1163 458 1249 ῆ
486 1161 583 1230 πέντε
617 1175 732 1249 μηνῶν
766 1161 889 1229 οὐδένα
918 1166 1020 1247 λόγον
1049 1162 1236 1249 ἐποιήσατο.

197 1268 485 1356 τέπιδημῆσαντος
516 1267 554 1336 δέ
589 1280 650 1338 τοῦ
681 1269 894 1355 Κηφισιάδου
930 1271 1009 1354 μετά
1044 1279 1147 1336 ταῦτα
1180 1269 1237 1336 καὶ

222 1380 470 1463 προσελθόντος
490 1378 573 1462 πρὸς
598 1377 660 1461 τῆν
686 1377 848 1461 τράπεζαν
874 1372 930 1441 καὶ
956 1375 1175 1462 ἀπαιτοῦντος
1195 1379 1237 1442 τά

223 1485 382 1568 χρῆματα,
404 1485 568 1568 παρόντος
596 1479 634 1549 δέ
657 1478 684 1548 ώ
707 1483 829 1569 ἄνδρες
851 1480 1001 1548 δικασταὶ
1020 1478 1236 1568 Ἀρχεβιάδου
1249 1497 1304 1551 ιεει

224 1585 279 1652 καὶ
306 1596 366 1653 τοῦ
391 1591 557 1673 Φρασίου,
585 1587 645 1664 οὓς
667 1588 686 1656 δ
709 1589 832 1655 Λύκων
859 1597 904 1677 τῷ
933 1585 1030 1675 πατρί
1057 1588 1237 1674 συνέστησε

224 1691 280 1758 καὶ
310 1691 458 1758 ἐκέλευσε
488 1694 547 1759 τὸν
576 1695 791 1779 Κηφισιάδην
825 1693 930 1773 δείξαι
960 1694 997 1772 ὃς
1024 1700 1093 1779 είη,
1122 1693 1236 1778 ἐπειδὴ

226 1801 334 1882 ἔλθοι,
354 1801 531 1885 παρόντων
550 1794 588 1865 δέ
604 1796 661 1866 καὶ
678 1800 801 1885 ἀλλων,
824 1800 1046 1887 ἐξαριθμήσας
1068 1800 1157 1889 αὐτῷ
1181 1801 1238 1877 τάς

227 1902 398 1972 ἑκκαίδεκα
432 1913 516 1990 μνᾶς
549 1902 605 1972 καὶ
637 1907 876 1993 τετταράκοντα
910 1908 1057 1994 δραχμάς
1089 1904 1236 1972 ἀπέδωκε

229 2015 388 2097 Φορμίων
409 2011 534 2079 οὑτοσί.
571 2012 616 2090 ὡς
634 2007 671 2078 δέ
689 2011 799 2098 ἀληθῆ
818 2011 914 2098 λέγω,
936 2015 1065 2083 τούτων
1083 2011 1237 2080 ἀπάντων

227 2118 308 2203 ὑμίν
329 2118 388 2196 τὰς
409 2121 590 2205 μαρτυρίας
611 2116 848 2202 ἀναγνώσεται.

629 2313 834 2365 ΜΑΡΤΤΡῙΔΙ

202 2452 215 2492 ⁸
284 2435 357 2503 Ὅτι
380 2432 441 2522 μέν
460 2435 570 2522 ἀληθῆ
589 2437 717 2504 ἅπαντα
739 2433 835 2505 εἶπον
856 2439 940 2522 πρὸς
961 2437 1047 2522 ὑμᾶς
1069 2432 1095 2502 ώ
1119 2438 1238 2523 ἀνδρες

228 2545 396 2626 δικασταί,
427 2553 494 2608 τῶν
526 2554 715 2630 μαρτυριῶν
747 2542 916 2628 ἀκηκόατε.
968 2543 1168 2628 προσελθών
1201 2538 1239 2608 δὲ

228 2657 339 2735 συχνςθ
358 2651 468 2737 χρόνῳ
485 2649 627 2736 ὕστερον
646 2650 729 2734 πρὸς
747 2650 806 2715 τὸν
824 2646 948 2736 πατέρα
966 2649 1160 2726 Κάλλιππος
1183 2648 1239 2715 οὑ-

228 2752 301 2820 τοσὶ
324 2752 361 2818 έν
384 2754 490 2839 ἀστει,
515 2757 613 2840 ῆρετο
642 2754 744 2821 αὐτὸν
771 2755 803 2819 εί
827 2755 892 2839 ῆδη
920 2754 1167 2840 ἐπιδεδημηκώς
1188 2760 1239 2838 είη

228 2859 247 2927 ὁ
271 2859 492 2944 Κηφισιάδης,
515 2860 579 2950 ὄτφ
604 2858 913 2945 [έπι]γεγραμμένον
931 2866 981 2945 είη
1000 2859 1185 2928 ἀποδοῦναι
1202 2863 1240 2926 τὸ

230 2965 390 3052 ἀργύριον
412 2967 450 3032 τὸ
472 2966 538 3031 ὑπὸ
560 2976 622 3033 τοῦ
639 2966 799 3042 Λύκωνος
817 2977 877 3032 τοῦ
891 2964 1120 3053 Ἡρακλεώτου
1143 2989 1241 3031 κατα-

230 3070 380 3158 λειφθέν.
416 3069 681 3157 ἀποκριναμένου
706 3067 744 3138 δέ
761 3081 821 3138 τοῦ
838 3074 961 3158 πατρὸς
977 3073 1029 3138 ὅτι
1047 3077 1149 3139 οίοιτο
1169 3070 1241 3156 μέν,

230 3180 262 3243 εί
282 3176 395 3262 μέντοι
418 3179 573 3262 βούλοιτο
600 3180 647 3255 είς
669 3183 812 3263 Πειραιᾶ
839 3181 1035 3264 καταβῆναι,
1062 3179 1123 3262 τῆν
1150 3176 1242 3263 ἀκρί-

231 3288 325 3368 βειαν
347 3290 486 3370 εἴσοιτο,
512 3279 632 3350 ὀἶσθά
650 3284 718 3349 τοι’
736 3286 811 3368 ἔφη,
834 3283 869 3349 ‘3
887 3307 919 3349 τι
938 3280 1027 3350 ἐστὶν
1046 3278 1072 3348 ώ
1091 3287 1242 3367 Πασίων,

204 3390 250 3456 θό
274 3405 310 3456 σε
334 3389 474 3474 έρώτώ’;
504 3386 573 3476 (καί
602 3389 647 3473 μά
674 3390 733 3454 τὸν
755 3391 824 3452 Δία
852 3386 907 3455 καὶ
934 3390 993 3455 τὸν
1013 3385 1159 3455 ’Λπόλλω
1186 3389 1242 3455 καὶ

232 3496 292 3580 τὴν
315 3496 488 3583 Λῆμητρα,
512 3493 553 3560 οὐ
571 3495 736 3578 φείσομαι
753 3494 835 3579 πρὸς
852 3493 938 3578 ὑμᾶς
959 3488 985 3560 ώ
1009 3495 1128 3579 ἀνδρες
1150 3495 1242 3561 δικα-

901 3649 918 3702 θ
