2658 3922
220 187 287 256 266
531 193 614 244 ενα.
638 189 917 243 mmmmm

217 348 340 437 πρᾶγμ’
367 346 394 415 ὦ
417 351 537 438 ἄνδρες
559 347 746 440 Ἀθηναῖοι)
774 351 951 436 δημαρχῶν
974 347 993 415 ὁ
1015 347 1248 434 Εὐβουλίδου

218 458 342 542 πατὴρ,
364 456 473 543 ὥσπερ
496 452 607 540 εἷπον,
630 454 831 543 Ἀντίφιλος,
859 455 1004 541 τεχνάζει
1021 453 1249 538 ’βουλόμενος

218 561 307 647 παρά
323 585 426 628 τινων
445 565 560 646 λαβεῖν
578 561 752 649 ἀργύριον,
774 559 829 628 καὶ
852 553 914 647 ἔφη
937 561 975 626 τὸ
993 559 1108 625 κοινὸν
1126 581 1246 644 γραμ-

218 677 352 750 ματεῖον
375 667 597 752 ἀπολωλέναι,
623 664 700 733 ὥστ’
728 671 835 734 ἔπεισε
863 669 1132 752 διαψηφίσασθαι
1152 665 1247 740 τοὺς

213 769 445 858 Ἁλιμουσίους
473 772 549 860 περὶ
579 773 706 858 αὑτῶν,
740 771 795 840 καὶ
828 782 1021 859 κατηγορῶν
1054 767 1134 836 δέκα
1161 780 1244 835 τῶν

219 879 371 963 δημοτῶν
394 877 558 964 ἐξέβαλεν,
582 879 641 956 οῦς
662 880 810 956 ἅπαντας
829 881 916 963 πλὴν
940 876 1015 954 ἑνὸς
1036 872 1242 953 κατεδέξατο

217 984 255 1049 τὸ
278 985 501 1071 δικαστήριον.
545 983 600 1050 καὶ
623 995 725 1051 ταῦτα
751 986 871 1062 πάντες
900 991 1010 1050 ἴσασιν
1032 982 1068 1048 ολ
1086 984 1243 1068 πρεσβύ-

178 1106 204 1146 ει
217 1112 315 1174 τεροι
359 1097 487 1158 πολλοῦ
514 1087 545 1175 γ’
576 1093 672 1158 ἔδεόν
703 1114 796 1169 τινας
827 1091 1055 1175 ἐγκαταλιπεῖν
1085 1099 1154 1154 τῶν
1187 1090 1239 1173 μὴ

213 1192 421 1282 Ἀθηναίων,
450 1197 535 1263 ὅπου
557 1194 613 1262 καλ
639 1199 717 1274 τοὺς
745 1197 844 1272 ὄντας
871 1198 1006 1271 πολίτας
1034 1194 1238 1278 συνιστάμε-

216 1325 271 1367 νοι
294 1298 461 1386 ἐξέβαλον,
484 1302 543 1379 οὓς
564 1303 602 1368 τὸ
626 1303 839 1387 δικαστήριον
861 1298 1063 1378 κατεδέξατο.
1103 1297 1160 1364 καὶ
1180 1299 1237 1364 ὢν

218 1405 339 1492 ἐχθρὸς
367 1416 413 1494 τςό
444 1407 511 1495 ἐμῷ
540 1405 639 1493 πατρὶ
668 1405 734 1473 τότ’
766 1405 808 1474 ον’
843 1410 949 1491 μόνον
977 1406 1019 1472 ού
1048 1408 1236 1491 κατηγόρη-

218 1529 288 1596 σεν,
309 1510 381 1578 ἀλλ’
409 1509 488 1578 οὐδὲ
514 1514 577 1596 τὴν
603 1521 718 1599 ψῆφον
744 1515 883 1598 ἤνεγκεν
910 1511 956 1589 ὡς
982 1510 1045 1578 οὐκ
1070 1507 1113 1596 ἧν
1132 1505 1237 1596 Ἀθη-

217 1627 319 1694 ναίος.
362 1626 407 1705 τῷ
436 1628 535 1684 τοῦτο
566 1619 685 1701 δῆλονς
715 1618 767 1684 ὅτι
796 1617 936 1694 άπάσαις
965 1615 1057 1696 ἔδοξε
1086 1618 1235 1702 δημότης

218 1717 313 1787 εἶναι.
361 1720 417 1787 καὶ
448 1727 484 1789 τί
511 1725 566 1789 δεῖ
593 1721 670 1808 περὶ
704 1734 772 1789 τῶν
802 1722 954 1809 πατέρων
986 1720 1113 1807 λέγειν;
1151 1721 1230 1789 ἀλλ’
1242 1734 1292 1786 1318

217 1827 430 1912 Εὐβουλίδης
458 1829 558 1906 αὐτὸς
588 1829 705 1896 οὑτοσί
710 1878 721 1914 ,
748 1825 837 1914 ἡνίκ’
865 1828 1052 1915 ἐνεγράφην
1081 1827 1147 1913 ἐγὼ
1176 1829 1232 1896 καὶ

219 1933 399 2019 ὀμόσαντες
421 1934 457 1999 οί
481 1935 622 2018 δημόται
649 1935 785 2012 δικαίως
810 1935 931 2011 πάντες
957 1932 1032 2020 περὶ
1060 1933 1142 2018 ἐμοῦ
1168 1937 1231 2018 τὴν

217 2047 331 2125 ψῆφον
361 2042 500 2126 ἐφερον,
529 2039 606 2106 ούτε
634 2043 860 2127 κατηγόρησεν
889 2037 962 2106 οὔτ’
990 2038 1145 2106 ἐναντίαν
1167 2042 1230 2125 τὴν

216 2154 331 2232 ψῆφον
353 2148 487 2232 ἤνεγκε·
510 2143 647 2232 καὶγὰρ
666 2146 813 2214 ἐνταῦθα
830 2147 932 2213 πάλιν
950 2168 990 2232 με
1008 2147 1128 2224 πάντες
1150 2146 1229 2232 ἐψη-

217 2247 357 2338 φίσαντο
386 2254 540 2338 δημότην.
587 2250 643 2318 καὶ
669 2259 705 2318 εί
726 2257 812 2338 φασί
840 2275 880 2337 με
906 2262 1005 2320 τοῦτο
1031 2254 1227 2338 ψεύδεσθαι,

218 2356 270 2423 ἐπὶ
293 2367 353 2424 τοῦ
377 2357 458 2443 ἐμοῦ
480 2358 602 2436 ύδατος
630 2358 719 2436 ὅστις
745 2359 900 2442 βούλεται
921 2360 1049 2424 τούτων
1070 2357 1227 2426 τάναντία

180 2481 206 2522 ⁶2
220 2459 467 2550 μαρτυρησάτω.
513 2466 544 2530 ελ
576 2468 693 2530 τοίνυν
722 2459 748 2528 ὦ
779 2465 898 2551 ἄνδρες
923 2461 1097 2549 Ἀθηναῖοι
1129 2476 1226 2532 τοῦτο

218 2569 377 2635 δοκοῦσιν
405 2564 498 2635 οὗτοι
525 2568 635 2652 λέγειν
661 2566 789 2654 μάλιστ’
818 2571 971 2656 ἰσχυρόν,
998 2571 1043 2648 ὡς
1065 2569 1226 2657 ἀπεψηφί-

218 2677 318 2739 σαντό
342 2695 408 2758 μου
434 2683 499 2740 νῦν
527 2675 563 2741 oc
581 2677 737 2760 δημόται,
765 2674 829 2759 ἐγὼ
855 2677 1004 2762 τετράκις
1031 2675 1224 2753 ἐπιδεικνύω

217 2782 398 2865 πρότερον,
438 2777 494 2846 ὅδ’
535 2781 635 2859 ὁσίως
669 2782 751 2846 άνευ
788 2782 975 2859 συστάσεως
1010 2781 1225 2868 ἐψηφίσαντο,

217 2882 272 2950 καλ
295 2880 352 2968 ἐμὲ
374 2882 429 2949 καὶ
451 2886 512 2951 τὸν
533 2884 657 2971 πατέρα
670 2888 820 2971 δημότας
841 2887 953 2953 αὑτῶν
975 2883 1061 2954 εἶναι
1082 2898 1225 2973 ψηφισα-

217 2989 356 3075 μένους,
388 3001 521 3075 πρῶτον
551 2990 611 3076 μέν
645 3015 683 3076 γε
712 3001 772 3058 τοῦ
806 2995 929 3078 πατρὸς
957 2991 1225 3079 δοκιμασθέντος,

217 3092 274 3162 εἶτ’
302 3095 399 3181 ἐμοῦ,
421 3091 480 3162 εἶτ’
504 3096 543 3162 ἐν
565 3107 605 3184 τῇ
627 3097 771 3186 προτέρᾳ
794 3100 1004 3184 διαψηφίσει,
1032 3095 1082 3164 ὅτ’
1107 3100 1225 3184 ἠφάνι-

217 3218 280 3266 σαν
304 3197 396 3268 οὗτοι
418 3204 455 3268 τὸ
483 3217 722 3288 γραμματεῖον·
749 3206 787 3271 τὸ
815 3202 853 3270 δὲ
879 3209 1067 3271 τελευταῖον
1092 3210 1224 3291 τροκρί·

216 3305 332 3385 ναντές
358 3305 394 3392 μ’
426 3306 624 3393 ἐψηφίσαντ’
656 3308 693 3375 ἐν
720 3321 790 3386 τοῖς
816 3309 1061 3393 εὐγενεστάτοις
1086 3315 1221 3397 κληροῦ-

217 3417 299 3479 σδαι
327 3423 386 3498 της
415 3414 596 3500 ἱερωσύνης
624 3423 669 3503 τῷ
695 3412 860 3502 Ἡρακλεῖ.
901 3409 971 3481 καὶι
986 3425 1089 3482 ταῦτα
1118 3417 1221 3484 πάντα

217 3521 471 3606 μεμαρτύρηται.
