<?xml version="1.0" encoding="UTF-8"?>
<!DOCTYPE html PUBLIC "-//W3C//DTD XHTML 1.0 Transitional//EN"
    "http://www.w3.org/TR/xhtml1/DTD/xhtml1-transitional.dtd">
<html xmlns="http://www.w3.org/1999/xhtml" xml:lang="en" lang="en">
 <head>
  <title>
</title>
<meta http-equiv="Content-Type" content="text/html;charset=utf-8" />
  <meta name='ocr-system' content='tesseract 3.04.00' />
  <meta name='ocr-capabilities' content='ocr_page ocr_carea ocr_par ocr_line ocrx_word'/>
</head>
<body>
  <div class='ocr_page' id='page_1' title='image "./orationes01demogoog_0183.png"; bbox 0 0 2654 3926; ppageno 0'>
   <div class='ocr_carea' id='block_1_1' title="bbox 182 177 869 242">
    <p class='ocr_par' dir='ltr' id='par_1_1' title="bbox 182 177 869 242">
     <span class='ocr_line' id='line_1_1' title="bbox 182 177 869 242; baseline -0.009 -8"><span class='ocrx_word' id='word_1_1' title='bbox 182 177 225 242; x_wconf 90' lang='grc'><strong><em>90</em></strong></span> <span class='ocrx_word' id='word_1_2' title='bbox 490 181 571 232; x_wconf 88' lang='lat' dir='ltr'>XLV.</span> <span class='ocrx_word' id='word_1_3' title='bbox 590 177 869 230; x_wconf 79' lang='grc' dir='ltr'><strong>ΔΗΜΟΣΘΕΝΟΤΣ</strong></span> 
     </span>
    </p>
   </div>
   <div class='ocr_carea' id='block_1_2' title="bbox 139 329 1325 3582">
    <p class='ocr_par' dir='ltr' id='par_1_2' title="bbox 139 329 1325 3582">
     <span class='ocr_line' id='line_1_2' title="bbox 139 329 1189 422; baseline -0.006 -18"><span class='ocrx_word' id='word_1_4' title='bbox 139 354 164 394; x_wconf 69' lang='lat'><strong><em>7⁷</em></strong></span> <span class='ocrx_word' id='word_1_5' title='bbox 180 337 360 415; x_wconf 81' lang='grc' dir='ltr'><strong><em>ἐπιδείξων.</em></strong></span> <span class='ocrx_word' id='word_1_6' title='bbox 398 337 462 420; x_wconf 81' lang='grc' dir='ltr'><strong><em>ἐγὼ</em></strong></span> <span class='ocrx_word' id='word_1_7' title='bbox 481 335 514 403; x_wconf 92' lang='grc' dir='ltr'><strong><em>δ’</em></strong></span> <span class='ocrx_word' id='word_1_8' title='bbox 536 333 562 401; x_wconf 82' lang='grc' dir='ltr'>ὦ</span> <span class='ocrx_word' id='word_1_9' title='bbox 586 339 705 422; x_wconf 82' lang='grc' dir='ltr'><strong><em>ἀνδρες</em></strong></span> <span class='ocrx_word' id='word_1_10' title='bbox 724 333 897 421; x_wconf 80' lang='grc' dir='ltr'><strong><em>Ἀθηναῖοι</em></strong></span> <span class='ocrx_word' id='word_1_11' title='bbox 918 343 976 418; x_wconf 79' lang='grc' dir='ltr'><strong><em>της</em></strong></span> <span class='ocrx_word' id='word_1_12' title='bbox 998 329 1059 417; x_wconf 70' lang='grc' dir='ltr'><strong><em>μέν</em></strong></span> <span class='ocrx_word' id='word_1_13' title='bbox 1076 335 1189 412; x_wconf 77' lang='grc' dir='ltr'><strong><em>’ὅψεως</em></strong></span> 
     </span>
     <span class='ocr_line' id='line_1_3' title="bbox 178 438 1189 530; baseline -0.006 -20"><span class='ocrx_word' id='word_1_14' title='bbox 178 454 217 529; x_wconf 76' lang='grc' dir='ltr'><strong><em>τῇ</em></strong></span> <span class='ocrx_word' id='word_1_15' title='bbox 240 444 339 528; x_wconf 91' lang='grc' dir='ltr'><strong><em>φύσει</em></strong></span> <span class='ocrx_word' id='word_1_16' title='bbox 361 441 416 507; x_wconf 83' lang='grc' dir='ltr'><strong><em>καὶ</em></strong></span> <span class='ocrx_word' id='word_1_17' title='bbox 430 451 483 530; x_wconf 74' lang='grc' dir='ltr'><strong><em>τῷ</em></strong></span> <span class='ocrx_word' id='word_1_18' title='bbox 507 441 629 528; x_wconf 83' lang='grc' dir='ltr'><strong><em>ταχέως</em></strong></span> <span class='ocrx_word' id='word_1_19' title='bbox 650 443 796 526; x_wconf 79' lang='grc' dir='ltr'><em>βαδίζειν</em></span> <span class='ocrx_word' id='word_1_20' title='bbox 818 439 873 507; x_wconf 83' lang='grc' dir='ltr'><strong><em>καὶ</em></strong></span> <span class='ocrx_word' id='word_1_21' title='bbox 895 445 1009 506; x_wconf 86' lang='grc' dir='ltr'><strong><em>λαλείν</em></strong></span> <span class='ocrx_word' id='word_1_22' title='bbox 1031 438 1125 524; x_wconf 84' lang='grc' dir='ltr'><strong><em>μέγα,</em></strong></span> <span class='ocrx_word' id='word_1_23' title='bbox 1148 439 1189 504; x_wconf 89' lang='grc' dir='ltr'><strong><em>ού</em></strong></span> 
     </span>
     <span class='ocr_line' id='line_1_4' title="bbox 178 537 1189 633; baseline -0.004 -21"><span class='ocrx_word' id='word_1_24' title='bbox 178 559 244 612; x_wconf 79' lang='grc' dir='ltr'><strong><em>τῶν</em></strong></span> <span class='ocrx_word' id='word_1_25' title='bbox 272 547 416 633; x_wconf 80' lang='grc' dir='ltr'><em>εὐτυχῶς</em></span> <span class='ocrx_word' id='word_1_26' title='bbox 441 551 636 632; x_wconf 80' lang='grc' dir='ltr'><strong><em>πεφυκότων</em></strong></span> <span class='ocrx_word' id='word_1_27' title='bbox 660 546 802 631; x_wconf 80' lang='grc' dir='ltr'><strong><em>ἐμαυτὸν</em></strong></span> <span class='ocrx_word' id='word_1_28' title='bbox 829 549 946 632; x_wconf 87' lang='grc' dir='ltr'><strong><em>κρίνω·</em></strong></span> <span class='ocrx_word' id='word_1_29' title='bbox 974 542 1027 629; x_wconf 79' lang='grc' dir='ltr'><strong><em>ἐφ’</em></strong></span> <span class='ocrx_word' id='word_1_30' title='bbox 1054 537 1103 621; x_wconf 88' lang='grc' dir='ltr'><strong><em>οἷς</em></strong></span> <span class='ocrx_word' id='word_1_31' title='bbox 1125 545 1189 628; x_wconf 86' lang='grc' dir='ltr'><strong><em>γάρ</em></strong></span> 
     </span>
     <span class='ocr_line' id='line_1_5' title="bbox 179 649 1190 738; baseline -0.005 -19"><span class='ocrx_word' id='word_1_32' title='bbox 179 649 278 719; x_wconf 71' lang='grc' dir='ltr'><strong><em>οὐδὲν</em></strong></span> <span class='ocrx_word' id='word_1_33' title='bbox 307 653 538 737; x_wconf 78' lang='grc' dir='ltr'><strong><em>ὠφελούμενος</em></strong></span> <span class='ocrx_word' id='word_1_34' title='bbox 565 657 657 718; x_wconf 80' lang='grc' dir='ltr'><strong><em>λυπῶ</em></strong></span> <span class='ocrx_word' id='word_1_35' title='bbox 684 677 791 738; x_wconf 89' lang='grc' dir='ltr'><strong><em>τινας,</em></strong></span> <span class='ocrx_word' id='word_1_36' title='bbox 819 655 953 719; x_wconf 81' lang='grc' dir='ltr'><strong><em>ἔλαττον</em></strong></span> <span class='ocrx_word' id='word_1_37' title='bbox 982 655 1045 737; x_wconf 75' lang='grc' dir='ltr'><strong><em>ἔχω</em></strong></span> <span class='ocrx_word' id='word_1_38' title='bbox 1068 655 1190 716; x_wconf 90' lang='grc' dir='ltr'><strong><em>πολλα-</em></strong></span> 
     </span>
     <span class='ocr_line' id='line_1_6' title="bbox 178 755 1191 846; baseline -0.004 -23"><span class='ocrx_word' id='word_1_39' title='bbox 178 768 253 843; x_wconf 86' lang='grc' dir='ltr'><strong><em>χοῦ·</em></strong></span> <span class='ocrx_word' id='word_1_40' title='bbox 276 767 321 846; x_wconf 73' lang='grc' dir='ltr'><strong><em>τῷ</em></strong></span> <span class='ocrx_word' id='word_1_41' title='bbox 350 757 463 843; x_wconf 89' lang='grc' dir='ltr'><strong><em>μέντοι</em></strong></span> <span class='ocrx_word' id='word_1_42' title='bbox 489 757 620 844; x_wconf 88' lang='grc' dir='ltr'><strong><em>μέτριος</em></strong></span> <span class='ocrx_word' id='word_1_43' title='bbox 647 759 728 824; x_wconf 86' lang='grc' dir='ltr'><strong><em>κατά</em></strong></span> <span class='ocrx_word' id='word_1_44' title='bbox 754 760 860 835; x_wconf 91' lang='grc' dir='ltr'><strong><em>πάσας</em></strong></span> <span class='ocrx_word' id='word_1_45' title='bbox 885 759 944 835; x_wconf 88' lang='grc' dir='ltr'><strong><em>τδις</em></strong></span> <span class='ocrx_word' id='word_1_46' title='bbox 969 759 1017 834; x_wconf 86' lang='grc' dir='ltr'><strong><em>είς</em></strong></span> <span class='ocrx_word' id='word_1_47' title='bbox 1046 755 1191 839; x_wconf 87' lang='grc' dir='ltr'><strong><em>έμαυτὸν</em></strong></span> 
     </span>
     <span class='ocr_line' id='line_1_7' title="bbox 180 860 1325 948; baseline -0.005 -20"><span class='ocrx_word' id='word_1_48' title='bbox 180 864 328 940; x_wconf 79' lang='grc' dir='ltr'><strong><em>δαπάνας</em></strong></span> <span class='ocrx_word' id='word_1_49' title='bbox 349 860 451 948; x_wconf 80' lang='grc' dir='ltr'><strong><em>εἶναι,</em></strong></span> <span class='ocrx_word' id='word_1_50' title='bbox 480 867 566 930; x_wconf 84' lang='grc' dir='ltr'><strong><em>πολὺ</em></strong></span> <span class='ocrx_word' id='word_1_51' title='bbox 588 866 709 930; x_wconf 90' lang='grc' dir='ltr'><strong><em>τούτου</em></strong></span> <span class='ocrx_word' id='word_1_52' title='bbox 732 863 787 929; x_wconf 83' lang='grc' dir='ltr'><strong><em>καὶ</em></strong></span> <span class='ocrx_word' id='word_1_53' title='bbox 809 866 970 930; x_wconf 83' lang='grc' dir='ltr'><strong><em>τοιούτων</em></strong></span> <span class='ocrx_word' id='word_1_54' title='bbox 994 861 1114 948; x_wconf 80' lang='grc' dir='ltr'><strong><em>ἑτέρων</em></strong></span> <span class='ocrx_word' id='word_1_55' title='bbox 1137 861 1271 926; x_wconf 71' lang='grc' dir='ltr'><strong><em>τάν-1125</em></strong></span> <span class='ocrx_word' id='word_1_56' title='bbox 1324 864 1325 868; x_wconf 74' lang='grc'><strong><em>’</em></strong></span> 
     </span>
     <span class='ocr_line' id='line_1_8' title="bbox 139 965 1191 1055; baseline -0.003 -22"><span class='ocrx_word' id='word_1_57' title='bbox 139 972 374 1055; x_wconf 61' lang='grc' dir='ltr'><strong><em>ἀτακτότερον</em></strong></span> <span class='ocrx_word' id='word_1_58' title='bbox 397 972 460 1048; x_wconf 81' lang='grc' dir='ltr'><strong><em>ζῶν</em></strong></span> <span class='ocrx_word' id='word_1_59' title='bbox 483 969 524 1035; x_wconf 87' lang='grc' dir='ltr'><strong><em>ἀν</em></strong></span> <span class='ocrx_word' id='word_1_60' title='bbox 547 973 697 1054; x_wconf 81' lang='grc' dir='ltr'><strong><em>φανείην.</em></strong></span> <span class='ocrx_word' id='word_1_61' title='bbox 742 971 782 1036; x_wconf 84' lang='grc' dir='ltr'><strong><em>τά</em></strong></span> <span class='ocrx_word' id='word_1_62' title='bbox 805 968 836 1035; x_wconf 92' lang='grc' dir='ltr'><strong><em>δ’</em></strong></span> <span class='ocrx_word' id='word_1_63' title='bbox 862 972 909 1046; x_wconf 91' lang='grc' dir='ltr'><strong><em>είς</em></strong></span> <span class='ocrx_word' id='word_1_64' title='bbox 930 970 992 1054; x_wconf 80' lang='grc' dir='ltr'><strong><em>την</em></strong></span> <span class='ocrx_word' id='word_1_65' title='bbox 1014 971 1113 1033; x_wconf 86' lang='grc' dir='ltr'><strong><em>πόλιν</em></strong></span> <span class='ocrx_word' id='word_1_66' title='bbox 1136 965 1191 1031; x_wconf 88' lang='grc' dir='ltr'><strong><em>καὶ</em></strong></span> 
     </span>
     <span class='ocr_line' id='line_1_9' title="bbox 179 1072 1191 1160; baseline -0.002 -21"><span class='ocrx_word' id='word_1_67' title='bbox 179 1072 230 1140; x_wconf 82' lang='grc' dir='ltr'><strong><em>ὅσ’</em></strong></span> <span class='ocrx_word' id='word_1_68' title='bbox 256 1077 303 1152; x_wconf 89' lang='grc' dir='ltr'><strong><em>είς</em></strong></span> <span class='ocrx_word' id='word_1_69' title='bbox 325 1075 426 1159; x_wconf 83' lang='grc' dir='ltr'><strong><em>ὑμᾶς,</em></strong></span> <span class='ocrx_word' id='word_1_70' title='bbox 450 1075 495 1152; x_wconf 84' lang='grc' dir='ltr'><strong><em>ὡς</em></strong></span> <span class='ocrx_word' id='word_1_71' title='bbox 517 1076 662 1160; x_wconf 88' lang='grc' dir='ltr'><strong><em>δύναμαι</em></strong></span> <span class='ocrx_word' id='word_1_72' title='bbox 685 1073 907 1160; x_wconf 85' lang='grc' dir='ltr'><strong><em>λαμπρόταθ’,</em></strong></span> <span class='ocrx_word' id='word_1_73' title='bbox 929 1076 974 1152; x_wconf 82' lang='grc' dir='ltr'><strong><em>ὡς</em></strong></span> <span class='ocrx_word' id='word_1_74' title='bbox 995 1075 1089 1158; x_wconf 80' lang='grc' dir='ltr'><strong><em>ὑμεῖς</em></strong></span> <span class='ocrx_word' id='word_1_75' title='bbox 1112 1075 1191 1138; x_wconf 89' lang='grc' dir='ltr'><strong><em>σύν-</em></strong></span> 
     </span>
     <span class='ocr_line' id='line_1_10' title="bbox 180 1177 1224 1267; baseline -0.003 -21"><span class='ocrx_word' id='word_1_76' title='bbox 180 1197 266 1265; x_wconf 86' lang='grc' dir='ltr'><strong><em>ιστε,</em></strong></span> <span class='ocrx_word' id='word_1_77' title='bbox 295 1193 394 1248; x_wconf 83' lang='grc' dir='ltr'><strong><em>ποιῶ·</em></strong></span> <span class='ocrx_word' id='word_1_78' title='bbox 427 1181 468 1247; x_wconf 89' lang='grc' dir='ltr'><strong><em>ού</em></strong></span> <span class='ocrx_word' id='word_1_79' title='bbox 494 1182 558 1267; x_wconf 84' lang='grc' dir='ltr'><strong><em>γάρ</em></strong></span> <span class='ocrx_word' id='word_1_80' title='bbox 585 1181 696 1265; x_wconf 80' lang='grc' dir='ltr'><strong><em>ἀγνοῶ</em></strong></span> <span class='ocrx_word' id='word_1_81' title='bbox 723 1179 821 1248; x_wconf 85' lang='grc' dir='ltr'><strong><em>τοῦθ’</em></strong></span> <span class='ocrx_word' id='word_1_82' title='bbox 847 1182 897 1246; x_wconf 85' lang='grc' dir='ltr'><strong><em>ὅτι</em></strong></span> <span class='ocrx_word' id='word_1_83' title='bbox 923 1191 993 1258; x_wconf 76' lang='grc' dir='ltr'><strong><em>τοῖς</em></strong></span> <span class='ocrx_word' id='word_1_84' title='bbox 1019 1177 1080 1264; x_wconf 72' lang='grc' dir='ltr'><strong><em>μὲν</em></strong></span> <span class='ocrx_word' id='word_1_85' title='bbox 1102 1177 1191 1262; x_wconf 91' lang='grc' dir='ltr'><strong><em>γένει</em></strong></span> <span class='ocrx_word' id='word_1_86' title='bbox 1220 1230 1224 1236; x_wconf 85' lang='grc'><strong><em>.</em></strong></span> 
     </span>
     <span class='ocr_line' id='line_1_11' title="bbox 178 1285 1191 1373; baseline -0.005 -21"><span class='ocrx_word' id='word_1_87' title='bbox 178 1291 327 1364; x_wconf 81' lang='grc' dir='ltr'><strong><em>πολίταις</em></strong></span> <span class='ocrx_word' id='word_1_88' title='bbox 353 1288 434 1371; x_wconf 85' lang='grc' dir='ltr'><strong><em>ὑμίν</em></strong></span> <span class='ocrx_word' id='word_1_89' title='bbox 465 1288 581 1353; x_wconf 79' lang='grc' dir='ltr'><strong><em>ἱκανόν</em></strong></span> <span class='ocrx_word' id='word_1_90' title='bbox 611 1285 706 1368; x_wconf 80' lang='grc' dir='ltr'><strong><em>[ἐστι]</em></strong></span> <span class='ocrx_word' id='word_1_91' title='bbox 735 1291 930 1373; x_wconf 74' lang='grc' dir='ltr'><strong><em>λῃτουργεῖν</em></strong></span> <span class='ocrx_word' id='word_1_92' title='bbox 958 1286 1003 1362; x_wconf 82' lang='grc' dir='ltr'><strong><em>ὡς</em></strong></span> <span class='ocrx_word' id='word_1_93' title='bbox 1032 1288 1067 1352; x_wconf 76' lang='grc' dir='ltr'><strong><em>οδ</em></strong></span> <span class='ocrx_word' id='word_1_94' title='bbox 1092 1287 1191 1367; x_wconf 87' lang='grc' dir='ltr'><strong><em>νόμοι</em></strong></span> 
     </span>
     <span class='ocr_line' id='line_1_12' title="bbox 179 1388 1192 1476; baseline -0.001 -20"><span class='ocrx_word' id='word_1_95' title='bbox 179 1393 429 1476; x_wconf 78' lang='grc' dir='ltr'><strong><em>προστάττουσι,</em></strong></span> <span class='ocrx_word' id='word_1_96' title='bbox 451 1395 528 1468; x_wconf 88' lang='grc' dir='ltr'><strong><em>τοὺς</em></strong></span> <span class='ocrx_word' id='word_1_97' title='bbox 551 1388 589 1457; x_wconf 70' lang='grc' dir='ltr'><strong><em>δὲ</em></strong></span> <span class='ocrx_word' id='word_1_98' title='bbox 610 1395 766 1476; x_wconf 77' lang='grc' dir='ltr'><strong><em>ποιητοὺς</em></strong></span> <span class='ocrx_word' id='word_1_99' title='bbox 786 1392 883 1476; x_wconf 76' lang='grc' dir='ltr'><strong><em>ἡμᾶς,</em></strong></span> <span class='ocrx_word' id='word_1_100' title='bbox 904 1393 949 1468; x_wconf 81' lang='grc' dir='ltr'><strong><em>ὡς</em></strong></span> <span class='ocrx_word' id='word_1_101' title='bbox 971 1391 1192 1466; x_wconf 77' lang='grc' dir='ltr'><strong><em>ἀποδιδόντας</em></strong></span> 
     </span>
     <span class='ocr_line' id='line_1_13' title="bbox 179 1497 1190 1584; baseline 0.001 -24"><span class='ocrx_word' id='word_1_102' title='bbox 179 1497 292 1582; x_wconf 80' lang='grc' dir='ltr'><strong><em>χάριν,</em></strong></span> <span class='ocrx_word' id='word_1_103' title='bbox 320 1498 406 1563; x_wconf 79' lang='grc' dir='ltr'><strong><em>οὕτω</em></strong></span> <span class='ocrx_word' id='word_1_104' title='bbox 434 1499 591 1582; x_wconf 76' lang='grc' dir='ltr'><strong><em>προσήκει</em></strong></span> <span class='ocrx_word' id='word_1_105' title='bbox 618 1501 799 1582; x_wconf 86' lang='grc' dir='ltr'><strong><em>φαίνεσθαι</em></strong></span> <span class='ocrx_word' id='word_1_106' title='bbox 827 1503 1101 1584; x_wconf 87' lang='grc' dir='ltr'><strong><em>λητονργοῦντας.</em></strong></span> <span class='ocrx_word' id='word_1_107' title='bbox 1146 1498 1190 1580; x_wconf 77' lang='grc' dir='ltr'><strong><em>μὴ</em></strong></span> 
     </span>
     <span class='ocr_line' id='line_1_14' title="bbox 180 1595 1191 1689; baseline 0 -22"><span class='ocrx_word' id='word_1_108' title='bbox 180 1596 243 1667; x_wconf 87' lang='grc' dir='ltr'><strong><em>ούν</em></strong></span> <span class='ocrx_word' id='word_1_109' title='bbox 260 1626 317 1685; x_wconf 92' lang='grc' dir='ltr'><strong><em>μοι</em></strong></span> <span class='ocrx_word' id='word_1_110' title='bbox 339 1601 430 1668; x_wconf 89' lang='grc' dir='ltr'><strong><em>ταῦτ’</em></strong></span> <span class='ocrx_word' id='word_1_111' title='bbox 451 1603 602 1686; x_wconf 79' lang='grc' dir='ltr'><strong><em>ὀνείδιζε,</em></strong></span> <span class='ocrx_word' id='word_1_112' title='bbox 625 1601 677 1688; x_wconf 79' lang='grc' dir='ltr'><strong><em>ἐφ’</em></strong></span> <span class='ocrx_word' id='word_1_113' title='bbox 699 1595 749 1679; x_wconf 85' lang='grc' dir='ltr'><strong><em>οἷς</em></strong></span> <span class='ocrx_word' id='word_1_114' title='bbox 767 1603 904 1669; x_wconf 88' lang='grc' dir='ltr'><strong><em>ε’παίνου</em></strong></span> <span class='ocrx_word' id='word_1_115' title='bbox 921 1601 1051 1689; x_wconf 82' lang='grc' dir='ltr'><strong><em>τύχοιμ’</em></strong></span> <span class='ocrx_word' id='word_1_116' title='bbox 1077 1603 1118 1668; x_wconf 84' lang='grc' dir='ltr'><strong><em>ἀν</em></strong></span> <span class='ocrx_word' id='word_1_117' title='bbox 1141 1603 1191 1667; x_wconf 86' lang='grc' dir='ltr'><strong><em>δι-</em></strong></span> 
     </span>
     <span class='ocr_line' id='line_1_15' title="bbox 141 1696 1191 1794; baseline 0.001 -23"><span class='ocrx_word' id='word_1_118' title='bbox 141 1725 167 1766; x_wconf 74' lang='grc' dir='ltr'><strong><em>τν</em></strong></span> <span class='ocrx_word' id='word_1_119' title='bbox 180 1711 289 1783; x_wconf 90' lang='grc' dir='ltr'><strong><em>καίως.</em></strong></span> <span class='ocrx_word' id='word_1_120' title='bbox 330 1707 414 1772; x_wconf 86' lang='grc' dir='ltr'><strong><em>ἀλλά</em></strong></span> <span class='ocrx_word' id='word_1_121' title='bbox 439 1706 504 1773; x_wconf 90' lang='grc' dir='ltr'><strong><em>τίν’</em></strong></span> <span class='ocrx_word' id='word_1_122' title='bbox 530 1703 556 1773; x_wconf 79' lang='grc' dir='ltr'><strong>ὦ</strong></span> <span class='ocrx_word' id='word_1_123' title='bbox 585 1696 745 1793; x_wconf 87' lang='grc' dir='ltr'><strong><em>Φορμίων</em></strong></span> <span class='ocrx_word' id='word_1_124' title='bbox 772 1719 839 1775; x_wconf 81' lang='grc' dir='ltr'><strong><em>τῶν</em></strong></span> <span class='ocrx_word' id='word_1_125' title='bbox 866 1715 1011 1776; x_wconf 80' lang='grc' dir='ltr'><strong><em>πολιτῶν</em></strong></span> <span class='ocrx_word' id='word_1_126' title='bbox 1038 1706 1191 1794; x_wconf 78' lang='grc' dir='ltr'><strong><em>ἑταιρεῖν,</em></strong></span> 
     </span>
     <span class='ocr_line' id='line_1_16' title="bbox 181 1808 1193 1898; baseline 0.002 -22"><span class='ocrx_word' id='word_1_127' title='bbox 181 1813 291 1897; x_wconf 79' lang='grc' dir='ltr'><strong><em>ὥσπερ</em></strong></span> <span class='ocrx_word' id='word_1_128' title='bbox 315 1816 372 1897; x_wconf 85' lang='grc' dir='ltr'><strong><em>σὺ,</em></strong></span> <span class='ocrx_word' id='word_1_129' title='bbox 400 1817 626 1897; x_wconf 85' lang='grc' dir='ltr'><strong><em>μεμίσθωμαι;</em></strong></span> <span class='ocrx_word' id='word_1_130' title='bbox 654 1811 774 1891; x_wconf 77' lang='grc' dir='ltr'><strong><em>δεῖξον.</em></strong></span> <span class='ocrx_word' id='word_1_131' title='bbox 811 1817 885 1878; x_wconf 91' lang='grc' dir='ltr'><strong><em>τίνα</em></strong></span> <span class='ocrx_word' id='word_1_132' title='bbox 907 1822 965 1897; x_wconf 77' lang='grc' dir='ltr'><strong><em>τῆς</em></strong></span> <span class='ocrx_word' id='word_1_133' title='bbox 986 1816 1127 1898; x_wconf 89' lang='grc' dir='ltr'><strong><em>πόλεως,</em></strong></span> <span class='ocrx_word' id='word_1_134' title='bbox 1154 1808 1193 1896; x_wconf 75' lang='grc' dir='ltr'><strong><em>ἧς</em></strong></span> 
     </span>
     <span class='ocr_line' id='line_1_17' title="bbox 181 1917 1192 2004; baseline 0.001 -22"><span class='ocrx_word' id='word_1_135' title='bbox 181 1918 280 1994; x_wconf 83' lang='grc' dir='ltr'><strong><em>αὐτὸς</em></strong></span> <span class='ocrx_word' id='word_1_136' title='bbox 297 1917 458 2002; x_wconf 77' lang='grc' dir='ltr'><strong><em>ἠξιώθην,</em></strong></span> <span class='ocrx_word' id='word_1_137' title='bbox 475 1917 532 1983; x_wconf 83' lang='grc' dir='ltr'><strong><em>καὶ</em></strong></span> <span class='ocrx_word' id='word_1_138' title='bbox 549 1927 607 2003; x_wconf 76' lang='grc' dir='ltr'><strong><em>τῆς</em></strong></span> <span class='ocrx_word' id='word_1_139' title='bbox 620 1917 657 1984; x_wconf 86' lang='grc' dir='ltr'><strong><em>έν</em></strong></span> <span class='ocrx_word' id='word_1_140' title='bbox 675 1918 758 2003; x_wconf 77' lang='grc' dir='ltr'><strong><em>αὐτῇ</em></strong></span> <span class='ocrx_word' id='word_1_141' title='bbox 776 1923 961 2004; x_wconf 81' lang='grc' dir='ltr'><strong><em>παρρησίας</em></strong></span> <span class='ocrx_word' id='word_1_142' title='bbox 978 1918 1192 2004; x_wconf 80' lang='grc' dir='ltr'><strong><em>ἀπεστέρηκα,</em></strong></span> 
     </span>
     <span class='ocr_line' id='line_1_18' title="bbox 181 2019 1192 2108; baseline 0.003 -21"><span class='ocrx_word' id='word_1_143' title='bbox 181 2024 291 2108; x_wconf 85' lang='grc' dir='ltr'><strong><em>ὥσπερ</em></strong></span> <span class='ocrx_word' id='word_1_144' title='bbox 320 2026 361 2088; x_wconf 87' lang='grc' dir='ltr'><strong><em>σὺ</em></strong></span> <span class='ocrx_word' id='word_1_145' title='bbox 389 2033 508 2089; x_wconf 88' lang='grc' dir='ltr'><strong><em>τοῦτον</em></strong></span> <span class='ocrx_word' id='word_1_146' title='bbox 536 2022 575 2088; x_wconf 85' lang='grc' dir='ltr'><strong><em>δν</em></strong></span> <span class='ocrx_word' id='word_1_147' title='bbox 602 2019 823 2108; x_wconf 79' lang='grc' dir='ltr'><strong><em>κατῄσχυνας;</em></strong></span> <span class='ocrx_word' id='word_1_148' title='bbox 850 2027 940 2100; x_wconf 91' lang='grc' dir='ltr'><strong><em>τίνος</em></strong></span> <span class='ocrx_word' id='word_1_149' title='bbox 961 2036 1103 2108; x_wconf 85' lang='grc' dir='ltr'><strong><em>γυναῖκα</em></strong></span> <span class='ocrx_word' id='word_1_150' title='bbox 1126 2023 1192 2089; x_wconf 92' lang='grc' dir='ltr'><strong><em>διέ-</em></strong></span> 
     </span>
     <span class='ocr_line' id='line_1_19' title="bbox 181 2125 1257 2216; baseline 0.003 -22"><span class='ocrx_word' id='word_1_151' title='bbox 181 2135 329 2213; x_wconf 89' lang='grc' dir='ltr'><strong><em>φθαρκα,</em></strong></span> <span class='ocrx_word' id='word_1_152' title='bbox 352 2128 461 2212; x_wconf 83' lang='grc' dir='ltr'><strong><em>ὥσπερ</em></strong></span> <span class='ocrx_word' id='word_1_153' title='bbox 485 2129 527 2192; x_wconf 87' lang='grc' dir='ltr'><strong><em>σὺ</em></strong></span> <span class='ocrx_word' id='word_1_154' title='bbox 548 2129 631 2212; x_wconf 89' lang='grc' dir='ltr'><strong><em>πρὸς</em></strong></span> <span class='ocrx_word' id='word_1_155' title='bbox 653 2132 790 2204; x_wconf 78' lang='grc' dir='ltr'><strong><em>πολλαῖς</em></strong></span> <span class='ocrx_word' id='word_1_156' title='bbox 812 2129 928 2207; x_wconf 88' lang='grc' dir='ltr'><strong><em>ἀλλαις</em></strong></span> <span class='ocrx_word' id='word_1_157' title='bbox 950 2130 1089 2215; x_wconf 86' lang='grc' dir='ltr'><strong><em>ταύτην,</em></strong></span> <span class='ocrx_word' id='word_1_158' title='bbox 1111 2125 1133 2216; x_wconf 75' lang='grc' dir='ltr'><em>ᾗ</em></span> <span class='ocrx_word' id='word_1_159' title='bbox 1154 2133 1191 2196; x_wconf 88' lang='grc' dir='ltr'><strong><em>τὸ</em></strong></span> <span class='ocrx_word' id='word_1_160' title='bbox 1252 2191 1257 2196; x_wconf 93' lang='grc'><strong><em>.</em></strong></span> 
     </span>
     <span class='ocr_line' id='line_1_20' title="bbox 181 2229 1193 2322; baseline 0.002 -22"><span class='ocrx_word' id='word_1_161' title='bbox 181 2232 282 2319; x_wconf 79' lang='grc' dir='ltr'><strong><em>μνῆμ’</em></strong></span> <span class='ocrx_word' id='word_1_162' title='bbox 312 2229 498 2322; x_wconf 65' lang='grc' dir='ltr'><strong><em>ᾤκοδόμηά</em></strong></span> <span class='ocrx_word' id='word_1_163' title='bbox 523 2232 542 2298; x_wconf 87' lang='grc' dir='ltr'>ὁ</span> <span class='ocrx_word' id='word_1_164' title='bbox 571 2238 664 2310; x_wconf 79' lang='grc' dir='ltr'><strong><em>θεοῖς</em></strong></span> <span class='ocrx_word' id='word_1_165' title='bbox 693 2232 813 2319; x_wconf 79' lang='grc' dir='ltr'><strong><em>ἐχθρὸς</em></strong></span> <span class='ocrx_word' id='word_1_166' title='bbox 841 2229 937 2311; x_wconf 83' lang='grc' dir='ltr'><strong><em>οὗτος</em></strong></span> <span class='ocrx_word' id='word_1_167' title='bbox 965 2240 1106 2320; x_wconf 91' lang='grc' dir='ltr'><strong><em>πλησίον</em></strong></span> <span class='ocrx_word' id='word_1_168' title='bbox 1132 2247 1193 2302; x_wconf 87' lang='grc' dir='ltr'><strong><em>τοῦ</em></strong></span> 
     </span>
     <span class='ocr_line' id='line_1_21' title="bbox 181 2337 1192 2424; baseline 0.001 -19"><span class='ocrx_word' id='word_1_169' title='bbox 181 2349 238 2424; x_wconf 77' lang='grc' dir='ltr'><strong><em>τῆς</em></strong></span> <span class='ocrx_word' id='word_1_170' title='bbox 266 2341 457 2423; x_wconf 86' lang='grc' dir='ltr'><strong><em>δεσποίνης,</em></strong></span> <span class='ocrx_word' id='word_1_171' title='bbox 485 2337 663 2422; x_wconf 85' lang='grc' dir='ltr'><strong><em>ἀνηλωκὼς</em></strong></span> <span class='ocrx_word' id='word_1_172' title='bbox 689 2337 791 2405; x_wconf 88' lang='grc' dir='ltr'><strong><em>πλέον</em></strong></span> <span class='ocrx_word' id='word_1_173' title='bbox 818 2339 838 2423; x_wconf 77' lang='grc' dir='ltr'>ἢ</span> <span class='ocrx_word' id='word_1_174' title='bbox 866 2340 1009 2406; x_wconf 89' lang='grc' dir='ltr'><strong><em>τάλαντα</em></strong></span> <span class='ocrx_word' id='word_1_175' title='bbox 1032 2343 1110 2420; x_wconf 78' lang='grc' dir='ltr'><strong><em>δύος</em></strong></span> <span class='ocrx_word' id='word_1_176' title='bbox 1137 2341 1192 2406; x_wconf 87' lang='grc' dir='ltr'><strong><em>καὶ</em></strong></span> 
     </span>
     <span class='ocr_line' id='line_1_22' title="bbox 182 2442 1191 2531; baseline 0 -20"><span class='ocrx_word' id='word_1_177' title='bbox 182 2447 244 2511; x_wconf 85' lang='grc' dir='ltr'><strong><em>οὐκ</em></strong></span> <span class='ocrx_word' id='word_1_178' title='bbox 266 2443 450 2531; x_wconf 76' lang='grc' dir='ltr'><strong><em>ᾐσθάνετο,</em></strong></span> <span class='ocrx_word' id='word_1_179' title='bbox 474 2445 524 2508; x_wconf 85' lang='grc' dir='ltr'><strong><em>ὅτι</em></strong></span> <span class='ocrx_word' id='word_1_180' title='bbox 547 2442 622 2530; x_wconf 80' lang='grc' dir='ltr'><strong><em>ούχὶ</em></strong></span> <span class='ocrx_word' id='word_1_181' title='bbox 643 2455 704 2511; x_wconf 88' lang='grc' dir='ltr'><strong><em>τοῦ</em></strong></span> <span class='ocrx_word' id='word_1_182' title='bbox 726 2445 833 2529; x_wconf 92' lang='grc' dir='ltr'><strong><em>τάφον</em></strong></span> <span class='ocrx_word' id='word_1_183' title='bbox 857 2457 1019 2529; x_wconf 86' lang='grc' dir='ltr'><strong><em>μνημεῖον</em></strong></span> <span class='ocrx_word' id='word_1_184' title='bbox 1041 2449 1131 2511; x_wconf 80' lang='grc' dir='ltr'><strong><em>ἔσται</em></strong></span> <span class='ocrx_word' id='word_1_185' title='bbox 1153 2449 1191 2511; x_wconf 91' lang='grc' dir='ltr'><strong><em>τὸ</em></strong></span> 
     </span>
     <span class='ocr_line' id='line_1_23' title="bbox 183 2545 1193 2634; baseline 0 -18"><span class='ocrx_word' id='word_1_186' title='bbox 183 2551 387 2634; x_wconf 78' lang='grc' dir='ltr'><strong><em>οἰκοδόμημα</em></strong></span> <span class='ocrx_word' id='word_1_187' title='bbox 422 2557 575 2615; x_wconf 85' lang='grc' dir='ltr'><strong><em>τοιοῦτον</em></strong></span> <span class='ocrx_word' id='word_1_188' title='bbox 607 2551 667 2632; x_wconf 78' lang='grc' dir='ltr'><strong><em>ὅν,</em></strong></span> <span class='ocrx_word' id='word_1_189' title='bbox 702 2549 786 2614; x_wconf 87' lang='grc' dir='ltr'><strong><em>ἀλλά</em></strong></span> <span class='ocrx_word' id='word_1_190' title='bbox 817 2559 874 2633; x_wconf 78' lang='grc' dir='ltr'><strong><em>τῆς</em></strong></span> <span class='ocrx_word' id='word_1_191' title='bbox 905 2549 1033 2626; x_wconf 81' lang='grc' dir='ltr'><strong><em>ἀδικίας</em></strong></span> <span class='ocrx_word' id='word_1_192' title='bbox 1064 2545 1103 2633; x_wconf 68' lang='grc' dir='ltr'><strong><em>ἧς</em></strong></span> <span class='ocrx_word' id='word_1_193' title='bbox 1132 2553 1193 2617; x_wconf 91' lang='grc' dir='ltr'><strong><em>τὸν</em></strong></span> 
     </span>
     <span class='ocr_line' id='line_1_24' title="bbox 143 2650 1192 2741; baseline 0.003 -21"><span class='ocrx_word' id='word_1_194' title='bbox 143 2674 169 2714; x_wconf 79' lang='lat'><strong><em>80</em></strong></span> <span class='ocrx_word' id='word_1_195' title='bbox 183 2653 278 2741; x_wconf 87' lang='grc' dir='ltr'><strong><em>άνδρ’</em></strong></span> <span class='ocrx_word' id='word_1_196' title='bbox 299 2656 455 2739; x_wconf 78' lang='grc' dir='ltr'><strong><em>ἠδίκηκεν</em></strong></span> <span class='ocrx_word' id='word_1_197' title='bbox 472 2653 581 2738; x_wconf 75' lang='grc' dir='ltr'><strong><em>ἐκείνη</em></strong></span> <span class='ocrx_word' id='word_1_198' title='bbox 601 2656 656 2720; x_wconf 87' lang='grc' dir='ltr'><strong><em>διά</em></strong></span> <span class='ocrx_word' id='word_1_199' title='bbox 673 2665 803 2722; x_wconf 81' lang='grc' dir='ltr'><strong><em>τοῦτον.</em></strong></span> <span class='ocrx_word' id='word_1_200' title='bbox 843 2650 913 2720; x_wconf 83' lang='grc' dir='ltr'><strong><em>εἶτα</em></strong></span> <span class='ocrx_word' id='word_1_201' title='bbox 929 2665 1065 2720; x_wconf 79' lang='grc' dir='ltr'><strong><em>τοιαῦτα</em></strong></span> <span class='ocrx_word' id='word_1_202' title='bbox 1086 2668 1192 2723; x_wconf 80' lang='grc' dir='ltr'><strong><em>ποιῶν</em></strong></span> 
     </span>
     <span class='ocr_line' id='line_1_25' title="bbox 182 2759 1193 2846; baseline 0 -20"><span class='ocrx_word' id='word_1_203' title='bbox 182 2759 237 2826; x_wconf 79' lang='grc' dir='ltr'><strong><em>καὶ</em></strong></span> <span class='ocrx_word' id='word_1_204' title='bbox 259 2761 453 2844; x_wconf 90' lang='grc' dir='ltr'><strong><em>τηλικαύτας</em></strong></span> <span class='ocrx_word' id='word_1_205' title='bbox 476 2763 656 2846; x_wconf 90' lang='grc' dir='ltr'><strong><em>μαρτυρίας</em></strong></span> <span class='ocrx_word' id='word_1_206' title='bbox 683 2759 882 2845; x_wconf 81' lang='grc' dir='ltr'><strong><em>ἐξενηνοχὼς</em></strong></span> <span class='ocrx_word' id='word_1_207' title='bbox 908 2769 965 2844; x_wconf 81' lang='grc' dir='ltr'><strong><em>τῆς</em></strong></span> <span class='ocrx_word' id='word_1_208' title='bbox 987 2761 1114 2845; x_wconf 74' lang='grc' dir='ltr'><strong><em>ὕβρεως</em></strong></span> <span class='ocrx_word' id='word_1_209' title='bbox 1135 2771 1193 2845; x_wconf 78' lang='grc' dir='ltr'><strong><em>τῆς</em></strong></span> 
     </span>
     <span class='ocr_line' id='line_1_26' title="bbox 183 2865 1189 2953; baseline -0.001 -21"><span class='ocrx_word' id='word_1_210' title='bbox 183 2876 324 2933; x_wconf 85' lang='grc' dir='ltr'><strong><em>σεαυτοῦ</em></strong></span> <span class='ocrx_word' id='word_1_211' title='bbox 343 2867 396 2948; x_wconf 89' lang='grc' dir='ltr'><strong><em>σύ,</em></strong></span> <span class='ocrx_word' id='word_1_212' title='bbox 414 2867 473 2931; x_wconf 89' lang='grc' dir='ltr'><strong><em>τὸν</em></strong></span> <span class='ocrx_word' id='word_1_213' title='bbox 492 2867 595 2932; x_wconf 88' lang='grc' dir='ltr'><strong><em>ἀλλον</em></strong></span> <span class='ocrx_word' id='word_1_214' title='bbox 612 2890 673 2932; x_wconf 92' lang='grc' dir='ltr'><strong><em>του</em></strong></span> <span class='ocrx_word' id='word_1_215' title='bbox 687 2870 763 2950; x_wconf 88' lang='grc' dir='ltr'><strong><em>βίον</em></strong></span> <span class='ocrx_word' id='word_1_216' title='bbox 781 2865 940 2944; x_wconf 79' lang='grc' dir='ltr'><strong><em>ἐξετάζειν</em></strong></span> <span class='ocrx_word' id='word_1_217' title='bbox 957 2871 1093 2953; x_wconf 82' lang='grc' dir='ltr'><strong><em>τολμᾷς;</em></strong></span> <span class='ocrx_word' id='word_1_218' title='bbox 1113 2866 1189 2950; x_wconf 86' lang='grc' dir='ltr'><strong><em>μεθ’</em></strong></span> 
     </span>
     <span class='ocr_line' id='line_1_27' title="bbox 182 2963 1193 3058; baseline 0.002 -21"><span class='ocrx_word' id='word_1_219' title='bbox 182 2971 307 3058; x_wconf 76' lang='grc' dir='ltr'><strong><em>ἡμέραν</em></strong></span> <span class='ocrx_word' id='word_1_220' title='bbox 330 2967 362 3037; x_wconf 79' lang='grc' dir='ltr'><strong><em>εἴ</em></strong></span> <span class='ocrx_word' id='word_1_221' title='bbox 382 2973 424 3036; x_wconf 88' lang='grc' dir='ltr'><strong><em>σὺ</em></strong></span> <span class='ocrx_word' id='word_1_222' title='bbox 449 2972 608 3057; x_wconf 83' lang='grc' dir='ltr'><strong><em>σώφρων,</em></strong></span> <span class='ocrx_word' id='word_1_223' title='bbox 635 2973 696 3055; x_wconf 79' lang='grc' dir='ltr'><strong><em>τὴν</em></strong></span> <span class='ocrx_word' id='word_1_224' title='bbox 720 2967 758 3036; x_wconf 72' lang='grc' dir='ltr'><strong><em>δὲ</em></strong></span> <span class='ocrx_word' id='word_1_225' title='bbox 780 2969 872 3036; x_wconf 90' lang='grc' dir='ltr'><strong><em>νύκτ’</em></strong></span> <span class='ocrx_word' id='word_1_226' title='bbox 898 2969 949 3056; x_wconf 81' lang='grc' dir='ltr'><strong><em>ἐφ’</em></strong></span> <span class='ocrx_word' id='word_1_227' title='bbox 976 2963 1026 3048; x_wconf 85' lang='grc' dir='ltr'><strong><em>οἷς</em></strong></span> <span class='ocrx_word' id='word_1_228' title='bbox 1047 2973 1193 3052; x_wconf 88' lang='grc' dir='ltr'><strong><em>θάνατος</em></strong></span> 
     </span>
     <span class='ocr_line' id='line_1_28' title="bbox 184 3072 1192 3163; baseline 0.001 -20"><span class='ocrx_word' id='word_1_229' title='bbox 184 3079 231 3163; x_wconf 80' lang='grc' dir='ltr'><strong><em>[η]</em></strong></span> <span class='ocrx_word' id='word_1_230' title='bbox 257 3082 367 3163; x_wconf 79' lang='grc' dir='ltr'><strong><em>ζημία,</em></strong></span> <span class='ocrx_word' id='word_1_231' title='bbox 390 3087 491 3144; x_wconf 87' lang='grc' dir='ltr'><strong><em>ταῦτα</em></strong></span> <span class='ocrx_word' id='word_1_232' title='bbox 518 3089 632 3154; x_wconf 82' lang='grc' dir='ltr'><strong><em>ποιείς.</em></strong></span> <span class='ocrx_word' id='word_1_233' title='bbox 667 3080 812 3162; x_wconf 89' lang='grc' dir='ltr'><strong><em>πονηρὸς</em></strong></span> <span class='ocrx_word' id='word_1_234' title='bbox 835 3072 860 3141; x_wconf 81' lang='grc' dir='ltr'>ὦ</span> <span class='ocrx_word' id='word_1_235' title='bbox 884 3079 1003 3162; x_wconf 88' lang='grc' dir='ltr'><strong><em>ἀνδρες</em></strong></span> <span class='ocrx_word' id='word_1_236' title='bbox 1022 3075 1192 3162; x_wconf 71' lang='grc' dir='ltr'><strong><em>Ἀθηναῖοι</em></strong></span> 
     </span>
     <span class='ocr_line' id='line_1_29' title="bbox 182 3179 1194 3271; baseline 0.002 -22"><span class='ocrx_word' id='word_1_237' title='bbox 182 3186 327 3268; x_wconf 87' lang='grc' dir='ltr'><strong><em>πονηρὸς</em></strong></span> <span class='ocrx_word' id='word_1_238' title='bbox 350 3179 446 3260; x_wconf 84' lang='grc' dir='ltr'><strong><em>οὗτος</em></strong></span> <span class='ocrx_word' id='word_1_239' title='bbox 473 3184 606 3248; x_wconf 85' lang='grc' dir='ltr'><strong><em>ἀνωθεν</em></strong></span> <span class='ocrx_word' id='word_1_240' title='bbox 636 3181 672 3248; x_wconf 91' lang='grc' dir='ltr'><strong><em>έκ</em></strong></span> <span class='ocrx_word' id='word_1_241' title='bbox 693 3193 754 3248; x_wconf 86' lang='grc' dir='ltr'><strong><em>τοῦ</em></strong></span> <span class='ocrx_word' id='word_1_242' title='bbox 777 3181 933 3248; x_wconf 87' lang='grc' dir='ltr'><strong><em>ἀνακείου</em></strong></span> <span class='ocrx_word' id='word_1_243' title='bbox 956 3185 1099 3262; x_wconf 87' lang='grc' dir='ltr'><strong><em>κάδικος.</em></strong></span> <span class='ocrx_word' id='word_1_244' title='bbox 1136 3202 1194 3271; x_wconf 87' lang='grc' dir='ltr'><strong><em>ση-</em></strong></span> 
     </span>
     <span class='ocr_line' id='line_1_30' title="bbox 183 3284 1194 3373; baseline 0.006 -21"><span class='ocrx_word' id='word_1_245' title='bbox 183 3300 277 3372; x_wconf 87' lang='grc' dir='ltr'><strong><em>μείου</em></strong></span> <span class='ocrx_word' id='word_1_246' title='bbox 301 3287 351 3353; x_wconf 91' lang='grc' dir='ltr'><strong><em>δέ·</em></strong></span> <span class='ocrx_word' id='word_1_247' title='bbox 375 3290 406 3354; x_wconf 91' lang='grc' dir='ltr'><strong><em>εί</em></strong></span> <span class='ocrx_word' id='word_1_248' title='bbox 428 3289 491 3373; x_wconf 85' lang='grc' dir='ltr'><strong><em>γάρ</em></strong></span> <span class='ocrx_word' id='word_1_249' title='bbox 513 3284 557 3371; x_wconf 76' lang='grc' dir='ltr'><strong><em>ἦν</em></strong></span> <span class='ocrx_word' id='word_1_250' title='bbox 581 3289 722 3372; x_wconf 89' lang='grc' dir='ltr'><strong><em>δίκαιος,</em></strong></span> <span class='ocrx_word' id='word_1_251' title='bbox 745 3286 845 3372; x_wconf 88' lang='grc' dir='ltr'><strong><em>πένης</em></strong></span> <span class='ocrx_word' id='word_1_252' title='bbox 862 3287 905 3355; x_wconf 84' lang='grc' dir='ltr'><strong><em>ἀν</em></strong></span> <span class='ocrx_word' id='word_1_253' title='bbox 926 3284 970 3373; x_wconf 77' lang='grc' dir='ltr'><strong><em>ἦν</em></strong></span> <span class='ocrx_word' id='word_1_254' title='bbox 991 3291 1031 3355; x_wconf 82' lang='grc' dir='ltr'><strong><em>τά</em></strong></span> <span class='ocrx_word' id='word_1_255' title='bbox 1058 3301 1118 3357; x_wconf 87' lang='grc' dir='ltr'><strong><em>τού</em></strong></span> <span class='ocrx_word' id='word_1_256' title='bbox 1141 3294 1194 3357; x_wconf 92' lang='grc' dir='ltr'><strong><em>δε-</em></strong></span> 
     </span>
     <span class='ocr_line' id='line_1_31' title="bbox 184 3389 1194 3483; baseline 0.007 -26"><span class='ocrx_word' id='word_1_257' title='bbox 184 3396 307 3458; x_wconf 83' lang='grc' dir='ltr'><strong><em>σπότου</em></strong></span> <span class='ocrx_word' id='word_1_258' title='bbox 326 3396 504 3477; x_wconf 83' lang='grc' dir='ltr'><strong><em>διοικήσας.</em></strong></span> <span class='ocrx_word' id='word_1_259' title='bbox 540 3403 605 3458; x_wconf 84' lang='grc' dir='ltr'><strong><em>νῦν</em></strong></span> <span class='ocrx_word' id='word_1_260' title='bbox 623 3389 660 3457; x_wconf 69' lang='grc' dir='ltr'><strong><em>δὲ</em></strong></span> <span class='ocrx_word' id='word_1_261' title='bbox 677 3393 846 3458; x_wconf 90' lang='grc' dir='ltr'><strong><em>τοσούτων</em></strong></span> <span class='ocrx_word' id='word_1_262' title='bbox 864 3395 1040 3480; x_wconf 90' lang='grc' dir='ltr'><strong><em>χρημάτων</em></strong></span> <span class='ocrx_word' id='word_1_263' title='bbox 1058 3400 1095 3463; x_wconf 90' lang='grc' dir='ltr'><strong><em>τὸ</em></strong></span> <span class='ocrx_word' id='word_1_264' title='bbox 1114 3402 1194 3483; x_wconf 77' lang='grc' dir='ltr'><strong><em>πλῆ-</em></strong></span> 
     </span>
     <span class='ocr_line' id='line_1_32' title="bbox 183 3498 1194 3582; baseline 0.009 -20"><span class='ocrx_word' id='word_1_265' title='bbox 183 3505 246 3573; x_wconf 87' lang='grc' dir='ltr'><strong><em>θος</em></strong></span> <span class='ocrx_word' id='word_1_266' title='bbox 267 3499 380 3582; x_wconf 89' lang='grc' dir='ltr'><strong><em>κύριος</em></strong></span> <span class='ocrx_word' id='word_1_267' title='bbox 398 3498 568 3580; x_wconf 87' lang='grc' dir='ltr'><strong><em>καταστάς,</em></strong></span> <span class='ocrx_word' id='word_1_268' title='bbox 591 3499 673 3563; x_wconf 82' lang='grc' dir='ltr'><strong><em>ὥστε</em></strong></span> <span class='ocrx_word' id='word_1_269' title='bbox 696 3507 838 3564; x_wconf 88' lang='grc' dir='ltr'><strong><em>τοσαῦτα</em></strong></span> <span class='ocrx_word' id='word_1_270' title='bbox 862 3503 980 3567; x_wconf 78' lang='grc' dir='ltr'><strong><em>λαθεῖν</em></strong></span> <span class='ocrx_word' id='word_1_271' title='bbox 1004 3501 1059 3568; x_wconf 88' lang='grc' dir='ltr'><strong><em>ἀπ’</em></strong></span> <span class='ocrx_word' id='word_1_272' title='bbox 1085 3504 1194 3570; x_wconf 81' lang='grc' dir='ltr'><strong><em>αὐτῶν</em></strong></span> 
     </span>
    </p>
   </div>
   <div class='ocr_carea' id='block_1_3' title="bbox 0 0 1336 3926">
    <p class='ocr_par' dir='ltr' id='par_1_3' title="bbox 0 0 1336 3926">
     <span class='ocr_line' id='line_1_33' title="bbox 0 0 1336 3926; baseline 0 0"><span class='ocrx_word' id='word_1_273' title='bbox 0 0 1336 3926; x_wconf 95' lang='lat' dir='ltr'><strong><em> </em></strong></span> 
     </span>
    </p>
   </div>
  </div>
 </body>
</html>
