2656 3926
195 143 259 208 396
556 145 835 198 ΔΗΜοεοεωονε
885 173 887 176 -

193 301 431 390 καταχρήσεσθ’
456 303 546 390 αὐτή.
588 303 726 381 οὐδενὸς
747 304 810 390 γάρ
829 303 1000 388 εὐδοκιμεῖ
1013 300 1217 388 πράγματος

193 409 214 493 ή
232 413 432 495 προαίρεσις,
456 407 497 474 ἀν
520 409 564 493 μή
587 406 643 474 καὶ
663 411 700 475 τὸ
719 407 811 486 τέλος
829 407 1000 494 συμφέρον
1021 406 1077 474 καὶ
1098 410 1214 474 καλὸν

194 515 287 601 λάβη.
323 513 387 599 ἐγὼ
407 511 439 579 δ’
462 509 539 580 οἶδά
556 511 627 580 ποτ’
650 508 676 579 ὦ
699 515 818 600 ἀνδρες
832 510 1005 597 Ἀθηναῖοι
1022 509 1098 600 παρ’
1120 513 1213 598 ὑμῖν

194 619 336 696 ἀκούσας
367 620 490 706 ἀνδρὸς
521 617 590 686 οὔτ’
625 620 768 705 ἀνοήτου
801 621 979 697 δοκοῦντος
1010 616 1095 686 εἶναι
1128 617 1207 686 οὔτ’
1300 653 1301 658 ¹

166 725 331 811 εάπείρου
350 724 508 811 πολέμου,
526 723 732 812 Ἰφικράτους
754 724 850 811 λέγω,
874 725 910 804 ὃς
932 728 994 811 ἔφη
1018 726 1091 792 δεῖν
1114 719 1210 794 οὕτω

192 840 426 918 προαιρεῖσθαι
448 833 657 899 κινδυνεύειν
679 834 738 898 τὸν
762 835 962 918 στρατηγόν,
984 831 1071 910 ὅπως
1094 833 1139 918 μή
1163 834 1209 898 τά

193 937 269 1021 ήτά
287 940 470 1024 γενήσεται,
485 935 557 1004 ἀλλ’
575 939 662 1015 ὅπως
676 938 730 1005 τά·
746 938 833 1009 οὕτω
849 940 912 1024 γάρ
929 933 999 1004 είπε
1012 947 1057 1026 τῷ
1072 939 1209 1025 ῥήματι.

192 1037 235 1127 ήν
265 1045 306 1127 δή
335 1055 433 1111 τοῦτο
462 1044 650 1130 γνώριμον,
678 1043 729 1110 ότι
759 1044 847 1121 ὅπως
875 1048 982 1120 καλῶς
1012 1041 1207 1127 ἀγωνιεῖται
1300 1127 1301 1130 ¹

193 1151 315 1234 ἔλεγεν.
355 1149 491 1216 ἐπειδάν
518 1145 579 1235 μὲν
605 1152 721 1215 τοίνυν
749 1147 918 1233 ἐξέλθητε,
946 1147 982 1224 ὃς
1004 1146 1046 1214 ἀν
1072 1147 1208 1234 ήγήται,
1300 1155 1301 1166 ²

192 1255 307 1341 κύριος
323 1256 419 1341 ὑμῶν
438 1255 519 1322 ἐστι·
543 1265 607 1322 νῦν
627 1252 657 1320 δ’
681 1254 815 1332 ἕκαστος
836 1255 931 1340 ὑμῶν
949 1253 1047 1331 αὐτὸς
1065 1270 1207 1341 στρατη-

193 1372 253 1443 γεῖ.
290 1362 344 1426 δεῖ
364 1364 405 1446 δή
428 1370 564 1428 τοιαῦτα
591 1369 738 1446 φανῆναι
765 1358 1059 1445 βεβουλευμένους,
1082 1356 1127 1425 δι’
1155 1355 1205 1425 ὧν

193 1479 364 1552 πανταχῶς
386 1469 535 1532 συνοίσει
557 1475 597 1552 τή
620 1470 731 1551 πόλει,
752 1464 808 1532 καὶ
830 1466 874 1552 μή
898 1471 1090 1551 μελλουσῶν
1113 1465 1200 1531 ἕνεκ’

195 1571 338 1638 ἐλπίδων
356 1583 414 1657 τής
431 1573 600 1658 παρούσης
622 1571 834 1657 εὐδαιμονίας
855 1575 968 1658 χεῖρόν
990 1595 1022 1638 τι
1039 1573 1204 1655 ποιήσετε.

661 1769 737 1831 ΝΑ.

262 1887 380 1954 οἀδέν’
408 1888 450 1955 ἀν
478 1885 591 1977 ᾠόμην
614 1884 640 1954 ὦ
664 1890 783 1974 ἀνδρες
806 1885 979 1973 Ἀθηναῖοι
1004 1890 1203 1956 πιστεύοντα

193 2003 262 2070 τοῖς
279 1993 520 2080 πεπραγμένοις
538 1992 710 2078 ἐγκαλέσαι
728 2005 797 2071 τοῖς
815 2001 1012 2060 καθιστᾶσιν
1030 1997 1077 2072 είς
1099 1998 1201 2079 λόγον

192 2109 306 2166 ταῦτα·
325 2099 393 2187 όσφ
412 2099 474 2187 γάρ
493 2099 536 2166 ἀν
554 2101 728 2178 πλεονάκις
747 2100 874 2187 έξετάζη
892 2121 942 2178 τις
959 2101 1052 2184 αὐτά,
1074 2100 1199 2186 ἀνάγκη

193 2208 271 2282 τοὺς
298 2207 426 2272 τούτων
460 2208 586 2284 αἰτίους
619 2193 816 2291 εὐδοκιμεῖν.
866 2205 907 2273 οὐ
937 2207 1002 2290 μήν
1032 2206 1117 2272 ἀλλά
1144 2222 1275 2293 μοι1458

194 2313 352 2379 δοκοῦσιν
375 2309 469 2378 αὐτοὶ
492 2313 638 2398 φανερὸν
664 2311 878 2395 καθιστάναι,
906 2312 967 2378 οὐκ
989 2310 1047 2378 ἐπί
1065 2335 1111 2402 τφ
1133 2325 1198 2380 τῶν

192 2427 231 2502 τη
254 2420 348 2484 πόλει
372 2421 611 2504 συμφερόντων
637 2417 826 2504 πράξαντες.
868 2418 912 2494 ὡς
933 2427 1017 2500 γοῦν
1041 2417 1199 2506 ἐξελέγχε-

193 2530 274 2588 σθαι
293 2521 477 2607 μέλλοντες,
499 2523 542 2588 ἀν
564 2523 664 2589 πάλιν
686 2525 734 2600 είς
755 2525 856 2606 λόγον
880 2527 1015 2609 ἔλθωσι,
1038 2525 1198 2610 φεύγουσι

192 2625 247 2694 καλ
266 2629 360 2694 δεινά
378 2639 486 2694 ποιεῖν
504 2628 590 2713 ἡμᾶς
607 2645 719 2715 φασιν.
757 2631 864 2694 καίτοι
883 2629 962 2695 ὅταν
980 2633 1058 2708 τοὺς
1077 2630 1197 2715 ἐξελέγ-

191 2757 264 2820 χειν
281 2731 506 2818 βουλομένους
525 2736 618 2800 δεινά
635 2744 743 2801 ποιεῖν
767 2737 933 2818 αίτιῖισθε,
955 2740 990 2801 τί
1009 2736 1102 2822 ἡμεῖς
1122 2742 1197 2816 τοὺς

192 2840 276 2924 ημᾶς
299 2839 420 2916 αὐτούς
443 2839 681 2925 ἐξηπατηκότας
703 2849 880 2924 τηνικαῦτα
903 2839 1065 2927 λέγωμεν;

657 3039 731 3100 ΝΒ.

253 3150 318 3222 Ἦν
350 3151 411 3242 μέν
447 3157 578 3224 δίκαιον
610 3151 636 3222 ὦ
669 3158 788 3244 ἀνδρες
815 3155 990 3244 Ἀθηναῖοι
1025 3161 1087 3246 τήν
1123 3167 1192 3244 ίσην
1300 3219 1301 3232 .

192 3254 351 3349 ὑπάργειν
378 3260 453 3349 παρ’
485 3263 579 3347 ὑμῶν
610 3261 714 3349 ὀργήν
741 3273 809 3342 τοῖς
837 3264 1074 3352 ἐπιχειροῦσιν,
1101 3265 1192 3352 ὅσην-

191 3389 251 3452 περ
279 3379 348 3444 τοῖς
375 3371 573 3451 δυνηθεῖσιν
601 3367 807 3453 ἐξαπατήσαι.
853 3369 870 3436 ὃ
898 3366 959 3455 μὲν
986 3372 1049 3457 γάρ
1076 3367 1119 3454 ήν
1144 3370 1192 3437 ἐπὶ

192 3474 331 3556 τούτοις,
354 3477 526 3557 πεποίηται
543 3472 598 3538 καὶ
617 3477 809 3561 προήγαγον
831 3475 929 3561 ὑμᾶς·
951 3485 1011 3542 τοῦ
1034 3472 1071 3541 δὲ
1094 3473 1190 3560 μηδὲν
