2658 3922
188 197 252 262 198
488 201 562 254 Lm
592 197 896 270 [Λπαοιοοαουυ]

186 359 268 425 ἀλλο
291 354 397 444 μηδὲν
418 366 554 442 ποιῆσαι
576 357 598 441 ἢ
622 357 816 444 ἐξορκῶσαι,
842 357 968 441 ἀνάγκη
995 356 1084 446 αὐτῷ
1106 360 1199 423 ἐσταιΙ

147 481 173 522 ²⁹
186 468 298 530 πίστιν
327 463 494 531 ἐπιθεῖναι
523 464 566 548 ἣν
596 464 638 530 ἀν
667 466 785 551 αελεύη
815 459 920 540 οὗτος.
963 465 1073 529 ἔπειτα
1099 464 1199 530 ἵναδ

186 571 398 656 Κηφισιάδης
424 572 551 657 ἐχητὸ
580 569 761 655 ἀργύριον,
788 572 967 656 ἅνθρωπος
988 567 1154 654 μέτοικος,
1176 567 1199 652 ἢ

189 680 360 761 Φορμίων,
382 675 423 742 ὅν
445 697 549 761 φησιν
577 675 819 762 ἀπαληλιφέναι
840 700 872 742 τι
896 671 992 752 οὗτος
1013 685 1073 742 τοῦ
1096 673 1199 760 ἀργυ-

187 784 275 865 ρίου,
296 785 521 866 πεισθήσεσθε
548 782 643 867 ὑμεῖς
670 783 715 860 ὡς
737 781 962 869 ἐπιορκήσειεν
985 780 1027 848 ἀν
1050 777 1287 866 Most-1244

187 887 318 970 βιάδης;
351 888 411 954 οὐκ
441 891 478 954 ἐκ
506 911 544 972 γε
574 899 641 953 τῶν
672 884 864 976 εέκότωνά
894 889 1012 974 ἀνδρες
1038 887 1199 952 δικασταί.
1318 955 1319 978 ,

188 992 229 1058 οὐ
251 993 315 1079 γὰρ
339 992 432 1072 ἀξιον
456 995 531 1061 οὔτε
551 990 766 1080 Ἀρχεβιάδου
784 1000 902 1060 κακίαν
920 993 1079 1078 οὐδεμίαν
1101 1016 1200 1059 κατα-

187 1108 314 1182 γνῶναι
332 1100 408 1166 οὕτε
418 1107 487 1192 ,τοῦ
504 1103 629 1196 πατρζις
642 1104 703 1170 τοῦ
720 1098 893 1187 ἡμετέρου·
911 1101 998 1165 πολὺ
1015 1099 1078 1184 γὰρ
1096 1098 1200 1165 αὐτὸν

187 1207 365 1290 φιλότιμον
397 1212 465 1272 ἴστε
497 1211 623 1290 μᾶλλον
655 1207 736 1272 ὄντα
765 1205 921 1290 ηιιαιιάν
952 1227 984 1269 τι
1013 1203 1034 1288 ἢ
1060 1205 1200 1290 αἰσχρὸν

187 1309 435 1396 ἐπιτηδεύοντα,
461 1309 517 1376 καὶ
538 1313 621 1398 πρὸς
640 1312 837 1379 Κάλλιππον
860 1311 920 1396 οὐχ
944 1311 1048 1386 οὕτως
1070 1312 1200 1395 έχοντα,

189 1416 271 1481 ὥστε
300 1418 595 1502 καταφρονήσαντα
624 1417 745 1482 τούτου
774 1415 927 1499 ἀδικῆσαι
956 1416 999 1480 άν
1027 1437 1058 1480 τι
1086 1415 1199 1482 αὐτόν.

147 1537 175 1579 ³0
188 1521 230 1586 οὐ
251 1521 315 1606 γάρ
339 1521 426 1587 οὕτω
448 1545 506 1606 μοι
530 1522 624 1587 δοκεῖ
644 1522 811 1587 δύνασθαι
817 1570 828 1605 ,
850 1516 927 1586 ὥστ’
954 1519 1199 1606 εάκατοιφρδνη·

188 1648 243 1702 τος
271 1621 375 1709 εἶναι,
404 1625 441 1702 ὃς
469 1625 575 1702 οὕτως
609 1624 795 1711 ἐρρωμένος
825 1625 933 1711 ἐστίν,
967 1627 1050 1692 ὥστε
1078 1625 1202 1713 πέρυσί

188 1754 245 1814 μοι
267 1731 378 1816 λαγὼν
399 1732 461 1814 τὴν
482 1732 582 1815 δίκην
604 1730 740 1816 ταυτηνὶ
767 1731 823 1800 καὶ
844 1732 1129 1818 προκαλεσάμενος
1150 1742 1196 1820 τῷ

188 1838 375 1922 Λυσιθείδῃ
403 1835 589 1920 ἐπιτρέψαι,
620 1836 685 1921 ἐγὼ
717 1834 778 1923 μὲν
808 1844 924 1925 καίπερ
951 1861 1198 1926 καταπεφρονη-

189 1939 287 2025 μένος
307 1939 363 2007 ὑπ’
391 1941 494 2009 αὐτοῦ
516 1947 614 2009 τοῦτό
633 1967 670 2027 γε
693 1943 805 2030 ὀρθῶς
827 1945 1087 2030 ἐβουλευσάμην·
1115 1946 1198 2012 κατὰ

188 2049 266 2125 τοὺς
292 2051 418 2133 νόμους
447 2049 510 2135 γὰρ
545 2047 706 2135 ἐπέτρεψα
739 2049 796 2117 καὶ
829 2050 996 2136 ἀπήνεγκα
1025 2053 1107 2137 πρὸς
1135 2054 1198 2136 τὴν

188 2153 307 2239 ἀρχήν·
331 2149 428 2231 οὗτος
450 2150 488 2219 δέ
508 2156 569 2222 τὸν
590 2155 673 2222 κατὰ
689 2159 768 2234 τοὺς
785 2161 909 2242 νόμους
931 2155 1198 2245 ἀπενηνεγμένον

189 2260 359 2346 διαιτητὴν
386 2263 515 2327 ἔπεισεν
542 2261 716 2347 ἀνώμοτον
745 2265 925 2348 διαιτῆσαι,
952 2262 1033 2348 ἐμοῦ
1060 2264 1198 2350 διαμαρ-
1224 2316 1226 2322 ,

188 2364 372 2453 τυρομένον
399 2367 482 2434 ιιατά
507 2369 586 2444 τοὺς
616 2371 741 2452 νόμους
772 2369 937 2452 ὀμόσαντα
970 2369 1116 2453 διαιτᾶν,
1142 2369 1198 2435 ἵνα

189 2471 276 2559 αὐτῷ
300 2465 428 2558 ᾗπρὸς
449 2472 535 2557 ὑμᾶς
557 2471 682 2557 λέγειν,
709 2475 761 2540 ὅτι
787 2472 842 2540 ιἰαὶ
865 2476 1087 2559 Λυσιθείδης,
1113 2474 1197 2560 ἀνὴρ

147 2593 174 2636 ει
188 2578 287 2652 καλὸς
308 2575 472 2662 κάγαθὸς,
495 2582 581 2661 ἐγνω
603 2577 679 2666 περὶ
702 2579 821 2645 αὐτῶν.
866 2582 1072 2665 Λυσιθείδης
1089 2578 1197 2668 γάρῶ

189 2682 308 2767 ἀνδρες
330 2682 496 2768 δικασταί,
524 2684 586 2762 ἕως
612 2682 674 2770 μὲν
696 2686 715 2752 ὁ
737 2687 843 2772 πατὴρ
866 2689 937 2770 ἐζη,
962 2684 1018 2753 ml
1040 2688 1121 2752 ἀνευ
1142 2689 1198 2772 ὄρ-

188 2809 249 2852 ιιου
277 2784 333 2852 καὶ
361 2784 438 2871 μεθ’
465 2789 568 2875 ὅρκου
598 2797 677 2868 ἴσως
706 2790 748 2857 ἀν
778 2792 840 2858 οὐκ
868 2792 1026 2877 ἠδίκησεν
1055 2789 1198 2860 ἐκεῖνον·

60 2949 62 2953 .
189 2895 281 2976 ἐμελε
313 2892 376 2978 γὰρ
409 2894 497 2983 αὐτῷ
530 2895 667 2963 ἐκείνου.
714 2896 795 2982 ἐμοῦ
827 2894 864 2964 δέ
896 2899 976 2964 ἀνευ
1006 2896 1066 2983 μὲν
1096 2900 1198 2984 ὅρκου

189 2992 289 3065 οὐδέν
312 2998 400 3086 αὐτῷ
429 3001 538 3085 ἐμελε,
566 2999 641 3086 μεθ’
669 3003 771 3086 ὅριιου
800 3000 837 3069 δέ
865 3011 943 3081 ἴσως
970 3004 1012 3071 ἀν
1039 3005 1101 3071 οὐκ
1126 3005 1199 3089 ἡδί·

188 3118 267 3186 κησε
291 3103 348 3168 διά
368 3105 407 3170 τὸ
425 3104 529 3172 αὑτοῦ
548 3108 650 3173 ἴδιον·
674 3110 789 3197 διόπερ
813 3109 981 3196 ἀνώμοτος
998 3109 1199 3198 ἀπεφήνατο.

189 3209 233 3285 ὡς
256 3204 293 3274 δὲ
316 3207 424 3294 ἀληθῆ
448 3209 549 3296 λέγω,
575 3211 630 3278 καὶ
656 3216 784 3283 τούτων
809 3217 890 3303 ὑμῖν
916 3219 995 3296 τοὺς
1015 3239 1199 3303 παραγενο-

189 3311 308 3399 μένους
330 3316 496 3404 μάρτυρας
517 3317 707 3406 παρέξομαι.
