2656 3926
404 163 594 216 IIPOOIMIA.
622 163 868 216 XLVI-XLVIII.
1076 159 1141 226 393

130 324 170 386 εὐ
188 323 472 410 παρεκρούσθητε,
496 321 579 388 ἀλλά
601 332 668 389 τῶν
690 320 745 388 έπλ
766 323 872 413 τούτφ
896 279 1055 406 σπουδὴν
1070 343 1143 388 ποι-

131 426 321 513 ησαμένων,
343 428 431 506 ὅπως
452 428 538 514 ὑμᾶς
561 427 830 511 ἐξαπατήσωσιν.

597 626 675 687 ΜΖ.

202 741 302 831 Οἶμαι
322 746 446 824 πάντας
472 745 515 813 δν
540 745 626 830 ὑμᾶς
648 740 674 810 ὦ
698 746 817 833 ἀνδρες
835 743 1007 831 Ἀθηναῖοι
1028 753 1143 833 φῆσαι,

132 853 153 916 δ
176 849 322 936 βέλτισθ’
343 852 477 930 ἕκαστος
498 851 625 936 ἡγεῖται
647 859 686 936 τη
708 854 814 936 πόλει,
836 852 1019 939 βούλεσθαι
1040 860 1142 920 ταῦτα

132 965 330 1044 ταραχθῆναι.
367 961 542 1043 συμβαίνει
566 956 605 1024 δέ
625 980 663 1041 γε
686 959 730 1043 μη
753 959 835 1024 κατὰ
853 957 951 1024 ταύτὸ
968 961 1142 1044 κεκρίσθαι

131 1065 219 1149 παρά
242 1074 323 1130 πᾶσι
346 1065 383 1131 τδ
406 1063 590 1148 βέλτιστον·
616 1063 657 1129 ού
683 1063 747 1150 γάρ
771 1061 813 1130 ἀν
835 1063 929 1148 ὑμῶν
952 1063 989 1130 οί
1007 1059 1069 1148 μέν
1090 1060 1142 1129 λέ-

131 1192 215 1254 γειν,
238 1171 274 1236 oc
294 1167 332 1236 δέ
354 1171 398 1255 μὴ
417 1167 526 1253 λέγειν
546 1167 707 1236 ἐκέλευον.
743 1173 825 1255 πρὸς
847 1165 908 1254 μὲν
926 1172 1043 1235 τοίνυν
1065 1169 1142 1245 τοὺς

130 1276 353 1359 ὑπειληφότας
378 1283 480 1341 ταῦτα
508 1272 690 1360 συμφέρειν
723 1274 861 1352 οὐδενὸς
888 1276 942 1340 δεῖ
966 1277 1069 1357 λόγου
1095 1280 1141 1361 τῷ

131 1378 286 1464 μέλλοντι
309 1378 431 1463 λέγειν·
454 1377 665 1464 πεπεισμένοι
692 1381 756 1466 γάρ
779 1379 976 1466 ὑπάρχουσι·
999 1380 1081 1464 πρὸς
1104 1374 1142 1445 δὲ

130 1489 210 1562 τοὺς
222 1485 381 1553 τάναντία
395 1484 577 1572 συμφέρειν
593 1483 801 1570 ἡγουμένους
813 1483 925 1572 βραχέ’
943 1486 1048 1551 εἰπεῖν
1062 1485 1142 1569 βού-

104 1597 240 1676 ελομαι.
286 1592 331 1678 μη
357 1590 496 1658 θέλουσι
523 1586 584 1677 μέν
611 1587 674 1658 οὖν
706 1591 840 1659 ἀκούειν
867 1592 929 1658 ούκ
955 1594 1006 1658 ἔνι
1033 1590 1141 1675 δήπου
1170 1621 1171 1626 “

131 1705 269 1783 μαθεῖν,
297 1693 398 1764 οὐδέν
425 1702 553 1783 μᾶλλον
579 1697 600 1782 ἢ
628 1708 776 1766 σιωπῶσι
803 1700 945 1783 μηδενὸς
972 1695 1140 1781 λέγοντος·

131 1803 312 1872 ἀκούσασιν
335 1800 373 1870 δέ
396 1805 493 1871 δυοῖν
516 1803 660 1888 ἀγαθοῖν
678 1804 741 1871 οὐκ
763 1807 814 1871 ένι
835 1803 980 1890 θατέρου
1003 1805 1141 1889 διαμαρ-

131 1920 209 1976 τεῖν.
252 1909 273 1994 ἢ
301 1910 363 1995 γάρ
393 1907 584 1986 πεισθέντες
615 1910 734 1986 πάντες
762 1907 818 1975 καλ
846 1907 935 1975 παύε’
964 1909 1142 1992 ἐγνωκότες

132 2017 324 2099 κοινότερον
345 2014 583 2099 βουλεύσεσθε,
606 2009 647 2080 οὗ
667 2018 777 2098 μεῖζον
795 2017 843 2091 είς
860 2015 900 2080 τὰ
922 2013 1058 2100 παρόντ’
1083 2014 1140 2082 ού·

132 2118 190 2185 δέν
213 2119 256 2186 ἀν
278 2117 397 2203 γένοιτ’
426 2119 569 2203 ἀγαθόν·
592 2119 613 2203 ἦ
636 2121 680 2205 μη
709 2117 915 2204 δυνηθέντος
940 2128 1000 2186 τοῦ
1027 2117 1142 2204 λέγον-

132 2249 187 2302 τος
215 2223 346 2303 διδάξαι
372 2227 585 2310 βεβαιότερον
607 2236 676 2301 τοῖς
699 2224 918 2310 ἐγνωσμένοις
944 2226 1141 2293 πιστεύσετε.

105 2328 233 2418 εχωρλς
255 2327 293 2397 δὲ
315 2330 442 2396 τούτων
465 2327 545 2396 οὐδὲ
567 2332 672 2415 καλὴν
694 2331 843 2410 ὑποψίαν
865 2334 943 2418 ἔχει,
965 2331 1058 2416 ἥκειν
1080 2327 1141 2416 μέν

132 2441 180 2514 είς
197 2438 259 2522 την
277 2436 453 2520 ἐκκλησίαν
471 2437 516 2514 ὡς
529 2436 565 2503 έκ
578 2447 646 2503 τῶν
660 2435 902 2524 ῥηθησομένων
915 2439 952 2504 τὸ
967 2437 1140 2525 κράτιστον

133 2541 269 2610 ἑλέσθαι
287 2540 377 2626 δέον,
395 2550 541 2627 φανῆναι
560 2537 608 2628 δέ,
631 2541 711 2629 πρὶν
735 2543 770 2609 έκ
792 2553 860 2610 τῶν
878 2546 988 2626 λόγων
1006 2543 1140 2630 δοκιμά-
1150 2562 1218 2612 1456

133 2667 200 2733 σαι,
217 2645 293 2735 παρ’
312 2647 392 2733 ύμῖν
411 2646 524 2725 αὐτοῖς
539 2671 571 2714 τι
588 2646 837 2734 πεπεισμένους,
854 2647 910 2715 καλ
923 2647 1018 2716 τοῦθ’
1035 2649 1141 2728 ούτως

134 2756 273 2841 ἰσχυρὸν
291 2755 374 2820 ὥστε
393 2751 469 2839 μηδ’
493 2752 623 2820 ἐθέλειν
640 2756 729 2838 παρὰ
746 2751 836 2821 ταῦτ’
859 2753 1002 2823 ἀκούειν.

591 2951 670 3014 ΜΗ

193 3065 289 3146 Ἴσως
307 3068 445 3156 ὀχληρὸς
464 3065 490 3136 ὦ
509 3072 629 3156 ἀνδρες
643 3069 816 3157 Ἀθηναῖοι
837 3070 925 3139 τισλν
942 3074 1037 3159 ὑμῶν
1055 3070 1141 3141 εἶναι

134 3176 236 3258 δοκῶ,
257 3177 414 3252 πολλάκις
436 3175 542 3261 λέγων
564 3176 640 3265 περὶ
666 3189 732 3246 τῶν
755 3180 865 3246 αὐτῶν
886 3179 948 3245 ἀεί.
985 3177 1057 3247 ἀλλ’
1082 3181 1141 3250 έδν

134 3284 246 3367 ὀρθῶς
275 3288 431 3365 σκοπῆτε,
463 3283 524 3349 ούκ
558 3283 621 3366 ἐγὼ
649 3287 837 3370 φανήσομαι
868 3287 988 3352 τούτου
1015 3287 1141 3365 δίκαιος

135 3389 182 3456 διν
205 3391 292 3473 ἔχειν
316 3387 377 3470 την
399 3389 519 3473 αίτίαν,
541 3387 613 3455 ἀλλ’
637 3391 673 3456 οί
689 3391 733 3477 μη
756 3396 950 3476 πειθόμενοι
972 3403 1042 3470 τοῖς
1062 3392 1141 3478 ύμε-

133 3492 241 3580 τέροις
268 3497 488 3579 ψηφίσμασιν.
532 3498 565 3561 εί
592 3496 655 3583 γὰρ
685 3496 806 3564 ἐκεῖνοι
834 3499 872 3564 τὸ
898 3508 1030 3583 πρῶτον
1053 3497 1140 3563 έποί-
