2650 3918
436 187 628 243 moonm'
651 189 798 278 vm-m.
1059 183 1126 250 365

603 367 633 432 1.

182 509 227 573 El
248 502 310 591 μὲν
333 502 490 590 ἐγνώκατ’
512 500 538 572 ὦ
563 507 682 592 ἀνδρες
696 503 879 594 Ἀθηναῖοι,
901 509 939 588 τί1
955 496 1128 590 βέλτιστον

116 612 156 680 δν
178 608 476 702 τυγχάνειπρᾶξαι
498 610 662 703 περὶτῶν
684 616 871 698 παρόντων,
893 610 1066 699 ἁμάρτημα
1087 605 1130 698 τό

117 717 357 804 συμβουλεύειν
384 711 594 806 προτιθέναι·
622 719 643 785 δ
672 719 735 806 γάρ
763 717 858 786 αὐτοὶ
884 716 964 802 πρὶν
986 717 1126 782 ἀκοῦσαι

116 825 303 909 δοκιμάζετε
331 822 530 909 συμφέρειν,
555 827 591 890 τί
616 825 670 890 δεῖ
694 821 784 891 ταῦτ’
810 823 993 900 ἀκούοντας
1020 821 1125 907 μάτην

116 927 341 1017 ένοχλεῖσθαις
365 932 397 996 εδ
418 925 457 994 δέ
475 941 623 996 σκοπεῖτε
641 927 697 994 καὶ
714 928 911 1015 βουλεύεσθ’
934 929 979 1007 ὡς
992 928 1037 1020 4έκ
1058 937 1125 992 τῶν

116 1025 358 1122 ῥηθησομένων
382 1026 558 1119 δοκιμάσαι
582 1036 677 1119 δέον,
699 1035 761 1101 οὐκ
783 1035 894 1121 ὀρθῶς
915 1038 981 1122 ἔχει
1002 1035 1041 1104 τὸ
1063 1057 1126 1104 κω,-

116 1138 209 1206 λύειν
236 1141 315 1217 τοὺς
342 1138 568 1225 βουλομένους
599 1138 718 1223 λέγειν.
761 1142 850 1224 παρὰ
876 1136 938 1225 μέν
968 1140 1032 1226 γάρ
1058 1149 1126 1204 τῶν

116 1239 201 1324 ὅλως
223 1234 453 1332 ἀποστερεῖσθ’
482 1245 518 1311 έκ
544 1233 605 1313 τοῦ
632 1256 729 1313 τοῦτο
756 1258 880 1330 ποιεῖν,
907 1252 942 1312 ελ
959 1269 991 1311 τι
1012 1247 1126 1332 χρήσι-
1176 1249 1178 1252 ’

114 1357 180 1437 μου
214 1350 468 1437 έντεθόμηνται·
501 1354 581 1429 τοὺς
614 1349 645 1416 δ’
679 1350 820 1436 ἀφέντας
853 1350 874 1416 ἀ
902 1351 1126 1437 τυγχάνουσιν

115 1453 319 1541 ’ἑγνωκότεςη
340 1451 388 1524 ὧν
409 1457 494 1543 ὑμᾶς
517 1455 693 1541 ἐπιθυμεῖν
715 1463 859 1540 οἴονται,
879 1466 981 1522 ταῦτα
1002 1467 1125 1522 ποιεῖτε

88 1559 366 1654 εσυμβουλεόειν.
414 1564 483 1629 ἔστι
516 1559 549 1628 δ’
583 1551 783 1648 ἁμαρτάνειν
818 1558 879 1646 μέν
911 1559 1124 1646 βουλομένων

114 1663 152 1735 τὸ
182 1659 441 1752 ,συναναγκάζειν
470 1669 533 1742 ,τὸν
562 1657 719 1754 παριόνθ’
752 1667 774 1734 ἀ
807 1659 972 1752 βούλεσθε
1004 1665 1125 1751 λέγειν,

115 1771 369 1859 βουλευομένων
387 1771 418 1840 δ’
440 1773 644 1851 ἀκούσαντας
662 1773 683 1839 ἀ
700 1775 878 1858 γιγνώσκει
897 1778 1044 1857 σκοπεῖν,
1060 1774 1124 1847 κάν

115 1902 147 1964 τι
172 1885 279 1958 καλῶς
306 1882 380 1966 ἔχη,
407 1885 560 1965 χρῆσθαι.
605 1876 690 1961 λέγω
718 1875 756 1944 δέ
782 1875 871 1944 ταῦτ’
903 1877 964 1943 οὐκ
992 1877 1129 1944 ἐναντία

114 1985 184 2063 τοῖς
210 1986 290 2070 ὑμῖν
322 1982 499 2069 ἀρέσκουσι
529 1977 661 2069 μέλλων
692 1994 883 2069 παραινεῖν,
915 1979 987 2048 ἀλλ’
1018 1981 1124 2049 έκεῖνο

115 2091 227 2175 εἰδώς,
263 2090 323 2166 ότιΙ
346 2087 388 2154 ἀν
420 2085 481 2173 μὲν
512 2090 564 2175 μή
588 2091 751 2174 θελήσητε
787 2101 861 2156 τῶν
886 2087 1125 2172 ἀντιλεγόντων

115 2195 267 2280 ἀκοῦσαι,
290 2193 514 2282 ἐξηπατῆσθαι
537 2186 705 2280 φήσουσιν
726 2196 823 2279 ὑμᾶς,
845 2194 887 2260 δν
911 2190 941 2268 δ’
964 2193 1125 2263 ἀκούσαν-

114 2325 168 2389 τες
189 2302 235 2388 μή
256 2308 431 2386 πεισθήτε,
453 2291 699 2386 ἐξεληλεγμένοι
721 2297 906 2389 παραχρῆμ’
932 2302 1064 2368 ἔσονται
1085 2302 1131 2367 τά

115 2411 213 2495 χείρω
235 2411 486 2493 παραινοῦντες.’
696 2472 699 2480 ,

409 2605 410 2610 ,
528 2603 529 2606 ,
587 2533 648 2596 ῙΑ·
737 2522 740 2530 ,
1091 2603 1094 2608 .

184 2676 305 2757 Οῖομαι
334 2671 459 2749 πάντας
485 2671 576 2760 ὑμᾶς
600 2668 627 2739 ὦ
656 2673 776 2759 ἄνδρες
804 2668 978 2757 Ἀθηναῖοι
1005 2676 1125 2758 γιγνώ-

115 2794 225 2863 σκειν,
252 2777 304 2844 ότι
332 2778 374 2844 ού
401 2787 594 2862 κρινοῦντες
619 2778 714 2862 ήκετε
740 2780 883 2863 τήμερον
910 2777 1032 2846 οὐδένα
1057 2792 1124 2847 τῶν

117 2883 339 2969 ἀδικούντων,
367 2883 450 2951 ἀλλά
473 2886 733 2970 βουλευσόμενοι
754 2881 830 2971 περὶ
851 2895 919 2952 τῶν
939 2888 1123 2973 παρόντων.
1134 2902 1202 2952 ιιεο

5 3069 6 3074 ¹
118 2989 172 3054 δεῖ
191 2991 307 3055 τοίνυν
328 2990 386 3068 τὰς
408 2986 469 3076 μέν
492 2983 690 3077 κατηγορίας
705 2989 914 3078 ὑπερθέσθαι
931 2992 1049 3077 πάσας,
1070 2990 1125 3058 καλ

116 3090 185 3160 τότ’
209 3091 252 3160 όν
272 3093 354 3178 ὑμῖν
375 3093 585 3180 λέγειν’καθ’
612 3097 692 3164 ὅτου
719 3095 871 3164 πέπεικεν
893 3097 1029 3175 ἕκαστος
1050 3095 1125 3164 ἑαυ-

116 3203 188 3285 τόν,
210 3199 291 3266 όταν
307 3200 382 3269 τινὰ
399 3195 578 3289 κρίνωμεν·
601 3205 633 3268 εἰ
645 3199 690 3269 δέ
704 3207 754 3281 τίς
771 3227 803 3269 τι
825 3205 986 3291 χρήσιμον
1003 3203 1025 3288 ή
1043 3220 1124 3288 συμ-

116 3303 230 3394 φέρον
248 3308 354 3372 ελπεῖν
381 3308 461 3393 ἔχει,
480 3317 677 3376 τοῦτο’νύν
704 3307 957 3395 ἀποφαένεσθαι.
997 3311 1035 3376 τὸ
1062 3306 1124 3395 μέν

117 3413 180 3500 γάρ
207 3422 403 3498 κατηγορεῖν
429 3423 498 3490 τοῖς
523 3412 765 3501 πεπραγμένοις
791 3413 1021 3499 ἐγκαλούντων
1043 3412 1123 3498 ἐστί,

116 3520 154 3585 τὸ
177 3514 215 3585 δὲ
242 3518 484 3604 συμβουλεύειν
502 3517 585 3606 περὶ
611 3530 686 3586 τῶν
703 3523 878 3607 παρόντων
905 3516 960 3583 καλ
987 3534 1123 3604 γενησο-
