2658 3914
313 189 409 240 RATA
426 189 555 242 ETEPP.
573 191 637 241 m
654 192 804 245 ωαΗΣιΒ,
822 191 933 245 νοτε
1065 188 1129 254 115

70 375 102 414 ω
116 347 265 412 κάσαντα
293 349 498 434 εἰσπράττειν
525 349 566 414 τὰ
594 350 706 434 σκεύη,
730 349 879 416 ἐκέλευεν
906 347 1130 434 εἰσαγγέλλειν

115 476 172 538 με,
201 451 256 518 καί
283 456 362 531 τοὺς
387 454 563 540 πρυτάνεις
590 455 797 541 προγράφειν
824 455 912 543 αύτῳ
934 456 997 539 τήν
1018 459 1128 541 κρίσιν

117 557 179 624 ε’πί·
202 560 264 624 δύο
296 558 418 644 ἡμέρας
449 561 494 638 ὡς
526 559 698 627 ἀδικοῦντι
731 558 787 626 καὶ
823 562 1042 628 διακωλύοντι
1070 562 1129 626 τὸν
1138 574 1206 625 1152

117 664 314 748 ἀπόστολον,
337 667 423 732 διότι
445 667 486 731 τά
509 668 609 751 σκεύη
639 666 701 732 οὐκ
728 665 888 741 ἀπεδίδου
916 665 971 732 καὶ
998 667 1037 732 τά
1060 663 1128 732 ἐνί-

116 795 201 857 χυρα
223 771 375 857 ἀφείλετο
398 769 455 838 καλ
477 768 534 855 ε’μδ
558 770 721 851 συνέκοψε
739 775 798 840 τὸν
817 773 1052 859 εἰσπράττοντα
1073 769 1128 837 καὶ

115 878 344 964 ὑπηρετοῦντα
366 887 406 963 τῇ
428 881 531 944 πόλει.
572 877 752 962 γενομένης
774 882 890 945 τοίνυν
912 889 970 963 τής
991 880 1128 964 κρίσεως

116 992 161 1071 τῳ
186 985 350 1072 Θεοφήμῳ
379 982 418 1050 ἐν
446 993 485 1069 τῇ
516 988 621 1069 βουλή
651 985 732 1050 κατὰ
760 985 822 1068 τήν
851 986 1059 1069 εἰσαγγελίαν
1085 982 1128 1067 ἣν

117 1088 181 1173 ἐγὼ
204 1091 403 1174 εἰσήγγειλα,
430 1088 485 1155 καὶ
508 1088 734 1168 ἀποδοθέντος
760 1093 863 1174 λόγου
891 1088 1047 1178 ἑκατέρῳ,
1072 1086 1128 1154 καὶ

115 1197 267 1281 κρύβδην
289 1194 586 1281 διαψηφισαμένων
608 1207 675 1261 τῶν
698 1199 900 1280 βουλευτῶν,
923 1193 1008 1261 ἑάλω
1027 1193 1064 1260 ἐν
1082 1203 1127 1282 τῳ

74 1329 102 1368 τε
116 1305 343 1390 βουλευτηρίῳ
374 1299 431 1368 καὶ
462 1300 576 1380 ἔδοξεν
608 1300 746 1367 ἀδικεῖν.
791 1298 846 1367 καὶ
878 1301 990 1386 ἐπειδή
1019 1299 1056 1366 ἐν
1082 1307 1128 1387 τῳ

116 1409 374 1493 διαχειροτονεῖν
396 1401 440 1492 ήν
461 1406 483 1491 ἡ
506 1409 628 1493 βουλή,
655 1411 777 1493 πότερα
804 1409 1002 1496 δικαστηρίῳ
1024 1428 1128 1490 παρα-

116 1514 192 1596 δοίη
220 1513 241 1598 ή
270 1515 439 1598 ζημιώσειε
465 1526 537 1591 ταῖς
562 1518 807 1600 πεντακοσίαις,
843 1513 924 1580 ὅσον
955 1508 999 1596 ἡν
1029 1514 1128 1592 κυρία

115 1620 198 1684 κατὰ
216 1621 274 1686 τὸν
291 1623 410 1704 νόμον,
428 1619 597 1705 δεομένων
614 1622 743 1687 τούτων
761 1619 915 1686 ἁπάντων
933 1617 988 1685 καὶ
1007 1619 1127 1684 ίκετευ-

116 1728 225 1791 όντων
247 1723 303 1791 καί
325 1730 400 1792 τίνα
422 1727 464 1792 ού
482 1729 778 1811 προσπεμπόντων,
800 1724 855 1791 καὶ
877 1727 915 1792 τδ
938 1725 1127 1811 διάγραμμα

115 1841 183 1896 τῶν
215 1843 343 1897 σκευῶν
375 1831 605 1898 ἀποδιδόντων
640 1831 744 1908 εὐθὺς
776 1830 813 1897 ἐν
844 1841 883 1918 τῇ
915 1835 1035 1917 βουλή,
1071 1829 1126 1896 καὶ

114 1936 275 2022 περὶτῶν
291 1944 428 2022 πληγῶν
446 1942 643 2024 φασκόντων
661 1936 849 2024 ἐπιτρίψειν
872 1930 898 2026 ᾧ
922 1937 964 2004 ἀν
980 1939 1125 2004 κελεύσω

111 2041 313 2128 Ἀθηναίων,
337 2045 550 2130 συνεχώρησα
576 2045 660 2110 ὥστε
686 2053 732 2131 τῳ
757 2045 921 2132 Θεοφήμῳ
948 2041 1044 2108 πέντε
1070 2041 1127 2108 καί
1239 2107 1242 2117 k

72 2176 102 2215 α
116 2155 221 2215 εἰκοσι
249 2150 406 2234 δραχμῶν
432 2156 709 2234 προστιμηθῆναι.
750 2148 927 2216 καὶταῦτα
950 2149 995 2225 ὡς
1016 2147 1126 2232 ἀληθῆ

115 2253 218 2338 λε’γω,
245 2254 341 2338 ὑμῶν
363 2277 397 2319 τε
421 2252 537 2338 δέομαι
559 2255 633 2320 ὅσοι
655 2253 836 2340 ἐβούλευον
859 2251 909 2320 ἐπ’
930 2251 1127 2338 Ἀγαθοκλέ-

116 2384 177 2438 ους
199 2362 358 2446 ἀρχοντος
379 2359 516 2444 φράζειν
539 2371 608 2436 τοῖς
629 2358 929 2445 παρακαθημένοις,
951 2358 1006 2425 καὶ
1028 2359 1127 2438 ὅσους
1218 2379 1220 2384 ’

115 2467 293 2552 ήδυνάμην
316 2464 380 2549 ἐγὼ
404 2463 551 2550 ἐξευρεῖν
577 2477 645 2532 τῶν
671 2469 744 2532 τότε
772 2468 1019 2550 βουλευόντων,
1045 2465 1126 2552 μάρ-

115 2597 216 2660 τυρας
237 2573 319 2658 ὑμίν
342 2569 532 2656 παρέξομαι.

518 2765 724 2820 MAPTTPIAI.

8 2978 11 2984 ,
178 2888 261 2974 Ἐγὼ
289 2887 351 2976 μεν
378 2894 495 2958 τοίνυν
522 2889 627 2968 οὕτως
653 2885 680 2956 ὦ
708 2891 828 2977 ἀνδρες
854 2889 1004 2958 δαιασταὶ
1027 2892 1124 2959 ἐπιει-

115 2997 175 3081 κής
206 2997 367 3082 ἐγενόμην
398 2999 481 3083 πρὸς
510 2997 658 3073 τούτους.
703 3001 809 3064 καίτοι
840 3000 877 3063 τό
908 3019 946 3082 γε
972 3000 1126 3085 ψήφισμα

116 3103 280 3187 δημοσίαν
303 3104 363 3186 τήν
387 3103 505 3169 οὐσίαν
528 3099 679 3169 ἐκέλευεν
701 3097 807 3187 εἰναι,
833 3101 875 3169 ού
898 3105 1003 3186 μόνον
1025 3104 1061 3182 ὃς
1083 3105 1126 3170 ἀν

116 3211 200 3294 ἔχων
230 3210 330 3293 σκεύη
359 3210 404 3294 μή
434 3208 583 3296 ἀποδιδῷ
612 3217 652 3294 τῇ
681 3211 793 3292 πόλει,
822 3207 906 3274 ἀλλά
934 3206 989 3274 καὶ
1018 3208 1055 3286 ὃς
1082 3209 1125 3276 ἀν

116 3317 186 3403 ἰδίᾳ
216 3316 417 3400 κτησάμενος
449 3316 492 3399 μή
525 3318 631 3400 πωλῇ·
663 3315 798 3399 τοιαύτη
830 3316 893 3398 γάρ
925 3316 973 3399 [ή]
1004 3312 1125 3400 ἀπορία

116 3415 199 3486 οὖσα
232 3419 405 3506 συνέβαινε
437 3424 510 3487 τότε
539 3417 577 3485 ἐν
609 3427 648 3505 τή
680 3423 774 3486 πόλει
804 3431 941 3485 σκευῶν.
986 3422 1044 3484 καί
1069 3443 1125 3502 μοι

115 3525 289 3609 ἀνάγνωθι
311 3528 348 3592 τδ
370 3527 533 3612 ψήφισμα.

928 3630 966 3680 8*
