2654 3926
207 177 251 241 42
485 179 583 232 xmn.
612 179 916 252 [ΔΗαοΣοεαουΣ]

206 337 278 404 ἀλλ’
310 339 385 405 ούτε
418 341 547 405 δίκαιον
579 337 656 405 οὔθ’
684 341 779 406 ὅσιον
804 337 894 406 τοῦτ’
926 343 1015 406 ἔστιν
1043 337 1068 407 ὦ
1097 341 1226 426 ἀνδρες
1316 337 1317 340 “

206 446 365 511 δικασταί.

166 567 192 607 ⁶⁶
268 547 456 634 Ἀνάγνωδι
480 550 519 616 δέ
539 576 596 636 μοι
618 551 657 616 τὰ
681 550 717 616 ἐκ
739 561 796 635 τῆς
819 556 973 636 μαντείας
994 561 1051 635 τῆς
1073 551 1109 617 ε’κ
1131 556 1226 617 Δελ-

100 685 101 688 “
204 667 279 739 φῶν
310 660 525 741 κομισθείσης
556 657 644 742 παρὰ
673 665 734 721 τοῦ
763 662 867 741 θεοῦ,
893 653 937 723 ἵν’
971 662 1137 740 αίσδησδε
1166 657 1224 721 ὅτι

204 761 305 827 ταύτὰ
335 761 422 846 λέγει
451 761 527 848 περὶ
555 773 622 828 τῶν
652 766 889 847 προσηκόντων
915 774 984 840 τοῖς
1010 766 1125 848 νόμοις
1146 775 1224 840 τοῖς

204 878 264 934 τοῦ
287 871 453 946 Σόλωνος.

624 1038 786 1088 ΜΑΝΤΕΙΑ

311 1159 426 1250 Ἀγαθη
444 1163 525 1251 τύχη.
558 1163 687 1249 ἐπερωτᾷ
706 1162 722 1226 δ
741 1166 837 1244 δῆμος
855 1159 1058 1243 δἈδηναίων
1076 1162 1143 1241 περὶ
1161 1173 1217 1226 τοῦ

248 1263 372 1341 σημείου
402 1271 455 1324 τού
483 1261 516 1323 έν
542 1265 582 1347 τῷ
607 1260 726 1346 οὐρανῷ
748 1259 926 1342 γενομένου,
954 1260 972 1321 δ’
993 1283 1021 1322 τι
1043 1258 1081 1320 ὰν
1103 1260 1217 1338 δρῶσιν

244 1353 418 1436 Ἀθηναίοις
431 1356 452 1438 ἢ
467 1357 522 1443 δτφ
536 1362 599 1444 θεῷ
615 1355 951 1438 θύουσινῖχεύχομένοις
965 1357 1010 1437 εἴη
1024 1355 1071 1419 ἐπὶ
1084 1355 1115 1417 τὸ
1130 1353 1215 1435 άμει-

247 1478 303 1517 νον
317 1451 375 1516 ἀπὸ
389 1463 442 1516 τού
453 1455 585 1533 σημείου.
613 1452 756 1535 συμφέρει
766 1450 938 1533 Ἀθηναίοις
950 1454 1018 1535 περί
1027 1463 1079 1518 τού
1090 1455 1213 1534 σημείου

246 1559 300 1612 τοῦ
331 1549 363 1611 έν
394 1555 434 1636 τῷ
469 1550 588 1637 οὐρανῷ
617 1547 779 1632 γενομένου
811 1552 943 1626 θύοντας
973 1557 1133 1632 καλλιερεῖν
1162 1550 1216 1613 Διλ

247 1645 364 1729 δπάτφ,
388 1642 505 1732 Ἀθηνᾷ
528 1645 641 1733 ύπάτη,
666 1643 819 1728 Ἡρακλεῖ,
839 1643 1001 1710 Ἀπόλλωνι
1023 1657 1141 1730 σωτῆρι,
1164 1646 1216 1710 καὶ

234 1737 433 1822 ἀποπέμπειν
460 1740 663 1823 Ἀμφιόνεσσι·
694 1743 760 1824 περὶ
786 1745 876 1824 τύχας
907 1744 1024 1827 ἀγαθᾶς
1053 1741 1215 1808 Ἀπόλλωνι

247 1839 351 1922 ἀγυιεῖ,
374 1847 480 1920 Λατοῖ,
500 1837 653 1922 Ἀρτέμιδι,
675 1839 725 1902 καλ
742 1840 794 1914 τὰς
812 1840 918 1923 ἀγυιὰς
934 1850 1052 1922 κνισην,
1074 1839 1122 1902 καὶ
1140 1864 1213 1922 κρα-

245 1947 336 2018 τῆρας
358 1937 478 2016 ἱστάμεν
499 1937 549 1999 καλ
571 1939 689 2020 χορούς,
711 1939 762 2002 καὶ
784 1944 1022 2019 στεφαναφορεῖν
1043 1938 1131 2001 καττὰ
1153 1939 1212 2000 πά-

227 2057 230 2063 ·
245 2058 310 2116 τρια
327 2041 411 2108 θεοῖς
431 2031 599 2116 Ὀλυμπίοις
617 2035 666 2096 καλ
681 2032 852 2116 Ὀλυμπίαις
869 2037 1009 2099 πάντεσσι
1025 2034 1076 2097 καὶ
1092 2037 1210 2117 πάσαις,

244 2129 344 2206 δεξιὰς
365 2131 415 2193 καὶ
433 2131 584 2213 ἀριστερὰς
607 2132 794 2214 ἀνίσχοντας,
825 2120 1022 2214 μνασιδωρεῖν
1044 2132 1132 2194 καττὰ
1153 2133 1210 2194 τιά-

245 2244 322 2308 τρια·
345 2227 409 2314 ἥρφ
432 2227 585 2315 ἀρχαγέτᾳ,
607 2224 644 2292 ού
668 2230 823 2310 ἐπώνυμοί
838 2231 909 2310 ἐστε,
932 2231 1021 2293 θύειν
1043 2231 1094 2293 καί
1116 2233 1209 2312 δωρο-

245 2421 339 2508 ὰμέρηι
360 2427 453 2484 τελεῖν
475 2422 544 2497 τοὺς
566 2425 747 2499 ποθίκοντας
769 2424 857 2488 καττὰ
880 2423 1020 2506 ὰγημένα.

160 2576 186 2617 ⁸⁷
263 2555 411 2626 Ἀκούετε
431 2562 550 2647 ἀνδρες
570 2564 732 2645 δικασταί,
755 2562 805 2629 δτι
823 2561 926 2628 ταύτὰ
944 2560 1032 2646 λέγει
1054 2562 1126 2628 ὅτε
1144 2567 1208 2630 Σό-

199 2671 268 2732 λων
286 2666 324 2732 ἐν
342 2678 411 2743 τοῖς
429 2670 545 2751 νόμοις
564 2666 620 2733 καί
639 2669 656 2735 ὁ
674 2670 755 2744 θεὸς
778 2668 815 2734 ἐν
833 2677 872 2754 τῇ
895 2672 1044 2756 μαντεία,
1064 2671 1206 2734 κελεύων
1217 2691 1288 2744 1073

198 2782 267 2848 τοῖς
295 2770 542 2857 κατοιχομένοις
572 2785 681 2839 ποιεῖν
710 2776 789 2850 τοὺς
818 2777 1046 2859 προσήκοντας
1076 2773 1113 2839 έν
1139 2785 1207 2852 ταῖς

197 2878 423 2962 καῶηκούσαις
444 2876 589 2963 ἡμέραις.
629 2878 713 2944 ἀλλὰ
735 2880 865 2944 τούτων
889 2875 988 2944 ούδὰν
1012 2881 1104 2963 ἔμελε
1129 2883 1205 2946 Θεο-

197 2987 316 3074 πόμπφ
340 2979 419 3049 οὐδὲ
441 2985 650 3073 Μακαρτάτῳ
678 2988 815 3074 τουτφί,
843 2983 927 3050 ἀλλὰ
948 2985 1069 3050 τούτου
1092 2989 1204 3072 μόνον,

197 3091 238 3154 τὰ
260 3092 304 3174 μὴ
322 3092 532 3174 προσήκοντα
551 3087 680 3166 ἑαυτοῖς
703 3093 802 3176 ἔχειν,
824 3089 879 3156 καλ
903 3090 1053 3174 ἐγκαλεῖν
1077 3091 1127 3156 ὅτι
1149 3113 1204 3157 πο-

198 3196 261 3259 λύν
283 3197 406 3280 χρόνον
434 3193 578 3280 ἐχόντων
606 3193 732 3260 ἑαυτῶν
761 3198 820 3262 τὸν
842 3201 967 3280 κλῆρον
988 3193 1066 3262 νυνὶ
1089 3195 1203 3279 ἀγωνί-

198 3301 317 3376 ζονται.
363 3300 427 3383 ε’γῶ
458 3294 489 3365 δ’
521 3298 615 3388 ᾆέμην
645 3297 671 3366 ὦ
699 3302 820 3387 ἀνδρες
850 3300 1000 3367 δικασταί
1028 3305 1202 3388 προσήκειν

197 3405 256 3468 τὸν
282 3403 458 3491 τάλλότρια
485 3405 607 3483 ἀδίκως
636 3409 753 3492 ἔχοντα
775 3407 837 3473 ούκ
860 3407 1026 3492 ἐγκαλεῖν,
1053 3410 1084 3473 εί
1104 3409 1201 3474 πλείω

197 3510 319 3593 χρόνον
342 3505 448 3597 εἶχεν,
475 3511 558 3578 ἀλλὰ
580 3514 678 3600 χάριν
700 3512 843 3598 είδέναι,
870 3515 914 3598 μη
937 3513 1033 3598 ημῖν,
1061 3512 1144 3578 ἀλλὰ
1166 3522 1201 3600 τῇ
