2650 3918
210 184 276 250 284
502 185 600 238 ενοι.
628 171 931 254 [ΔΗΜοΣοεοοντ]

206 341 262 412 καὶ
284 344 496 412 πιστεύονται
519 347 646 428 μᾶλλον
662 338 740 429 παρ’
761 341 851 426 ὑμῖν.
888 335 960 406 ἀλλ’
983 339 1024 406 ού
1040 342 1229 425 ποιήσουσι

207 461 315 518 τοῦτο.
353 449 411 516 διδ
437 452 485 528 τίς
513 447 565 514 ὅτι
591 445 674 534 φασλ
699 451 856 532 πολεμεῖν
883 445 1038 532 ἀλληλοις
1058 443 1100 512 ού
1123 450 1231 511 πολε-

207 566 355 642 μοῦντες.

167 677 195 720 ιο
274 659 361 748 Περὶ
388 656 450 746 μὲν
477 655 541 727 οὖν
567 668 625 744 τῆς
653 660 781 726 τούτων
803 662 925 747 ἔχθρας
945 657 1041 744 ὑμεῖς
1063 655 1106 724 δν
1129 656 1230 743 άκρι-

207 765 363 854 βίστερον
390 764 464 853 ἐμοὶ
490 763 685 846 διεξίλθοιύ
712 766 734 851 ἢ
762 765 826 850 ἐγὼ
853 767 943 851 ύμῖν.
987 761 1092 849 ἡδέως
1119 761 1151 829 δ’
1183 762 1229 828 διν

207 873 336 960 ἠρόμην
356 876 540 959 Θεοκρίνην
558 871 710 938 ἐναντίον
727 871 834 957 ὑμῶν,
857 878 891 938 εί
907 894 964 957 μοι
982 873 1119 955 ἔμελλεν
1142 867 1228 934 άπο-

207 985 396 1066 κρννεῖσδαι
419 980 566 1062 δικαίως,
589 980 625 1044 τί
638 973 712 1044 ποτ’
734 976 777 1043 δν
795 977 960 1062 ἐποίησεν,
983 975 1095 1060 ἐπειδη
1118 991 1227 1060 φησιν

208 1083 262 1150 ἐπὶ
283 1093 328 1174 τφ
355 1084 499 1150 κωλύειν
523 1083 681 1170 τετάχθαι
709 1085 788 1161 τοὺς
809 1083 850 1148 τὰ
879 1082 1053 1169 παράνομα
1074 1080 1227 1166 γράφον·
1300 1105 1301 1108 ’

208 1214 276 1275 τας,
299 1197 337 1262 εί,
346 1213 395 1268 τις
413 1188 450 1256 ἐν
468 1197 513 1278 τῷ
533 1191 628 1278 δήμω
650 1185 840 1273 διαλεχθεὶς
862 1187 963 1252 άπασι
985 1196 1054 1262 τοῖς
1074 1187 1285 1262 πολίταιςιειι

208 1295 263 1363 καλ
285 1296 403 1373 πείσας
421 1297 565 1382 ἔγραψεν
584 1294 706 1374 ἐξεῖναι
723 1304 794 1370 τοῖς
814 1290 942 1377 ἀτίμοις
963 1289 1110 1369 καὶτοῖς
1132 1289 1227 1376 ὀφεί-
1301 1363 1302 1366 ¹

209 1406 307 1468 λουσι
333 1409 377 1488 τῷ
407 1402 556 1488 δημοσίφ
586 1399 794 1486 γράφεσθαι,
825 1400 976 1484 φαίνειν,
1006 1396 1226 1482 ἐνδεικνύειν,

211 1505 321 1584 ἁπλῶς
350 1517 460 1572 ποιεῖν
487 1505 615 1592 ὅσαπερ
643 1513 709 1571 νῦν
736 1505 755 1572 δ
777 1507 879 1588 νόμος
908 1503 1029 1569 κωλύει
1057 1502 1226 1588 πράττειν,
1302 1578 1303 1602 ρ

170 1633 197 1672 ιε
210 1614 351 1697 πότερον
369 1608 526 1697 ἐγράψατ’
549 1609 592 1676 δν
610 1613 813 1696 παρανόμων
835 1611 896 1676 τὸν
917 1606 1006 1676 ταῦτ’
1034 1610 1182 1693 είπόντα,
1204 1609 1224 1694 η
1302 1651 1303 1684 η

211 1717 269 1793 οὕς
299 1717 331 1780 εί
356 1711 417 1800 μὲν
447 1715 510 1802 γάρ
539 1718 584 1800 μή
614 1718 727 1801 [φησει
749 1714 792 1781 δν
814 1715 1042 1803 γράψασθαι],
1069 1726 1139 1791 πῶς
1161 1717 1223 1802 χρὴ

211 1820 378 1886 πιστεύειν
407 1820 496 1910 αύτῷ
526 1819 677 1906 λέγοντι,
707 1821 752 1899 ὡς
780 1821 937 1906 φυλάττει
958 1823 1037 1899 τούς
1057 1821 1098 1887 τά
1120 1822 1225 1908 παρά-

212 1925 522 2014 νομα,γράφοντας;
554 1930 587 1993 εί
605 1924 645 2008 1δ’
674 1925 829 2014 ἐγράψατ’
856 1928 917 2013 ύν,
945 1939 1015 2004 πῶς
1041 1927 1083 1993 οὐ
1110 1928 1224 1993 δεινόν
1303 1944 1304 1990 ι

213 2032 320 2118 ἐστιν,
347 2029 463 2119 ἑτέρου
490 2027 553 2118 μὲν
583 2033 774 2120 γράψαντος
794 2034 935 2099 κωλύειν
957 2032 1002 2100 δν
1021 2030 1116 2110 τέλος
1137 2035 1224 2119 ἔχειν

213 2141 250 2206 τὸ
271 2139 439 2224 ψήφισμα,
460 2137 518 2203 ἵνα
539 2139 584 2224 μη
603 2137 724 2216 πάντες
742 2147 840 2205 τοῦτο
862 2150 993 2222 ποιῶσι,
1014 2136 1070 2203 καὶ
1092 2139 1223 2225 γραφὴν

213 2244 435 2328 άπενεγκύντα
457 2244 763 2331 παραγραψάμενον
783 2255 894 2330 σαφῶς
915 2247 994 2322 τούς
1015 2247 1140 2329 νόμους
1162 2268 1223 2310 κω-

173 2352 308 2418 κλύειν
336 2352 374 2417 τὸ
401 2360 555 2438 πρᾶγμα,
580 2349 660 2417 νννλ
691 2347 722 2416 δ’
755 2350 857 2416 αὐτὸν
883 2361 1022 2435 τοῦτον,
1050 2353 1131 2435 μήτε
1156 2355 1223 2416 πεί-

214 2474 317 2523 σαντα
343 2457 403 2522 τὸν
429 2457 537 2540 δῆμον
563 2458 644 2541 μήτε
670 2457 789 2522 κοινδν
815 2457 1062 2544 καταστήσαντα
1083 2457 1121 2522 τὸ
1144 2466 1223 2543 πρᾶ-

213 2585 291 2646 γμα,
312 2562 501 2648 γράφεσθαι
522 2571 590 2628 τῶν
612 2564 726 2646 νόμων
744 2560 832 2649 αύτηῖ
853 2560 1148 2649 άπαγορενόντων;
1170 2559 1223 2628 καὶ

214 2667 308 2732 δεινά
329 2668 430 2751 φησει
454 2667 571 2733 αύτίκα
595 2668 636 2751 δη
661 2668 748 2752 μάλα
765 2667 915 2753 πάσχειν,
937 2669 969 2734 εί
990 2669 1034 2753 μη
1057 2666 1153 2734 ταῦτ’
1177 2666 1223 2746 ἐξ·

215 2770 305 2837 ἔσται
326 2781 436 2837 ποιεῖν
455 2771 556 2860 αὐτῷ,
579 2771 635 2838 καλ
655 2769 789 2850 διέξεισι
811 2773 869 2849 τὰς
891 2772 926 2838 ἐκ
948 2784 1017 2839 τῶν
1036 2777 1151 2859 νόμων
1174 2777 1222 2853 ζ-

215 2880 307 2962 μίας,
334 2867 386 2952 αἷς
413 2877 527 2962 ἔνοχος
555 2875 614 2942 ἐάν
641 2875 709 2965 ἁλῷ
737 2879 924 2962 γενήσεται·
951 2890 1019 2944 τῶν
1048 2874 1086 2944 δὲ
1112 2881 1222 2963 νόμων

215 2984 259 3067 μη
282 2982 488 3067 φροντίζειν,
517 2979 588 3046 ἀλλ’
616 2980 733 3060 ἀξιοῦν
760 2982 849 3071 αύτῷ
878 2985 1075 3070 τηλικαύτην
1098 2986 1222 3072 δωρεάν

216 3088 378 3153 δεδόσθαι
408 3082 484 3172 παρ’
511 3085 627 3172 ὑμῶν,
656 3087 740 3172 ὅσην
767 3086 840 3154 οὐδ’
871 3091 1003 3175 αίτησαι
1031 3094 1221 3176 τετόλμηκεν

216 3192 343 3272 ούδείςς

178 3325 204 3364 ιε
275 3296 348 3363 Ὅτι
366 3293 430 3383 μὲν
449 3292 511 3364 οὖν
528 3296 604 3384 περὶ
621 3308 678 3383 τῆς
695 3297 865 3379 ἐνδείξεως
887 3297 987 3368 οὐδὲν
1009 3301 1074 3380 ἔξει
1097 3304 1221 3382 δίκαιον

218 3401 326 3487 λέγειν
354 3403 430 3469 οὔτε
458 3406 637 3489 Θεοκρίνης
663 3404 739 3482 οὔτε
765 3415 832 3470 τῶν
859 3402 944 3493 ὑπὲρ
971 3408 1090 3473 τούτου
1113 3413 1221 3493 λεγόν-

217 3531 285 3574 των
303 3508 428 3592 ούδείς,
451 3509 570 3593 σχεδὸν
588 3504 711 3574 είδίναι
728 3509 852 3588 πάντας
869 3510 953 3596 ὑμᾶς
974 3515 1104 3597 νομίζω.
1136 3509 1221 3599 οἶμαι
