2650 3918
528 175 738 228 ΕΠΙΤΔΦΙΟΣ.
1072 173 1140 240 335

126 333 171 402 δν
194 337 343 420 εἰκότως,
371 335 453 402 ὅσον
480 336 517 402 οί
540 331 601 420 μέν
624 335 657 415 §e
681 334 808 420 ἀπάσης
829 345 887 422 τῆς
903 333 1062 414 Ἑλλάδος
1084 337 1140 403 όν-

126 463 182 518 τες
198 440 342 527 ἀριστεῖς
360 438 427 507 δέκ’
450 444 506 526 ἔτη
524 451 582 528 τῆς
599 439 710 519 ’Λσίας
726 442 764 508 ἓν
782 447 905 529 χωρίον
922 448 1141 528 πολιορκοῦν·

86 564 112 602 11
127 570 180 624 τες
206 549 302 632 μόλις
329 539 437 633 εἷλον,
461 543 558 615 οὗτοι
586 544 624 614 δὲ
650 549 710 614 τὸν
738 547 774 614 έκ
795 548 901 632 πάσης
922 557 979 634 τής
1000 549 1141 634 ἠπείρου

128 654 250 719 στόλον
273 652 417 720 ἐλθόντα
440 656 553 739 μόνοι,
578 655 682 720 τάλλα
709 654 816 721 πάντα
842 651 1141 742 κατεστραμμένον,

128 759 170 825 ού
192 761 299 844 μόνον
320 761 503 846 ἠμύναντο,
526 758 610 826 ἀλλὰ
627 757 683 825 καὶ
700 763 863 846 τιμωρίαν
883 756 967 842 ὑπὲρ
990 755 1038 826 ὧν
1059 763 1140 837 τοὺς

127 866 249 942 ἀλλους
274 866 415 949 ἠδίκουν
442 864 618 948 ἐπέθηκαν.
659 867 707 931 έτι
733 869 850 932 τοίνυν
880 866 938 942 τάς
965 865 1002 931 έν
1028 865 1141 945 αύτοίς

127 981 197 1048 τοῖς
209 969 348 1056 Ἕλλησι
369 971 560 1051 πλεονεξίας
576 972 772 1056 κωλύοντες,
793 972 919 1049 πάντας
940 971 1039 1047 ὅσους
1061 988 1140 1037 συν-

128 1075 187 1162 έβη
214 1075 374 1161 γενέσθαι
400 1077 582 1153 κινδύνους
608 1073 807 1162 ὑπέμειναν,
834 1075 920 1142 ὅπου
946 1078 985 1142 τὸ
1008 1076 1140 1142 δίκαιον

7 1229 8 1264 ss
126 1189 178 1268 είη
205 1180 421 1267 τεταγμένον,
448 1179 596 1247 ἐνταῦθα
626 1180 869 1268 προσνέμοντες
900 1177 1052 1267 ἑαυτούς,
1079 1181 1141 1260 ἕως

127 1291 175 1367 είς
196 1290 258 1373 τήν
281 1297 346 1354 νῦν
370 1290 476 1367 ζῶσαν
498 1286 631 1370 ἠλικίαν
654 1289 673 1354 ὁ
695 1291 815 1373 χρόνος
836 1289 1025 1372 προήγαγεν
1046 1285 1141 1370 ἠμάς.

7 1465 8 1486 3
88 1411 113 1450 1²
193 1392 325 1480 Μηδεὶς
343 1391 373 1459 δ’
395 1394 543 1478 ἡγείσθω
562 1416 602 1479 με
621 1392 822 1480 ἀποροῦντα,
843 1397 879 1458 τί
892 1394 954 1479 χρή
972 1389 1048 1477 περὶ
1065 1393 1140 1457 τού-

7 1493 9 1606 ἠ
127 1525 195 1568 των
217 1504 323 1566 είπείν
345 1497 496 1584 ἑκάστου,
518 1508 622 1566 ταῦτα
643 1500 684 1566 τά
706 1495 886 1586 πραχθέντ’
913 1494 1139 1584 ἀπηριθμηκέ-

7 1663 8 1692 ,
127 1611 193 1674 νἀι.
226 1609 258 1674 εί
274 1607 338 1694 γάρ
357 1605 512 1672 ἁπάντων
530 1605 783 1691 ἀμηχανώτατος
799 1599 844 1690 ἠν
861 1605 880 1670 δ
897 1628 931 1671 τι
948 1605 1010 1691 χρή
1029 1601 1139 1687 λέγειν

127 1715 348 1799 πορίσασθαι,
377 1710 553 1798 ἠ’κείνων
582 1711 682 1798 ἀρετή
711 1712 882 1779 δείκνυσιν
911 1711 1011 1796 αύτή,
1041 1707 1140 1776 δκαλ

127 1820 285 1903 πρόχειρα
307 1816 364 1885 καὶ
386 1813 475 1907 ῥᾴδι’
502 1815 656 1882 ἐπελθεῖν
678 1813 777 1880 ἐστιν.
820 1816 904 1882 ἀλλά
917 1825 1140 1902 προαιροῦμαι

127 1931 185 2006 τῆς
206 1923 373 2006 εὐγενείας
394 1920 450 1988 καὶ
471 1933 539 1988 τῶν
566 1923 655 2009 παρὰ
680 1933 751 2000 τοῖς
775 1925 954 2008 προγόνοις
976 1925 1139 2005 μεγίστων

127 2031 304 2112 μνησθείς,
336 2028 380 2104 ὡς
410 2029 546 2113 τάχιστα
577 2027 724 2106 συνάψαι
759 2029 819 2093 τὸν
851 2029 953 2108 λόγον
983 2027 1067 2112 πρὸς
1097 2026 1138 2091 τὰ

127 2135 239 2200 τοῖσδε
257 2131 480 2217 πεπραγμένα,
497 2129 559 2216 ἵν’,
581 2133 691 2218 ὥσπερ
708 2132 767 2209 τδς
784 2133 901 2218 φύσεις
917 2125 1004 2214 ἠσαν
1022 2146 1140 2214 συγγε-

127 2248 212 2320 νεῖς,
237 2237 323 2303 ούτω
345 2239 424 2314 τούς
446 2237 602 2316 ἐπαίνους
629 2235 680 2304 ἀπ’
707 2237 818 2304 αὐτῶν
839 2238 974 2312 κοινούς
995 2239 1140 2320 ποιήσω-

129 2366 198 2428 μαι,
220 2342 465 2428 ὑπολαμβάνων
486 2341 578 2409 ταῦτ’
604 2343 647 2410 ἀν
669 2339 756 2411 εἶναι
777 2340 995 2429 κεχαρισμένα
1019 2340 1140 2423 [κάκεί-

128 2472 201 2526 νοις
223 2447 291 2531 καὶ]
314 2447 445 2535 μάλιστ’
471 2448 685 2534 ἀμφοτέροις,
711 2451 744 2516 εἰ
768 2458 827 2534 τῆς
848 2448 1002 2532 ἀλλήλων
1025 2446 1140 2534 ἀρετής

128 2555 172 2640 μή
191 2557 297 2640 μόνον
314 2562 354 2640 τῇ
371 2554 471 2640 φύσει
489 2554 695 2640 μετάσχοιεν,
716 2554 801 2620 ἀλλά
823 2552 879 2620 καλ
896 2564 966 2630 τοῖς
983 2552 1139 2634 ἐπαίνοις,

89 2679 114 2718 1³
190 2658 331 2747 Ἀνάγκη
355 2658 388 2726 δ’
416 2659 452 2728 έν
474 2668 520 2748 τῷ
549 2660 670 2745 μεταξύ
697 2661 885 2746 διαλαβεῖν,
912 2657 967 2726 καί
992 2661 1057 2746 πρὸ
1078 2669 1139 2726 τοῦ

127 2768 167 2834 τδι
188 2769 299 2834 τοῖσδε
321 2764 534 2853 πεπραγμένα
555 2777 626 2844 τοῖς
647 2765 790 2853 ἀνδράσι
812 2767 953 2850 δηλοῦν,
979 2763 1035 2831 καὶ
1061 2767 1140 2844 τοὺς

128 2870 189 2950 ἔξω
211 2881 270 2939 τοῦ
293 2869 411 2955 γένους
433 2873 516 2957 πρὸς
542 2872 601 2937 τὸν
627 2871 734 2956 τάφον
761 2870 1031 2955 ἠκολουθηκότας
1057 2872 1140 2958 πρὸς

128 2977 264 3042 εὔνοιαν
289 2976 522 3064 παρακαλέσαι.
566 2975 622 3044 καὶ
649 2976 713 3064 γάρ
737 2977 773 3042 εί
798 2971 860 3060 μέν
887 2977 934 3054 είς
960 2977 1137 3064 χρημάτων
1148 2990 1216 3044 1893

129 3081 280 3166 δαπάνην
306 3085 328 3168 ἠ
353 3082 418 3150 τιν’
444 3085 550 3168 ἀλλην
576 3084 724 3168 θεωρίαν
752 3083 894 3148 ἱππικῶν
920 3083 941 3168 ἠ
968 3093 1138 3168 γυμνικῶν

128 3189 244 3254 ἀθλων
267 3187 412 3275 ἐτάχθην
432 3196 597 3274 κοσμῆσαι
618 3189 678 3254 τὸν
700 3185 818 3272 τάφον,
841 3187 970 3278 ὅσῳπερ
993 3187 1036 3254 δν
1057 3209 1138 3274 προ-

128 3297 317 3380 θυμότερον
333 3291 390 3359 καλ
407 3291 642 3379 ἀφειδέστερον
659 3302 762 3359 ταῦτα
778 3283 1063 3380 παρεσκευάσμην,
1084 3317 1138 3360 το-
1182 3341 1184 3347 s

129 3401 236 3489 σούτφ
255 3404 383 3486 μᾶλλον
404 3396 447 3464 ἀν
464 3395 662 3485 προσήκοντ’
685 3396 783 3478 έδοξα
800 3395 1026 3482 πεποιηκέναι·
1048 3399 1138 3488 λόγφ

130 3503 158 3571 δ’
182 3504 350 3574 ἐπαινέσαι
372 3505 492 3574 τούσδε
514 3507 592 3582 τούς
609 3505 733 3591 ἄνδρας
750 3505 906 3592 αἱρεθείς,
928 3502 971 3569 ἀν
993 3505 1038 3590 μή
1060 3505 1138 3582 τούς
