<?xml version="1.0" encoding="UTF-8"?>
<!DOCTYPE html PUBLIC "-//W3C//DTD XHTML 1.0 Transitional//EN"
    "http://www.w3.org/TR/xhtml1/DTD/xhtml1-transitional.dtd">
<html xmlns="http://www.w3.org/1999/xhtml" xml:lang="en" lang="en">
 <head>
  <title>
</title>
<meta http-equiv="Content-Type" content="text/html;charset=utf-8" />
  <meta name='ocr-system' content='tesseract 3.04.00' />
  <meta name='ocr-capabilities' content='ocr_page ocr_carea ocr_par ocr_line ocrx_word'/>
</head>
<body>
  <div class='ocr_page' id='page_1' title='image "./orationes01demogoog_0451.png"; bbox 0 0 2650 3918; ppageno 0'>
   <div class='ocr_carea' id='block_1_1' title="bbox 162 153 802 270">
    <p class='ocr_par' dir='ltr' id='par_1_1' title="bbox 162 153 802 270">
     <span class='ocr_line' id='line_1_1' title="bbox 162 153 802 270; baseline -0.017 -4"><span class='ocrx_word' id='word_1_1' title='bbox 162 153 226 270; x_wconf 63' lang='lat'><strong>3⁰58</strong></span> <span class='ocrx_word' id='word_1_2' title='bbox 523 203 802 256; x_wconf 72' lang='grc' dir='ltr'><strong><em>οΗνοΣοκοοΤε</em></strong></span> 
     </span>
    </p>
   </div>
   <div class='ocr_carea' id='block_1_2' title="bbox 122 357 1253 1826">
    <p class='ocr_par' dir='ltr' id='par_1_2' title="bbox 160 357 1253 869">
     <span class='ocr_line' id='line_1_2' title="bbox 161 357 1253 450; baseline 0.004 -22"><span class='ocrx_word' id='word_1_3' title='bbox 161 358 303 450; x_wconf 72' lang='grc' dir='ltr'><strong><em>πρὸςσλ</em></strong></span> <span class='ocrx_word' id='word_1_4' title='bbox 330 364 538 449; x_wconf 75' lang='grc' dir='ltr'><strong><em>διακεῖσθαι,</em></strong></span> <span class='ocrx_word' id='word_1_5' title='bbox 568 364 612 448; x_wconf 79' lang='grc' dir='ltr'><strong><em>μή</em></strong></span> <span class='ocrx_word' id='word_1_6' title='bbox 641 363 700 441; x_wconf 81' lang='grc' dir='ltr'><strong><em>τὰς</em></strong></span> <span class='ocrx_word' id='word_1_7' title='bbox 728 362 940 439; x_wconf 68' lang='grc' dir='ltr'><strong><em>ἐπιπολαίους</em></strong></span> <span class='ocrx_word' id='word_1_8' title='bbox 965 359 1090 444; x_wconf 78' lang='grc' dir='ltr'><strong><em>ήδουας</em></strong></span> <span class='ocrx_word' id='word_1_9' title='bbox 1114 357 1171 426; x_wconf 76' lang='grc' dir='ltr'><strong><em>καὶ</em></strong></span> <span class='ocrx_word' id='word_1_10' title='bbox 1181 380 1253 432; x_wconf 74' lang='lat'>1418</span> 
     </span>
     <span class='ocr_line' id='line_1_3' title="bbox 163 463 1170 554; baseline -0.005 -20"><span class='ocrx_word' id='word_1_11' title='bbox 163 469 331 554; x_wconf 80' lang='grc' dir='ltr'><strong><em>διατριβὰς</em></strong></span> <span class='ocrx_word' id='word_1_12' title='bbox 348 467 490 554; x_wconf 78' lang='grc' dir='ltr'><strong><em>ἀγαπᾶν,</em></strong></span> <span class='ocrx_word' id='word_1_13' title='bbox 513 467 589 554; x_wconf 84' lang='grc' dir='ltr'><strong><em>μηδ’</em></strong></span> <span class='ocrx_word' id='word_1_14' title='bbox 612 466 667 534; x_wconf 80' lang='grc' dir='ltr'><strong><em>ἐπὶ</em></strong></span> <span class='ocrx_word' id='word_1_15' title='bbox 683 469 802 546; x_wconf 90' lang='grc' dir='ltr'><strong><em>ταύτας</em></strong></span> <span class='ocrx_word' id='word_1_16' title='bbox 819 471 1068 554; x_wconf 74' lang='grc' dir='ltr'><strong><em>προκαλεῖσθαι,</em></strong></span> <span class='ocrx_word' id='word_1_17' title='bbox 1085 463 1170 530; x_wconf 78' lang='grc' dir='ltr'><strong><em>ἄλλα</em></strong></span> 
     </span>
     <span class='ocr_line' id='line_1_4' title="bbox 161 571 1169 658; baseline -0.002 -19"><span class='ocrx_word' id='word_1_18' title='bbox 161 577 357 658; x_wconf 75' lang='grc' dir='ltr'><em>φιλοπονεῖν</em></span> <span class='ocrx_word' id='word_1_19' title='bbox 383 571 439 640; x_wconf 83' lang='grc' dir='ltr'><strong><em>καὶ</em></strong></span> <span class='ocrx_word' id='word_1_20' title='bbox 466 584 602 641; x_wconf 92' lang='grc' dir='ltr'><strong><em>σκοπεῖν</em></strong></span> <span class='ocrx_word' id='word_1_21' title='bbox 629 574 717 650; x_wconf 77' lang='grc' dir='ltr'><strong><em>ὅπως</em></strong></span> <span class='ocrx_word' id='word_1_22' title='bbox 744 575 803 639; x_wconf 89' lang='grc' dir='ltr'><strong><em>τὸν</em></strong></span> <span class='ocrx_word' id='word_1_23' title='bbox 831 575 892 639; x_wconf 87' lang='grc' dir='ltr'><strong><em>σὸν</em></strong></span> <span class='ocrx_word' id='word_1_24' title='bbox 918 575 995 657; x_wconf 80' lang='grc' dir='ltr'><strong><em>βίον</em></strong></span> <span class='ocrx_word' id='word_1_25' title='bbox 1022 571 1067 648; x_wconf 79' lang='grc' dir='ltr'><strong><em>ὡς</em></strong></span> <span class='ocrx_word' id='word_1_26' title='bbox 1088 575 1169 655; x_wconf 85' lang='grc' dir='ltr'><strong><em>λαμ·</em></strong></span> 
     </span>
     <span class='ocr_line' id='line_1_5' title="bbox 160 676 1169 765; baseline -0.005 -19"><span class='ocrx_word' id='word_1_27' title='bbox 160 681 324 764; x_wconf 81' lang='grc' dir='ltr'><strong><em>πρότατον</em></strong></span> <span class='ocrx_word' id='word_1_28' title='bbox 345 683 622 765; x_wconf 77' lang='grc' dir='ltr'><strong><em>καταστήσουσιν·</em></strong></span> <span class='ocrx_word' id='word_1_29' title='bbox 644 679 743 746; x_wconf 83' lang='grc' dir='ltr'><strong><em>αὐτοί</em></strong></span> <span class='ocrx_word' id='word_1_30' title='bbox 765 702 800 744; x_wconf 90' lang='grc' dir='ltr'><strong><em>τε</em></strong></span> <span class='ocrx_word' id='word_1_31' title='bbox 826 680 890 764; x_wconf 74' lang='grc' dir='ltr'><strong><em>γὰρ</em></strong></span> <span class='ocrx_word' id='word_1_32' title='bbox 918 678 1023 756; x_wconf 77' lang='grc' dir='ltr'><strong><em>οὕτως</em></strong></span> <span class='ocrx_word' id='word_1_33' title='bbox 1044 676 1087 742; x_wconf 79' lang='grc' dir='ltr'><strong><em>ἂν</em></strong></span> <span class='ocrx_word' id='word_1_34' title='bbox 1109 676 1169 761; x_wconf 81' lang='grc' dir='ltr'><strong><em>μώ-</em></strong></span> 
     </span>
     <span class='ocr_line' id='line_1_6' title="bbox 162 781 1170 869; baseline -0.003 -18"><span class='ocrx_word' id='word_1_35' title='bbox 162 781 245 851; x_wconf 86' lang='grc' dir='ltr'><strong><em>λιστ’</em></strong></span> <span class='ocrx_word' id='word_1_36' title='bbox 271 786 458 854; x_wconf 69' lang='grc' dir='ltr'><strong><em>ἐπαινοῖντο</em></strong></span> <span class='ocrx_word' id='word_1_37' title='bbox 485 785 541 853; x_wconf 82' lang='grc' dir='ltr'><strong><em>καὶ</em></strong></span> <span class='ocrx_word' id='word_1_38' title='bbox 568 784 622 852; x_wconf 79' lang='grc' dir='ltr'><strong><em>σοί</em></strong></span> <span class='ocrx_word' id='word_1_39' title='bbox 648 788 811 851; x_wconf 87' lang='grc' dir='ltr'><strong><em>πλείστων</em></strong></span> <span class='ocrx_word' id='word_1_40' title='bbox 831 784 973 869; x_wconf 74' lang='grc' dir='ltr'><strong><em>ἀγαθῶν</em></strong></span> <span class='ocrx_word' id='word_1_41' title='bbox 994 789 1094 850; x_wconf 87' lang='grc' dir='ltr'><strong><em>αίτιοι</em></strong></span> <span class='ocrx_word' id='word_1_42' title='bbox 1116 781 1170 866; x_wconf 83' lang='grc' dir='ltr'><strong><em>γό-</em></strong></span> 
     </span>
    </p>

    <p class='ocr_par' dir='ltr' id='par_1_3' title="bbox 122 885 1170 1826">
     <span class='ocr_line' id='line_1_7' title="bbox 122 885 1170 978; baseline -0.003 -22"><span class='ocrx_word' id='word_1_43' title='bbox 122 905 147 948; x_wconf 70' lang='grc' dir='ltr'><strong><em>ῦτ</em></strong></span> <span class='ocrx_word' id='word_1_44' title='bbox 160 914 283 958; x_wconf 89' lang='grc' dir='ltr'><strong><em>νοιντο.</em></strong></span> <span class='ocrx_word' id='word_1_45' title='bbox 319 890 488 978; x_wconf 80' lang='grc' dir='ltr'><strong><em>μέμφομαι</em></strong></span> <span class='ocrx_word' id='word_1_46' title='bbox 510 888 572 978; x_wconf 71' lang='grc' dir='ltr'><strong><em>μὲν</em></strong></span> <span class='ocrx_word' id='word_1_47' title='bbox 595 887 657 958; x_wconf 82' lang='grc' dir='ltr'><strong><em>οὖν</em></strong></span> <span class='ocrx_word' id='word_1_48' title='bbox 685 887 765 958; x_wconf 67' lang='grc' dir='ltr'><strong><em>οὐδὲ</em></strong></span> <span class='ocrx_word' id='word_1_49' title='bbox 791 899 857 956; x_wconf 79' lang='grc' dir='ltr'><strong><em>νῦν</em></strong></span> <span class='ocrx_word' id='word_1_50' title='bbox 883 887 1005 957; x_wconf 84' lang='grc' dir='ltr'><strong><em>ούδίνα</em></strong></span> <span class='ocrx_word' id='word_1_51' title='bbox 1025 900 1094 955; x_wconf 87' lang='grc' dir='ltr'><strong><em>τῶν</em></strong></span> <span class='ocrx_word' id='word_1_52' title='bbox 1116 885 1170 954; x_wconf 79' lang='grc' dir='ltr'><strong><em>σοί</em></strong></span> 
     </span>
     <span class='ocr_line' id='line_1_8' title="bbox 160 994 1170 1085; baseline -0.003 -23"><span class='ocrx_word' id='word_1_53' title='bbox 160 1001 420 1084; x_wconf 78' lang='grc' dir='ltr'><strong><em>πλησιαζόντων·</em></strong></span> <span class='ocrx_word' id='word_1_54' title='bbox 448 996 503 1065; x_wconf 83' lang='grc' dir='ltr'><strong><em>καὶ</em></strong></span> <span class='ocrx_word' id='word_1_55' title='bbox 529 999 593 1085; x_wconf 77' lang='grc' dir='ltr'><strong><em>γάρ</em></strong></span> <span class='ocrx_word' id='word_1_56' title='bbox 620 1022 677 1083; x_wconf 91' lang='grc' dir='ltr'><strong><em>μοι</em></strong></span> <span class='ocrx_word' id='word_1_57' title='bbox 704 1000 799 1064; x_wconf 86' lang='grc' dir='ltr'><strong><em>δοκεῖ</em></strong></span> <span class='ocrx_word' id='word_1_58' title='bbox 817 1004 875 1080; x_wconf 75' lang='grc' dir='ltr'><strong><em>τῆς</em></strong></span> <span class='ocrx_word' id='word_1_59' title='bbox 896 997 998 1080; x_wconf 80' lang='grc' dir='ltr'><strong><em>ἄλλης</em></strong></span> <span class='ocrx_word' id='word_1_60' title='bbox 1019 994 1170 1080; x_wconf 76' lang='grc' dir='ltr'><strong><em>εὐτυχίας</em></strong></span> 
     </span>
     <span class='ocr_line' id='line_1_9' title="bbox 160 1100 1168 1189; baseline -0.004 -21"><span class='ocrx_word' id='word_1_61' title='bbox 160 1111 218 1188; x_wconf 77' lang='grc' dir='ltr'><strong><em>τῆς</em></strong></span> <span class='ocrx_word' id='word_1_62' title='bbox 239 1113 300 1188; x_wconf 80' lang='grc' dir='ltr'><strong><em>σῆς</em></strong></span> <span class='ocrx_word' id='word_1_63' title='bbox 320 1103 376 1170; x_wconf 77' lang='grc' dir='ltr'><strong><em>καὶ</em></strong></span> <span class='ocrx_word' id='word_1_64' title='bbox 397 1102 495 1172; x_wconf 75' lang='grc' dir='ltr'><strong><em>τοῦδ’</em></strong></span> <span class='ocrx_word' id='word_1_65' title='bbox 517 1105 554 1172; x_wconf 74' lang='grc' dir='ltr'><strong><em>ἓν</em></strong></span> <span class='ocrx_word' id='word_1_66' title='bbox 572 1100 671 1189; x_wconf 84' lang='grc' dir='ltr'><strong><em>εἶναι,</em></strong></span> <span class='ocrx_word' id='word_1_67' title='bbox 692 1105 731 1170; x_wconf 89' lang='grc' dir='ltr'><strong><em>τὸ</em></strong></span> <span class='ocrx_word' id='word_1_68' title='bbox 749 1103 892 1188; x_wconf 83' lang='grc' dir='ltr'><strong><em>μηδενὸς</em></strong></span> <span class='ocrx_word' id='word_1_69' title='bbox 908 1103 1041 1188; x_wconf 80' lang='grc' dir='ltr'><strong><em>φαύλου</em></strong></span> <span class='ocrx_word' id='word_1_70' title='bbox 1057 1110 1168 1186; x_wconf 89' lang='grc' dir='ltr'><strong><em>τυχεῖν</em></strong></span> 
     </span>
     <span class='ocr_line' id='line_1_10' title="bbox 161 1207 1168 1295; baseline -0.001 -21"><span class='ocrx_word' id='word_1_71' title='bbox 161 1207 319 1294; x_wconf 83' lang='grc' dir='ltr'><strong><em>ἐραστοῦ,</em></strong></span> <span class='ocrx_word' id='word_1_72' title='bbox 350 1209 421 1278; x_wconf 76' lang='grc' dir='ltr'><strong><em>ἀλλ’</em></strong></span> <span class='ocrx_word' id='word_1_73' title='bbox 449 1211 508 1289; x_wconf 78' lang='grc' dir='ltr'><strong><em>οὓς</em></strong></span> <span class='ocrx_word' id='word_1_74' title='bbox 536 1213 578 1278; x_wconf 74' lang='grc' dir='ltr'><strong><em>ἄν</em></strong></span> <span class='ocrx_word' id='word_1_75' title='bbox 607 1235 657 1289; x_wconf 89' lang='grc' dir='ltr'><strong><em>τις</em></strong></span> <span class='ocrx_word' id='word_1_76' title='bbox 684 1210 792 1277; x_wconf 81' lang='grc' dir='ltr'><strong><em>ἕλοιτο</em></strong></span> <span class='ocrx_word' id='word_1_77' title='bbox 822 1212 1025 1295; x_wconf 82' lang='grc' dir='ltr'><strong><em>βουλόμενος</em></strong></span> <span class='ocrx_word' id='word_1_78' title='bbox 1050 1209 1168 1293; x_wconf 86' lang='grc' dir='ltr'><strong><em>φίλους</em></strong></span> 
     </span>
     <span class='ocr_line' id='line_1_11' title="bbox 161 1313 1168 1402; baseline -0.002 -22"><span class='ocrx_word' id='word_1_79' title='bbox 161 1313 197 1380; x_wconf 79' lang='grc' dir='ltr'><strong><em>ἐκ</em></strong></span> <span class='ocrx_word' id='word_1_80' title='bbox 214 1327 282 1384; x_wconf 84' lang='grc' dir='ltr'><strong><em>τῶν</em></strong></span> <span class='ocrx_word' id='word_1_81' title='bbox 298 1316 484 1401; x_wconf 77' lang='grc' dir='ltr'><strong><em>ἡλικιωτῶν</em></strong></span> <span class='ocrx_word' id='word_1_82' title='bbox 502 1315 708 1402; x_wconf 75' lang='grc' dir='ltr'><strong><em>ἐκλέγεσθαι·</em></strong></span> <span class='ocrx_word' id='word_1_83' title='bbox 730 1325 880 1402; x_wconf 88' lang='grc' dir='ltr'><strong><em>παραινῶ</em></strong></span> <span class='ocrx_word' id='word_1_84' title='bbox 903 1313 1016 1399; x_wconf 81' lang='grc' dir='ltr'><strong><em>μίντοι</em></strong></span> <span class='ocrx_word' id='word_1_85' title='bbox 1039 1330 1092 1380; x_wconf 92' lang='grc' dir='ltr'><strong><em>σοι</em></strong></span> <span class='ocrx_word' id='word_1_86' title='bbox 1113 1337 1168 1398; x_wconf 87' lang='grc' dir='ltr'><strong><em>φι-</em></strong></span> 
     </span>
     <span class='ocr_line' id='line_1_12' title="bbox 161 1417 1168 1510; baseline -0.004 -22"><span class='ocrx_word' id='word_1_87' title='bbox 161 1424 401 1509; x_wconf 80' lang='grc' dir='ltr'><strong><em>λοφρονεῖσθαι</em></strong></span> <span class='ocrx_word' id='word_1_88' title='bbox 433 1420 494 1508; x_wconf 73' lang='grc' dir='ltr'><strong><em>μὲν</em></strong></span> <span class='ocrx_word' id='word_1_89' title='bbox 530 1425 613 1510; x_wconf 88' lang='grc' dir='ltr'><strong><em>πρὸς</em></strong></span> <span class='ocrx_word' id='word_1_90' title='bbox 648 1425 794 1498; x_wconf 77' lang='grc' dir='ltr'><strong><em>ἅπαντας</em></strong></span> <span class='ocrx_word' id='word_1_91' title='bbox 827 1421 966 1497; x_wconf 77' lang='grc' dir='ltr'><strong><em>τούτους</em></strong></span> <span class='ocrx_word' id='word_1_92' title='bbox 996 1417 1051 1486; x_wconf 83' lang='grc' dir='ltr'><strong><em>καὶ</em></strong></span> <span class='ocrx_word' id='word_1_93' title='bbox 1081 1422 1168 1506; x_wconf 82' lang='grc' dir='ltr'><strong><em>ἔχειν</em></strong></span> 
     </span>
     <span class='ocr_line' id='line_1_13' title="bbox 160 1525 1169 1613; baseline -0.002 -20"><span class='ocrx_word' id='word_1_94' title='bbox 160 1526 281 1612; x_wconf 79' lang='grc' dir='ltr'><strong><em>ἡδέος,</em></strong></span> <span class='ocrx_word' id='word_1_95' title='bbox 308 1532 488 1595; x_wconf 75' lang='grc' dir='ltr'><strong><em>πείθεσθαι</em></strong></span> <span class='ocrx_word' id='word_1_96' title='bbox 515 1525 553 1594; x_wconf 73' lang='grc' dir='ltr'><strong><em>δὲ</em></strong></span> <span class='ocrx_word' id='word_1_97' title='bbox 580 1539 650 1606; x_wconf 87' lang='grc' dir='ltr'><strong><em>τοῖς</em></strong></span> <span class='ocrx_word' id='word_1_98' title='bbox 670 1533 827 1594; x_wconf 80' lang='grc' dir='ltr'><strong><em>πλεῖστον</em></strong></span> <span class='ocrx_word' id='word_1_99' title='bbox 847 1536 932 1594; x_wconf 85' lang='grc' dir='ltr'><strong><em>νοῦν</em></strong></span> <span class='ocrx_word' id='word_1_100' title='bbox 954 1527 1087 1613; x_wconf 78' lang='grc' dir='ltr'><strong><em>ἔχουσιν</em></strong></span> <span class='ocrx_word' id='word_1_101' title='bbox 1110 1525 1169 1591; x_wconf 86' lang='grc' dir='ltr'><strong><em>αό-</em></strong></span> 
     </span>
     <span class='ocr_line' id='line_1_14' title="bbox 160 1631 1169 1718; baseline 0 -20"><span class='ocrx_word' id='word_1_102' title='bbox 160 1643 242 1718; x_wconf 85' lang='grc' dir='ltr'><strong><em>τῶν,</em></strong></span> <span class='ocrx_word' id='word_1_103' title='bbox 268 1634 326 1699; x_wconf 79' lang='grc' dir='ltr'><strong><em>ἰ’να</em></strong></span> <span class='ocrx_word' id='word_1_104' title='bbox 351 1631 406 1698; x_wconf 81' lang='grc' dir='ltr'><strong><em>καλ</em></strong></span> <span class='ocrx_word' id='word_1_105' title='bbox 432 1635 563 1712; x_wconf 76' lang='grc' dir='ltr'><strong><em>τούτοις</em></strong></span> <span class='ocrx_word' id='word_1_106' title='bbox 588 1634 700 1711; x_wconf 74' lang='grc' dir='ltr'><strong><em>αὐτοῖς</em></strong></span> <span class='ocrx_word' id='word_1_107' title='bbox 721 1634 770 1699; x_wconf 77' lang='grc' dir='ltr'><strong><em>ἔτι</em></strong></span> <span class='ocrx_word' id='word_1_108' title='bbox 792 1633 1047 1717; x_wconf 73' lang='grc' dir='ltr'><strong><em>σπουδαιότερος</em></strong></span> <span class='ocrx_word' id='word_1_109' title='bbox 1068 1633 1169 1718; x_wconf 72' lang='grc' dir='ltr'><strong><em>δοκῇς</em></strong></span> 
     </span>
     <span class='ocr_line' id='line_1_15' title="bbox 160 1732 901 1826; baseline 0.001 -23"><span class='ocrx_word' id='word_1_110' title='bbox 160 1732 323 1804; x_wconf 82' lang='grc' dir='ltr'><strong><em>εἶναικαὶ</em></strong></span> <span class='ocrx_word' id='word_1_111' title='bbox 345 1748 415 1816; x_wconf 93' lang='grc' dir='ltr'><strong><em>τοῖς</em></strong></span> <span class='ocrx_word' id='word_1_112' title='bbox 436 1740 549 1817; x_wconf 71' lang='grc' dir='ltr'><strong><em>ἄλλοις</em></strong></span> <span class='ocrx_word' id='word_1_113' title='bbox 570 1743 727 1816; x_wconf 90' lang='grc' dir='ltr'><strong><em>πολίταις.</em></strong></span> <span class='ocrx_word' id='word_1_114' title='bbox 763 1738 901 1826; x_wconf 84' lang='grc' dir='ltr'><strong><em>εὐτύχει.</em></strong></span> 
     </span>
    </p>
   </div>
   <div class='ocr_carea' id='block_1_3' title="bbox 557 1971 769 1982">
    <p class='ocr_par' dir='ltr' id='par_1_4' title="bbox 557 1971 769 1982">
     <span class='ocr_line' id='line_1_16' title="bbox 557 1971 769 1982; baseline 0.005 -3"><span class='ocrx_word' id='word_1_115' title='bbox 557 1971 769 1982; x_wconf 78' lang='lat'><em>——-.--—..</em></span> 
     </span>
    </p>
   </div>
   <div class='ocr_carea' id='block_1_4' title="bbox 212 2159 985 2383">
    <p class='ocr_par' dir='ltr' id='par_1_5' title="bbox 212 2159 985 2383">
     <span class='ocr_line' id='line_1_17' title="bbox 212 2159 985 2238; baseline 0.013 -10"><span class='ocrx_word' id='word_1_116' title='bbox 212 2221 215 2228; x_wconf 76' lang='grc'><strong><em>,</em></strong></span> <span class='ocrx_word' id='word_1_117' title='bbox 343 2159 601 2238; x_wconf 88' lang='grc' dir='ltr'><strong>ΠΡΟΟΙΜΙΑ</strong></span> <span class='ocrx_word' id='word_1_118' title='bbox 626 2159 985 2238; x_wconf 86' lang='grc' dir='ltr'><strong>ΔΗΜΗΓΟΡΙΚΑ.</strong></span> 
     </span>
     <span class='ocr_line' id='line_1_18' title="bbox 595 2321 685 2383; baseline 0.011 -1"><span class='ocrx_word' id='word_1_119' title='bbox 595 2375 596 2380; x_wconf 71' lang='grc'><strong><em>,</em></strong></span> <span class='ocrx_word' id='word_1_120' title='bbox 645 2321 685 2383; x_wconf 85' lang='grc' dir='ltr'><strong><em>Α.</em></strong></span> 
     </span>
    </p>
   </div>
   <div class='ocr_carea' id='block_1_5' title="bbox 135 2469 1245 3617">
    <p class='ocr_par' dir='ltr' id='par_1_6' title="bbox 160 2469 1172 3195">
     <span class='ocr_line' id='line_1_19' title="bbox 227 2469 1168 2561; baseline -0.001 -19"><span class='ocrx_word' id='word_1_121' title='bbox 227 2479 272 2542; x_wconf 75' lang='lat' dir='ltr'><strong><em>Ec</em></strong></span> <span class='ocrx_word' id='word_1_122' title='bbox 292 2473 354 2560; x_wconf 71' lang='grc' dir='ltr'><strong><em>μευ</em></strong></span> <span class='ocrx_word' id='word_1_123' title='bbox 374 2472 450 2561; x_wconf 76' lang='grc' dir='ltr'><strong><em>περὶ</em></strong></span> <span class='ocrx_word' id='word_1_124' title='bbox 472 2481 591 2542; x_wconf 86' lang='grc' dir='ltr'><strong><em>καινοῦ</em></strong></span> <span class='ocrx_word' id='word_1_125' title='bbox 613 2477 704 2552; x_wconf 89' lang='grc' dir='ltr'><strong><em>τινὸς</em></strong></span> <span class='ocrx_word' id='word_1_126' title='bbox 724 2475 913 2561; x_wconf 76' lang='grc' dir='ltr'><strong><em>πράγματος</em></strong></span> <span class='ocrx_word' id='word_1_127' title='bbox 929 2471 1117 2557; x_wconf 67' lang='grc' dir='ltr'><strong><em>προότίόιί</em></strong></span> <span class='ocrx_word' id='word_1_128' title='bbox 1140 2469 1168 2541; x_wconf 82' lang='grc' dir='ltr'><strong><em>ώ</em></strong></span> 
     </span>
     <span class='ocr_line' id='line_1_20' title="bbox 160 2578 1169 2668; baseline -0.002 -19"><span class='ocrx_word' id='word_1_129' title='bbox 160 2583 280 2668; x_wconf 78' lang='grc' dir='ltr'><strong><em>ἄνδρες</em></strong></span> <span class='ocrx_word' id='word_1_130' title='bbox 298 2578 471 2666; x_wconf 81' lang='grc' dir='ltr'><strong><em>Ἀθηναῖοι</em></strong></span> <span class='ocrx_word' id='word_1_131' title='bbox 490 2578 640 2664; x_wconf 76' lang='grc' dir='ltr'><strong><em>[λέγειν],</em></strong></span> <span class='ocrx_word' id='word_1_132' title='bbox 662 2579 805 2667; x_wconf 78' lang='grc' dir='ltr'><strong><em>ἐπισχὼν</em></strong></span> <span class='ocrx_word' id='word_1_133' title='bbox 823 2579 866 2646; x_wconf 79' lang='grc' dir='ltr'><strong><em>ἂν</em></strong></span> <span class='ocrx_word' id='word_1_134' title='bbox 883 2578 945 2656; x_wconf 76' lang='grc' dir='ltr'><strong><em>ἕως</em></strong></span> <span class='ocrx_word' id='word_1_135' title='bbox 966 2579 1003 2645; x_wconf 86' lang='grc' dir='ltr'><strong><em>οί</em></strong></span> <span class='ocrx_word' id='word_1_136' title='bbox 1020 2584 1169 2647; x_wconf 85' lang='grc' dir='ltr'><strong><em>πλεῖστοι</em></strong></span> 
     </span>
     <span class='ocr_line' id='line_1_21' title="bbox 160 2681 1172 2773; baseline 0 -20"><span class='ocrx_word' id='word_1_137' title='bbox 160 2698 227 2756; x_wconf 80' lang='grc' dir='ltr'><strong><em>τῶν</em></strong></span> <span class='ocrx_word' id='word_1_138' title='bbox 245 2688 415 2753; x_wconf 74' lang='grc' dir='ltr'><strong><em>εἰωθότων</em></strong></span> <span class='ocrx_word' id='word_1_139' title='bbox 437 2689 573 2773; x_wconf 88' lang='grc' dir='ltr'><strong><em>γνώμην</em></strong></span> <span class='ocrx_word' id='word_1_140' title='bbox 596 2685 818 2772; x_wconf 74' lang='grc' dir='ltr'><strong><em>ἀπεφήναντο,</em></strong></span> <span class='ocrx_word' id='word_1_141' title='bbox 840 2687 871 2751; x_wconf 89' lang='grc' dir='ltr'><strong><em>εί</em></strong></span> <span class='ocrx_word' id='word_1_142' title='bbox 892 2681 953 2770; x_wconf 63' lang='grc' dir='ltr'><strong><em>μὲν</em></strong></span> <span class='ocrx_word' id='word_1_143' title='bbox 974 2684 1114 2770; x_wconf 84' lang='grc' dir='ltr'><strong><em>ήρεσκίν</em></strong></span> <span class='ocrx_word' id='word_1_144' title='bbox 1135 2690 1172 2753; x_wconf 87' lang='grc' dir='ltr'><strong><em>τί</em></strong></span> 
     </span>
     <span class='ocr_line' id='line_1_22' title="bbox 161 2786 1168 2878; baseline 0.002 -20"><span class='ocrx_word' id='word_1_145' title='bbox 161 2816 218 2878; x_wconf 87' lang='grc' dir='ltr'><strong><em>μοι</em></strong></span> <span class='ocrx_word' id='word_1_146' title='bbox 239 2802 307 2858; x_wconf 88' lang='grc' dir='ltr'><strong><em>τῶν</em></strong></span> <span class='ocrx_word' id='word_1_147' title='bbox 329 2789 519 2877; x_wconf 79' lang='grc' dir='ltr'><strong><em>όηδίντων,</em></strong></span> <span class='ocrx_word' id='word_1_148' title='bbox 544 2792 686 2878; x_wconf 79' lang='grc' dir='ltr'><strong><em>ἡσυχίαν</em></strong></span> <span class='ocrx_word' id='word_1_149' title='bbox 706 2786 807 2876; x_wconf 76' lang='grc' dir='ltr'><strong><em>ἦγον,</em></strong></span> <span class='ocrx_word' id='word_1_150' title='bbox 832 2793 865 2857; x_wconf 89' lang='grc' dir='ltr'><strong><em>εί</em></strong></span> <span class='ocrx_word' id='word_1_151' title='bbox 890 2787 928 2857; x_wconf 67' lang='grc' dir='ltr'><strong><em>δὲ</em></strong></span> <span class='ocrx_word' id='word_1_152' title='bbox 954 2792 1014 2876; x_wconf 82' lang='grc' dir='ltr'><strong><em>μή,</em></strong></span> <span class='ocrx_word' id='word_1_153' title='bbox 1035 2789 1102 2858; x_wconf 87' lang='grc' dir='ltr'><strong><em>τότ’</em></strong></span> <span class='ocrx_word' id='word_1_154' title='bbox 1124 2790 1168 2860; x_wconf 78' lang='grc' dir='ltr'><strong><em>δὶν</em></strong></span> 
     </span>
     <span class='ocr_line' id='line_1_23' title="bbox 160 2894 1167 2985; baseline 0 -20"><span class='ocrx_word' id='word_1_155' title='bbox 160 2898 280 2974; x_wconf 82' lang='grc' dir='ltr'><strong><em>καύτὸς</em></strong></span> <span class='ocrx_word' id='word_1_156' title='bbox 302 2896 488 2984; x_wconf 81' lang='grc' dir='ltr'><strong><em>ἐπειρώμην</em></strong></span> <span class='ocrx_word' id='word_1_157' title='bbox 510 2898 531 2964; x_wconf 76' lang='grc' dir='ltr'><strong><em>ἃ</em></strong></span> <span class='ocrx_word' id='word_1_158' title='bbox 553 2900 727 2982; x_wconf 83' lang='grc' dir='ltr'><strong><em>γιγνώσκω</em></strong></span> <span class='ocrx_word' id='word_1_159' title='bbox 749 2897 871 2982; x_wconf 80' lang='grc' dir='ltr'><strong><em>λέγειν·</em></strong></span> <span class='ocrx_word' id='word_1_160' title='bbox 894 2896 1007 2983; x_wconf 75' lang='grc' dir='ltr'><strong><em>ἐπειδὴ</em></strong></span> <span class='ocrx_word' id='word_1_161' title='bbox 1030 2895 1061 2965; x_wconf 72' lang='grc' dir='ltr'><strong><em>δ’</em></strong></span> <span class='ocrx_word' id='word_1_162' title='bbox 1082 2894 1167 2985; x_wconf 67' lang='grc' dir='ltr'><strong><em>ὑπὲρ</em></strong></span> 
     </span>
     <span class='ocr_line' id='line_1_24' title="bbox 162 2998 1168 3089; baseline 0 -17"><span class='ocrx_word' id='word_1_163' title='bbox 162 2999 215 3076; x_wconf 80' lang='grc' dir='ltr'><strong><em>ὧν,</em></strong></span> <span class='ocrx_word' id='word_1_164' title='bbox 234 3002 393 3080; x_wconf 79' lang='grc' dir='ltr'><strong><em>πολλάκις</em></strong></span> <span class='ocrx_word' id='word_1_165' title='bbox 418 3003 588 3088; x_wconf 80' lang='grc' dir='ltr'><strong><em>εἰρήκασιν</em></strong></span> <span class='ocrx_word' id='word_1_166' title='bbox 616 2998 709 3070; x_wconf 86' lang='grc' dir='ltr'><strong><em>οὗτοι</em></strong></span> <span class='ocrx_word' id='word_1_167' title='bbox 734 3005 911 3089; x_wconf 88' lang='grc' dir='ltr'><strong><em>πρότερον,</em></strong></span> <span class='ocrx_word' id='word_1_168' title='bbox 937 3001 1014 3089; x_wconf 82' lang='grc' dir='ltr'><strong><em>περὶ</em></strong></span> <span class='ocrx_word' id='word_1_169' title='bbox 1039 3005 1168 3072; x_wconf 86' lang='grc' dir='ltr'><strong><em>τούτων</em></strong></span> 
     </span>
     <span class='ocr_line' id='line_1_25' title="bbox 160 3106 1169 3195; baseline 0.001 -20"><span class='ocrx_word' id='word_1_170' title='bbox 160 3106 239 3176; x_wconf 79' lang='grc' dir='ltr'><strong><em>νυνὶ</em></strong></span> <span class='ocrx_word' id='word_1_171' title='bbox 269 3119 434 3193; x_wconf 86' lang='grc' dir='ltr'><strong><em>σκοπεῖτε,</em></strong></span> <span class='ocrx_word' id='word_1_172' title='bbox 462 3107 607 3193; x_wconf 77' lang='grc' dir='ltr'><strong><em>ἡγοῦμαι</em></strong></span> <span class='ocrx_word' id='word_1_173' title='bbox 632 3106 688 3175; x_wconf 83' lang='grc' dir='ltr'><strong><em>καλ</em></strong></span> <span class='ocrx_word' id='word_1_174' title='bbox 715 3118 844 3195; x_wconf 86' lang='grc' dir='ltr'><strong><em>πρῶτος</em></strong></span> <span class='ocrx_word' id='word_1_175' title='bbox 872 3107 1014 3186; x_wconf 75' lang='grc' dir='ltr'><strong><em>ἀναστὰς</em></strong></span> <span class='ocrx_word' id='word_1_176' title='bbox 1035 3111 1169 3186; x_wconf 78' lang='grc' dir='ltr'><strong><em>εἰκότως</em></strong></span> 
     </span>
    </p>

    <p class='ocr_par' dir='ltr' id='par_1_7' title="bbox 135 3208 1245 3617">
     <span class='ocr_line' id='line_1_26' title="bbox 135 3208 1167 3302; baseline -0.002 -20"><span class='ocrx_word' id='word_1_177' title='bbox 135 3216 204 3282; x_wconf 65' lang='grc' dir='ltr'><strong><em>’ἂν</em></strong></span> <span class='ocrx_word' id='word_1_178' title='bbox 226 3216 306 3300; x_wconf 76' lang='grc' dir='ltr'><strong><em>μετὰ</em></strong></span> <span class='ocrx_word' id='word_1_179' title='bbox 328 3213 466 3292; x_wconf 87' lang='grc' dir='ltr'><strong><em>τούτους</em></strong></span> <span class='ocrx_word' id='word_1_180' title='bbox 487 3215 599 3283; x_wconf 88' lang='grc' dir='ltr'><strong><em>δοκεῖν</em></strong></span> <span class='ocrx_word' id='word_1_181' title='bbox 620 3212 767 3298; x_wconf 66' lang='grc' dir='ltr'><strong><em>[λέγεινλ</em></strong></span> <span class='ocrx_word' id='word_1_182' title='bbox 788 3216 833 3294; x_wconf 88' lang='grc' dir='ltr'><strong><em>Ιεί</em></strong></span> <span class='ocrx_word' id='word_1_183' title='bbox 853 3210 914 3299; x_wconf 69' lang='grc' dir='ltr'><strong><em>μὲν</em></strong></span> <span class='ocrx_word' id='word_1_184' title='bbox 937 3208 1000 3280; x_wconf 82' lang='grc' dir='ltr'><strong><em>οὖν</em></strong></span> <span class='ocrx_word' id='word_1_185' title='bbox 1022 3210 1088 3302; x_wconf 81' lang='grc' dir='ltr'><strong><em>εἶχε</em></strong></span> <span class='ocrx_word' id='word_1_186' title='bbox 1109 3239 1167 3280; x_wconf 88' lang='grc' dir='ltr'><strong><em>κα-</em></strong></span> 
     </span>
     <span class='ocr_line' id='line_1_27' title="bbox 161 3315 1166 3406; baseline 0.001 -20"><span class='ocrx_word' id='word_1_187' title='bbox 161 3326 227 3397; x_wconf 88' lang='grc' dir='ltr'><strong><em>λῶς</em></strong></span> <span class='ocrx_word' id='word_1_188' title='bbox 251 3320 292 3386; x_wconf 78' lang='grc' dir='ltr'><strong><em>τὰ</em></strong></span> <span class='ocrx_word' id='word_1_189' title='bbox 317 3320 505 3406; x_wconf 75' lang='grc' dir='ltr'><strong><em>πράγματα,</em></strong></span> <span class='ocrx_word' id='word_1_190' title='bbox 533 3315 606 3386; x_wconf 84' lang='grc' dir='ltr'><strong><em>οὐδ’</em></strong></span> <span class='ocrx_word' id='word_1_191' title='bbox 633 3318 676 3386; x_wconf 78' lang='grc' dir='ltr'><strong><em>ἂν</em></strong></span> <span class='ocrx_word' id='word_1_192' title='bbox 702 3320 773 3384; x_wconf 74' lang='grc' dir='ltr'><strong><em>ἔδει.</em></strong></span> <span class='ocrx_word' id='word_1_193' title='bbox 796 3321 1031 3404; x_wconf 77' lang='grc' dir='ltr'><strong><em>βουλεύεσθαι·</em></strong></span> <span class='ocrx_word' id='word_1_194' title='bbox 1054 3319 1166 3406; x_wconf 74' lang='grc' dir='ltr'><strong><em>ἐπειδὴ</em></strong></span> 
     </span>
     <span class='ocr_line' id='line_1_28' title="bbox 162 3423 1245 3511; baseline 0.006 -21"><span class='ocrx_word' id='word_1_195' title='bbox 162 3423 191 3490; x_wconf 86' lang='grc' dir='ltr'><strong><em>δ’</em></strong></span> <span class='ocrx_word' id='word_1_196' title='bbox 218 3426 263 3503; x_wconf 80' lang='grc' dir='ltr'><strong><em>ὡς</em></strong></span> <span class='ocrx_word' id='word_1_197' title='bbox 285 3427 425 3504; x_wconf 79' lang='grc' dir='ltr'><strong><em>ἅπαντες</em></strong></span> <span class='ocrx_word' id='word_1_198' title='bbox 447 3423 537 3511; x_wconf 84' lang='grc' dir='ltr'><strong><em>ὁρᾶτ’</em></strong></span> <span class='ocrx_word' id='word_1_199' title='bbox 564 3428 630 3510; x_wconf 82' lang='grc' dir='ltr'><strong><em>ἔχει</em></strong></span> <span class='ocrx_word' id='word_1_200' title='bbox 658 3426 853 3510; x_wconf 88' lang='grc' dir='ltr'><strong><em>δυσκολίαν,</em></strong></span> <span class='ocrx_word' id='word_1_201' title='bbox 880 3425 924 3503; x_wconf 87' lang='grc' dir='ltr'><strong><em>ώς</em></strong></span> <span class='ocrx_word' id='word_1_202' title='bbox 946 3425 983 3491; x_wconf 81' lang='grc' dir='ltr'><strong><em>ἐκ</em></strong></span> <span class='ocrx_word' id='word_1_203' title='bbox 1004 3428 1166 3494; x_wconf 85' lang='grc' dir='ltr'><strong><em>τοιούτων</em></strong></span> <span class='ocrx_word' id='word_1_204' title='bbox 1177 3447 1245 3498; x_wconf 77' lang='grc'>1419</span> 
     </span>
     <span class='ocr_line' id='line_1_29' title="bbox 161 3526 1165 3617; baseline 0.007 -27"><span class='ocrx_word' id='word_1_205' title='bbox 161 3531 356 3615; x_wconf 78' lang='grc' dir='ltr'><strong><em>πειράσομαι</em></strong></span> <span class='ocrx_word' id='word_1_206' title='bbox 393 3531 632 3617; x_wconf 84' lang='grc' dir='ltr'><strong><em>συμβουλεύειν</em></strong></span> <span class='ocrx_word' id='word_1_207' title='bbox 667 3529 690 3596; x_wconf 80' lang='grc' dir='ltr'><strong><em>δ</em></strong></span> <span class='ocrx_word' id='word_1_208' title='bbox 724 3528 873 3615; x_wconf 77' lang='grc' dir='ltr'><strong><em>κράτιστ’</em></strong></span> <span class='ocrx_word' id='word_1_209' title='bbox 913 3526 998 3596; x_wconf 81' lang='grc' dir='ltr'><strong><em>εἶναι</em></strong></span> <span class='ocrx_word' id='word_1_210' title='bbox 1033 3535 1165 3616; x_wconf 79' lang='grc' dir='ltr'><strong><em>νομίζω.</em></strong></span> 
     </span>
    </p>
   </div>
   <div class='ocr_carea' id='block_1_6' title="bbox 0 0 1330 3918">
    <p class='ocr_par' dir='ltr' id='par_1_8' title="bbox 0 0 1330 3918">
     <span class='ocr_line' id='line_1_30' title="bbox 0 0 1330 3918; baseline 0 0"><span class='ocrx_word' id='word_1_211' title='bbox 0 0 1330 3918; x_wconf 95' lang='lat' dir='ltr'><strong><em> </em></strong></span> 
     </span>
    </p>
   </div>
  </div>
 </body>
</html>
