2650 3918
505 192 717 246 ΕΠΙΤΑΦῙΟΣ.
1053 189 1129 254 339

65 363 93 406 τε
174 347 243 413 Διὰ
265 350 372 416 πολλὰ
395 345 426 414 δ’
449 351 582 428 εἰκότως
604 351 698 428 ὄντες
719 361 875 435 τοιοῦτοι,
899 351 955 416 διδ
977 351 1039 434 τὴν
1061 370 1121 416 πο·
1197 435 1202 447 ¹

106 457 233 523 λιτείαν
262 454 324 540 οὐχ
352 451 457 538 ἥκιστ’
483 450 570 540 ἦσαν
599 457 784 523 σπουδαῖοι.
828 459 866 524 αί
885 455 946 543 μέν
973 456 1036 542 γδρ
1065 455 1121 520 διδ

106 569 174 625 τών
192 558 318 644 ὀλίγων
336 561 529 628 δυναστεῖαι
547 560 622 640 δέος
639 558 702 646 μὲν
725 561 954 649 ἐνεργάζονται
975 573 1046 638 τοῖς
1062 580 1122 627 πο-

108 667 223 748 λίταις,
241 665 403 750 αἰσχύνην
420 663 450 733 δ’
469 664 510 732 οὐ
525 673 737 752 παριστᾶσιν·
756 663 846 749 ἡνίκ’
864 663 906 732 δν
920 661 983 733 οὐν
997 666 1016 734 ό
1030 663 1122 749 ἀγών

108 772 191 857 ἔλθη
210 780 271 836 τού
287 769 447 856 πολέμου,
467 779 531 848 πᾶς
548 793 599 848 τις
616 771 759 858 εὐχερῶς
777 770 896 839 ἑαυτὸν
915 770 1022 860 σώζει,
1044 761 1123 838 συν·

108 877 205 952 ειδδις
238 874 307 959 ὅτι,
343 874 386 942 ἂν
419 879 499 953 τοὺς
531 880 669 963 κυρίους
696 877 718 962 ἣ
749 878 871 961 δώροις
897 877 918 962 ἢ
946 875 991 944 δι’
1023 879 1123 960 ἀλλης

107 981 308 1073 ἡστινοσοῦν
326 981 457 1067 ὁμιλίας
475 980 678 1068 ἐξαρέσηται,
702 981 765 1050 κάν
783 985 823 1049 τό
842 980 1002 1050 δεινότατ’
1024 982 1124 1069 ἀσχη-

109 1089 250 1174 μουήση,
273 1089 393 1174 μικρὸν
417 1088 548 1165 όνειδος
570 1090 608 1155 τὸ
631 1091 751 1155 λοιπὸν
769 1089 857 1178 αὐτῷ
876 1091 1122 1173 καταστήσεται·

68 1211 95 1252 ει
109 1193 147 1259 αί
166 1189 204 1259 δέ
227 1194 451 1280 δημοκρατίαι.
465 1193 573 1260 πολλά
594 1189 630 1260 τ’,
650 1195 735 1260 ἀλλα
757 1192 814 1261 καὶ
836 1196 920 1261 καλὰ
941 1192 998 1260 καὶ
1020 1189 1118 1259 δίκαι’

109 1301 255 1384 ἔχουσιν,
278 1293 326 1364 ώυ
347 1299 406 1366 τὸν
419 1294 468 1366 εὐ
486 1295 666 1386 φρονοῦντ’
690 1298 887 1387 ἀντέχεσθαι
906 1302 969 1385 δεῖ,
991 1297 1046 1366 καί
1063 1300 1123 1383 την
1133 1315 1201 1366 1397

108 1407 295 1491 παρρησίαν
323 1405 385 1488 τὴν
413 1404 449 1470 ἐκ
475 1413 534 1488 τῆς
560 1403 719 1490 ἀληθείας
750 1404 938 1493 ἠρτημένην
966 1405 1034 1472 οὐκ·
1055 1407 1124 1469 ἐστι

108 1506 251 1596 τάληθὲς
279 1510 405 1594 δηλοῦν
432 1507 624 1596 ἀποτρέψαι.
667 1506 747 1578 οὐδὲ
774 1512 837 1598 γὰρ
864 1512 989 1589 πάντας
1015 1509 1124 1598 ἐξαρέ-

111 1623 234 1683 σασθαι
252 1626 322 1694 τοῖς
339 1618 477 1702 αίσχρόν
496 1639 528 1682 τι
546 1619 724 1703 ποιήσασιν
743 1618 900 1702 δυνατόν,
923 1614 1006 1684 ὥσθ’
1029 1619 1124 1702 ὁμό-

109 1746 169 1800 νος
189 1718 332 1808 τάληθὲς
359 1724 491 1800 ὄνειδος
517 1722 625 1807 λέγων
653 1727 764 1789 λυπεῖ·
786 1721 842 1789 καλ
869 1723 932 1812 γὰρ
960 1725 996 1791 οί
1019 1719 1133 1810 μηδὲν

111 1827 154 1894 ἀν
176 1830 325 1906 είπόντες
346 1826 442 1896 αὐτοὶ
459 1829 670 1914 βλάσφημον,
693 1829 797 1897 ἀλλον
819 1851 857 1912 γε
879 1827 1034 1911 λέγοντος
1054 1832 1125 1917 χαί-

111 1951 229 2019 ρουσιν
259 1932 447 2012 ἀκούοντες.
490 1933 511 2000 δ
540 1935 747 2020 φοβούμενοι
776 1935 897 2011 πάντες
925 1937 1057 2012 είκότως
1085 1943 1124 2020 τῇ

110 2050 177 2106 τῶν
200 2040 281 2124 μετὰ
298 2036 389 2105 ταῦτ’
412 2039 554 2104 ὀνειδῶν
573 2041 720 2127 αίσχύνη·
732 2043 791 2106 τόν
813 2033 842 2105 τ’
862 2039 926 2107 ἀπὸ
944 2050 1011 2106 τῶν
1029 2039 1125 2106 ἐναν-

110 2149 191 2211 τίων
209 2145 371 2210 κίνδυνον
389 2141 560 2230 προσιόντ’
582 2143 755 2231 εὐρώστως
771 2143 964 2231 ὑπέμειναν,
985 2143 1040 2211 καὶ
1062 2145 1126 2210 θά-

110 2272 214 2317 νατον
236 2251 340 2317 καλὸν
362 2250 492 2316 εἵλοντο
515 2255 644 2335 μᾶλλον
666 2251 687 2336 ἦ
709 2255 787 2337 βίον
809 2254 957 2338 αίσχρόν.

68 2375 96 2416 ει
172 2350 212 2420 “A
234 2350 295 2440 μὲν
318 2349 380 2422 οὐν
403 2363 499 2442 κοινῇ
516 2361 619 2422 πᾶσιν
636 2356 761 2444 ὑπῆρχε
780 2359 891 2424 τοῖσδε
913 2368 982 2434 τοῖς
1004 2356 1125 2445 ἀνδρολ-

112 2477 167 2526 σιν
190 2461 238 2538 είς
258 2463 298 2527 τὸ
320 2465 427 2539 καλῶς
445 2459 576 2550 ἐθέλειν
595 2461 835 2550 ἀποθνῄσκειν,
858 2469 995 2550 είρηται,
1017 2461 1125 2547 γένος,

110 2568 260 2653 παιδεία,
287 2577 440 2654 χρηστῶν
468 2567 735 2654 ἐπιτηδευμάτων
763 2572 942 2654 συνήθεια,
968 2578 1024 2653 τῆς
1047 2569 1126 2654 ὅλης

110 2676 275 2752 πολιτείοις
292 2673 467 2752 ὑπόθεσις·
490 2673 512 2740 ἃ
530 2669 568 2739 δέ
585 2674 668 2740 κατὰ
690 2675 797 2760 φυλὰς
814 2673 1029 2760 παρεσκεύασ
1052 2673 1125 2740 ἐκοί-

113 2795 210 2857 στους
228 2778 414 2866 εὐρώστους
431 2774 529 2863 εἶναι,
547 2775 639 2846 ταῦτ’
655 2781 722 2865 δίδη
741 2778 833 2859 λέξω.
849 2777 988 2868 ’ᾔδεσαν
1005 2781 1125 2858 πάνιες

108 2881 316 2969 Ἐρεχθεῖδαι
338 2887 399 2952 τόν
418 2883 595 2969 ἐπώνυμον
613 2885 723 2950 αὐτῶν
742 2881 911 2972 Ἐρεχθέα,
933 2886 1050 2953 εἵνεκα
1064 2895 1124 2954 τοῦ

113 2999 217 3055 σῶσαι
234 2991 296 3073 τὴν
314 2992 425 3077 χώραν
442 2991 501 3068 τδς
518 2990 622 3081 αὐτού
639 2992 770 3074 παῖδας,
789 2991 828 3068 ἃς
836 2988 1052 3069 Ὑακινθίδας
1067 3015 1125 3058 κα-

112 3099 242 3178 λοῦσιν,
257 3096 303 3172 είς
316 3106 486 3182 προῦπτον
505 3096 655 3164 θάνατον
674 3092 764 3164 δόντ’
778 3095 955 3164 ἀναλῶσαι.
986 3099 1124 3184 αίσχρὸν

114 3195 176 3267 οὖν
198 3199 355 3286 ἡγοῦντο,
376 3198 519 3288 τὸνμὲν
542 3199 598 3268 ἀπ’
624 3200 805 3270 ἀθανάτων
827 3206 996 3290 πεφυκότα
1017 3203 1125 3269 πάντα

112 3318 221 3374 ποιεῖν
243 3307 353 3372 είνεκα
375 3316 435 3374 τοῦ
457 3309 518 3392 την
546 3304 677 3395 πατρίδ’
704 3307 943 3395 ίλευθερώσαι,
970 3306 1064 3375 αὐτοὶ
1086 3305 1125 3374 δδ

113 3421 261 3498 φανῆναι
282 3414 411 3498 θνητὸν
430 3424 524 3499 σῶμα
541 3416 736 3501 ποιούμενοι
752 3413 828 3502 περί
850 3419 1005 3492 πλείονος
1024 3413 1045 3498 ἦ
1068 3415 1125 3480 δό-

72 3536 99 3578 ιε
113 3516 173 3597 ξαν
187 3517 366 3585 ἀθάνατον.
398 3516 459 3585 οὐκ
471 3519 620 3604 ἠγνόουν
633 3522 787 3608 Λίγεθδαι
802 3518 912 3606 Θησέα
924 3523 983 3587 τὸν
997 3516 1137 3602 ΛίγέωςΙ

905 3625 961 3678 22*
