2658 3914
236 166 299 232 144
517 167 614 219 xm
637 161 942 233 [Δεμοτοωιοτε]

680 394 796 460 XLIX.

329 536 471 613 ΠΡΟΣ
500 535 777 614 ΤΙΜΟΘΕΟΝ
800 535 943 612 ΥΠΕΡ
967 535 1150 612 ΧΡΕΩΣ.

637 724 839 780 ΤΠΟΘΕΣΙΣ.

302 854 451 936 Τιμόθεον
471 853 524 917 τόν
542 848 721 933 Ἀθηναῖον,
747 850 843 936 ἀνδρα
864 852 987 929 ἔνδοξον
1007 851 1059 916 καί
1081 851 1257 934 στρατηγή-
1270 879 1306 928 1η

234 969 326 1014 σαντα
347 962 401 1034 τῆς
429 953 559 1032 πόλεως,
584 944 802 1031 Ἀπολλόδωρος
830 949 951 1012 ὀπαιτεῖ
974 949 1056 1034 χρέα,
1082 947 1176 1032 λέγων
1200 948 1256 1010 ὅτι

235 1050 372 1112 Πασίωνι
388 1050 466 1137 φίλρο
483 1045 664 1132 γρώμενοςδ
684 1047 839 1128 Τιμόθεος,
861 1047 945 1128 ἔλαβε
967 1041 1038 1131 παρ’
1058 1046 1151 1110 αὐτοῦ
1173 1045 1254 1128 χρή-

235 1169 321 1228 ματα,
341 1146 392 1208 καλ
415 1145 543 1226 ὀφείλων
564 1143 677 1218 ἐντοῖς
699 1145 907 1225 τραπεζιτικοῖς
924 1142 1022 1225 λόγοις
1043 1141 1252 1226 ἐγγέγραπται.

234 1244 269 1306 τὰ
292 1243 346 1326 μέν
368 1244 406 1324 δή
429 1237 517 1306 πάντ’
538 1239 692 1322 ὀφλήματα
713 1239 831 1322 τέτταρα
852 1245 1084 1322 καταριθμεῖται,
1106 1233 1156 1320 ἐφ’
1175 1238 1251 1302 ἐκοί-

235 1359 305 1404 στον
328 1340 361 1404 δὲ
382 1340 433 1402 καί
455 1341 524 1415 τοὺς
545 1340 671 1422 χρόνους
687 1338 738 1400 καί
754 1337 807 1412 τὰς
824 1337 928 1417 αἰτίας,
950 1330 992 1398 δι’
1016 1335 1052 1412 ἃς
1074 1335 1250 1399 ἐδανείσατο

237 1439 394 1518 Τιμόθεος,
416 1435 545 1519 ἀκριβῶς
561 1437 667 1518 εῐρτμιε.
702 1433 753 1497 καί
774 1433 826 1509 τὰς
848 1431 902 1515 μὲν
923 1435 1059 1510 πλείστας
1080 1433 1250 1510 ἀποδείξεις

235 1531 267 1594 ἐκ
284 1541 344 1595 τῶν
360 1531 551 1613 καλουμένων
569 1530 697 1613 ἀτέχνων
718 1532 845 1593 πίστεων
865 1529 1053 1614 παρέσχηται,
1076 1543 1250 1615 μαρτυριῶν

234 1627 285 1689 καί
305 1629 509 1710 προκλήσεων·
535 1627 617 1703 τινὰς
644 1625 677 1690 δέ
702 1628 753 1690 καί
779 1627 931 1710 ἐντέχνονς
951 1627 1011 1692 ἀπὸ
1032 1637 1093 1691 τῶν
1114 1630 1248 1693 είκότων.

235 1723 286 1786 καί
308 1723 325 1787 δ
347 1723 401 1806 μέν
421 1718 640 1806 Ἀπολλόδωρος
664 1725 811 1804 Τιμόθεον
833 1719 913 1788 είναί
937 1743 1013 1806 φησι
1034 1725 1086 1788 τόν
1108 1727 1247 1790 δανεισά-

236 1843 336 1902 μενον,
357 1821 486 1896 καὶτοῖς
503 1820 562 1884 ὑπὸ
587 1819 736 1902 Τιμοθέου
754 1827 926 1884 σοσταθεῖσι
943 1823 1075 1904 δοθῆναι
1097 1824 1130 1887 τό
1153 1823 1246 1908 ἀργύ-

236 1939 302 1999 ριον
319 1916 378 1980 ἀπὸ
396 1927 448 1998 τῆς
464 1915 617 2001 τραπέζης·
641 1917 658 1982 ὁ
676 1912 705 1982 δ’
717 1919 779 2001 ὀὐχ
796 1918 911 2001 έαντόν,
929 1914 993 1982 ἀλλ’
1012 1918 1143 1996 ἐκείνως
1161 1919 1246 2002 ὀφεί·

236 2020 298 2078 λειν
319 2013 403 2099 λέγει.

223 2207 257 2232 ⁸¹
302 2223 437 2310 Μηδενὶ
454 2225 549 2310 ὑμῶν
567 2227 706 2293 ἀπιστον
728 2224 878 2309 γενέσθω
897 2221 924 2292 ὦ
942 2227 1061 2313 ἄνδρες
1083 2228 1246 2313 δικασταί,

236 2334 268 2398 εί
289 2335 452 2416 Τιμόθεος
469 2331 613 2418 ὀφείλων
631 2330 793 2419 ἀργύριον
809 2340 854 2420 τῷ
878 2330 977 2419 πατρί
993 2342 1039 2421 τῷ
1063 2332 1142 2421 ἐμῷ,
1163 2337 1246 2421 φεύ-

236 2462 287 2521 γει
304 2449 369 2504 νῦν
382 2433 438 2503 ὑτί
456 2435 538 2521 ἐμοῦ
554 2437 678 2520 ταύτην
695 2439 758 2522 τήν
776 2438 881 2522 δίκην.
918 2433 990 2503 ἀλλ’
1008 2436 1143 2504 ἐπειδὰν
1159 2439 1246 2524 ὑμᾶς

237 2541 416 2627 ἀναμνήσω
438 2546 497 2609 τόν
520 2565 554 2608 τε
572 2545 689 2628 καιρὸν
713 2541 749 2607 έν
772 2535 799 2630 ᾧ
817 2544 855 2609 τὸ
876 2546 1080 2628 συμβόλαιον
1104 2543 1246 2629 ἐγένετο,
1256 2561 1303 2614 11ο

237 2645 292 2712 καὶ
313 2649 354 2713 τὰ
377 2649 547 2733 συμβάντα
569 2650 675 2738 τούτῳ
699 2647 736 2714 ἐν
760 2647 874 2738 ἐκείνῳ
896 2658 941 2738 τῷ
964 2653 1090 2741 χρόνῳ,
1119 2649 1175 2716 καί
1197 2653 1246 2728 είς

237 2752 320 2837 ὅσην
343 2752 484 2840 ἀπορίαν
512 2753 648 2839 κατέστη
671 2749 787 2839 οὗτος,
812 2751 888 2821 τόθ’
912 2755 1080 2841 ἡγήσεσθε
1102 2759 1160 2823 τὸν
1182 2752 1245 2841 μέν

237 2857 360 2943 πατέρα
386 2860 445 2925 τὸν
471 2857 552 2944 ἐμὸν
579 2858 750 2944 βέλτιστον
775 2858 933 2944 γενέσθαι
959 2859 1035 2948 περὶ
1066 2865 1245 2947 Τιμόθεον,

236 2974 356 3031 τοῦτον
379 2961 410 3029 δ’
437 2963 478 3029 οὐ
501 2967 606 3049 μόνον
625 2963 802 3064 ἀχάρρητον
824 2960 922 3050 εἶναι,
943 2965 1027 3032 ἀλλὰ
1049 2965 1104 3034 καὶ
1126 2967 1244 3035 ἀδικώ-

211 3093 336 3145 ,τατον
357 3069 491 3135 πάντων
513 3049 780 3156 ἀνθρώπων,ῗγδς
802 3094 840 3155 γε
862 3073 971 3158 τυχὼν
993 3074 1081 3159 παρὰ
1103 3083 1163 3141 τοῦ
1184 3095 1244 3140 πα-

238 3177 314 3262 τρὸς
335 3185 396 3242 τοῦ
418 3173 499 3260 ἐμοῦ
522 3174 611 3242 ὅσων
634 3175 756 3263 ἐδεήθη
784 3174 839 3242 καὶ
861 3179 974 3262 λαβὼν
997 3177 1158 3266 ἀργύριον
1180 3179 1243 3247 ἀπὸ

237 3291 294 3366 τῆς
315 3280 482 3367 τραπέζης,
504 3281 542 3347 ἐν
563 3286 668 3368 πολλή
688 3282 808 3370 ἀπορίᾳ
830 3281 885 3350 καὶ
908 3286 1078 3362 κινδύνοις
1099 3297 1168 3363 τοῖς
1189 3310 1243 3370 με·

222 3390 362 3469 ’γίστοις
389 3383 599 3470 καθεστηκὼς
629 3386 705 3473 περὶ
735 3398 793 3474 ,τῆς
824 3398 946 3475 ψυχῆς,
977 3391 1018 3456 οὐ
1050 3394 1155 3475 μόνον
1183 3392 1243 3457 οὐκ

239 3491 386 3558 ἀπέδωκε
403 3493 512 3580 χάριν,
535 3491 618 3558 ἀλλὰ
635 3490 745 3558 καὶτὸ
769 3489 873 3559 δοθέν
896 3493 1071 3582 ἀποστερεῖ
1090 3519 1138 3580 με.
1174 3502 1244 3563 καί·
