2654 3926
438 156 537 207 ΠΡΟΣ
556 156 776 209 Φεικιωῐιοκ.
1073 156 1113 219 11

105 319 211 382 ἐδίδου
232 325 270 401 τῷ
292 319 472 398 πεπονηκότι
489 319 601 380 τούτων
619 318 794 393 ὑπεξελθεῖν
818 319 850 382 ἐκ
871 329 925 383 τού
949 320 1115 403 συντάγμα·

103 440 175 497 τος,
194 418 223 479 εἴ
234 414 286 479 τιν’
307 417 415 479 ἑαυτοῦ
433 416 651 496 πλουσιώτερον
676 414 841 496 σχολάζοντ’
862 417 1040 480 ἐπεδείκνυε.
1066 417 1116 479 καλ

105 515 137 576 εἰ
161 511 210 593 μὲν
231 512 246 576 δ
268 512 450 595 προβληθεὶς
472 512 614 596 ὡμολόγει
636 514 851 597 πλουσιώτερος
873 510 960 594 εἶναι,
982 517 1025 589 είς
1046 515 1116 589 τοὺς

107 613 288 692 τριακοσίους
312 610 551 674 ἀντικαθίστατο·
575 612 602 674 εί
624 607 651 673 δ’
676 610 803 693 ἠρνεῖτο,
825 611 880 692 τὴν
903 613 1009 677 οὐσίαν
1032 612 1115 676 ἀντε-

80 710 237 771 τδίδοσαν.
273 717 331 770 νῦν
348 711 451 772 τοίνυν
470 704 512 782 είς
530 718 589 770 τῶν
607 711 782 790 τριακοσίων
799 710 1000 791 πεπονηκέναι
1022 711 1114 794 λόγων

107 805 163 866 καὶ
181 801 252 868 εἶναι
268 805 361 885 πίνης
379 805 427 867 ἐπλ
447 808 620 868 Φαίνιππον
642 805 780 887 ἐλήλυθε,
802 806 851 868 καλ
873 817 925 887 τῆς
948 809 1051 883 οὐσίας
1073 810 1114 883 είς

106 900 255 965 ἀντίδοσιν
281 903 397 983 ἥκουσι.
433 902 500 983 περί
528 899 560 963 δὲ
587 901 701 964 τούτων
730 901 847 984 ἐγκαλεῖ
870 910 910 992 τῷ
943 908 1114 992 Φαινίππῳ,

104 997 147 1073 ὥς
168 997 230 1064 οὐτε
246 993 301 1079 την
318 1000 499 1084 ἀπογραφὴν
516 1007 569 1078 τῆς
583 998 687 1072 οὐσίας
706 1000 844 1063 δεδωκότι
861 1001 935 1063 κατὰ
953 1002 1004 1064 τὸν
1022 1021 1113 1083 προσ-

102 1097 217 1160 ώκοντα
239 1098 361 1179 χρόνον,
394 1094 458 1160 ἀλλ’
495 1097 618 1179 ὕστερον
644 1102 759 1182 πολλῷ,
788 1099 823 1160 τώ
857 1121 886 1161 τε
922 1107 1028 1179 σημεῖα
1055 1111 1113 1162 τῶν

103 1194 272 1274 οἰκημάτων
289 1195 467 1282 ἀφηρηκότι,
489 1193 565 1273 ὑπὲρ
584 1203 636 1256 τοῦ
659 1193 823 1276 ἐκφορῆσαι
846 1205 904 1257 τῶν
928 1195 1016 1258 ἔνδον
1038 1198 1114 1275 τινά,

103 1291 157 1354 καί
177 1295 295 1369 ψευδῶς
318 1291 448 1370 ὀφείλειν
470 1292 564 1355 πολλὰ
586 1290 782 1379 πλαττομένῳ.

170 1590 287 1655 Πολλὰ
308 1589 441 1672 κάγαθὰ
462 1586 582 1673 γένοιτ’
605 1584 631 1654 ὦ
655 1591 776 1676 ἀνδρες
798 1592 960 1675 δικασταί,
982 1602 1114 1676 πρῶτον

101 1692 164 1778 μὲν
186 1694 267 1780 ὑμῖν
295 1697 434 1778 ἅπασιν,
461 1697 572 1761 ἔπειτα
599 1691 637 1761 δὲ
664 1694 720 1762 καὶ
742 1700 876 1763 Σόλωνι
903 1706 949 1785 τῳ
972 1703 1114 1781 νομοθε-

101 1803 238 1885 τήσαντι
264 1804 323 1868 τὸν
350 1799 425 1888 περὶ
451 1813 518 1866 τῶν
545 1800 749 1868 ἀντιδόσεων
771 1805 886 1887 νόμον.
931 1805 963 1868 εί
983 1805 1027 1887 μὴ
1050 1803 1113 1889 γὰρ

102 1905 200 1986 οὗτος
222 1907 302 1993 ἡμῖν
326 1919 439 1994 σαφῶς
462 1909 608 1992 διώρισε,
630 1911 665 1972 τί
679 1919 811 1994 πρῶτον
835 1911 888 1974 δεῖ
906 1921 1015 1976 ποιεῖν
1037 1911 1115 1985 τοὺς

102 2015 363 2092 ἀντιδεδωκότας
391 2012 446 2080 καλ
474 2018 510 2078 τί
537 2014 692 2099 δεύτερον
719 2012 774 2079 καὶ
804 2016 907 2082 τάλλα
930 2011 961 2080 δ’
988 2013 1114 2100 ἐφεξῆς,

102 2121 164 2187 οὐκ
178 2117 242 2188 οἶδ’
262 2119 338 2186 ὅποι
351 2125 522 2205 προῆλθεν
541 2118 583 2184 ἀν
600 2119 621 2204 ἡ
640 2117 774 2185 τουτουὶ
791 2123 982 2186 Φαινίππου
999 2123 1114 2204 τόλμα,

102 2226 186 2294 ὅπου
208 2250 247 2312 με
269 2225 325 2292 καὶ
347 2235 411 2292 νῦν
434 2227 562 2291 ἅπαντα
585 2233 687 2291 ταῦτα
709 2223 930 2311 προλέγοντος
951 2226 1031 2310 ἡμῖν
1054 2237 1114 2293 τοῦ

100 2337 227 2418 νόμου,
255 2332 344 2417 ὅμως
373 2329 474 2398 οὐδὲν
504 2335 684 2418 φροντίσας
711 2341 778 2396 τῶν
801 2330 838 2396 ἐν
861 2332 950 2419 αὐτῷ
973 2355 1114 2417 γενραμ-
1124 2352 1192 2402 1039

102 2438 212 2522 μένων
243 2440 400 2520 δικαίων,
429 2434 503 2502 ἀντὶ
532 2433 593 2521 μὲν
619 2447 681 2502 τοῦ
708 2447 809 2520 τριῶν
838 2436 970 2523 ἡμερῶν
994 2433 1051 2523 ἀφ’
1075 2434 1114 2522 ἧς

102 2545 210 2630 ώμοσε
234 2547 295 2629 τὴν
314 2543 481 2628 ἀπόφασιν
500 2545 622 2609 δοῦναί
638 2566 694 2626 μοι
717 2551 774 2625 τῆς
797 2542 911 2620 οὐσίας
932 2553 989 2628 τῆς
1011 2545 1113 2612 αὐτοῦ

103 2652 181 2717 κατὰ
211 2653 272 2717 τὸν
298 2652 421 2734 νόμον,
452 2648 473 2733 ἢ
497 2652 529 2713 εί
550 2650 594 2733 μὴ
623 2645 689 2714 τότ’
718 2635 891 2734 ἐβοόλετο,
918 2657 956 2735 τῇ
979 2647 1011 2734 γ’
1038 2651 1113 2738 ἕκτη

103 2758 222 2824 δοῦναι
253 2765 314 2821 τοῦ
345 2756 595 2841 βοηδρομιῶνος
626 2756 750 2838 μηνός,
781 2755 824 2838 ἣν
856 2755 988 2840 δεηθεὶς
1021 2759 1112 2841 [μου]

104 2864 198 2929 ἔθετο
223 2858 279 2927 καλ
302 2861 338 2928 ἐν
360 2855 382 2947 ᾗ
405 2861 597 2945 ὡμολόγησε
621 2860 742 2925 δώσειν
765 2862 826 2944 τὴν
850 2859 1036 2948 ἀπόφασιν,
1059 2863 1114 2930 οὐ-

83 2969 220 3057 ιδότερα
241 2967 370 3033 τούτων
398 2965 567 3050 ἐποίησεν,
594 2965 678 3031 ἀλλδι
700 2971 952 3052 καταφρονήσας
974 2968 1114 3053 ἀμφοτέ-

104 3098 187 3158 ρων,
210 3071 268 3139 καὶ
290 3072 384 3157 ἡμων
406 3070 460 3137 καὶ
482 3081 543 3138 τοῦ
564 3074 689 3156 νόμου,
711 3071 855 3162 δευτέρῳ
878 3073 957 3158 μηνλ
981 3072 1114 3160 δέδωκε,

106 3181 199 3248 δυοῖν
222 3179 244 3264 ἢ
266 3175 377 3265 τρισὶν
404 3176 539 3262 ἡμέραις
565 3180 727 3264 πρότερον
754 3187 811 3262 τῆς
833 3180 880 3256 είς
902 3183 939 3246 τὸ
964 3181 1115 3265 δικαστη-

106 3309 175 3370 ριον
193 3288 344 3369 εἰσόδου,
366 3286 425 3350 τὸν
443 3280 476 3348 δ’
493 3285 597 3350 ἀλλον
615 3281 731 3349 ἅπαντ’
750 3283 900 3350 ἐκποδὼν
917 3279 960 3368 ἦν
978 3291 1114 3371 χρόνον·

105 3391 174 3459 ἀντὶ
198 3389 236 3457 δὲ
258 3400 321 3458 τοῦ
344 3390 385 3454 τά
414 3386 521 3474 σημεῖ’
549 3388 607 3455 ἐᾶν
629 3401 697 3455 τῶν
720 3391 906 3474 οἰκημάτων
930 3390 950 3455 δ
972 3407 1114 3477 παρεση-

106 3501 269 3586 μηνάμην,
293 3495 407 3563 ἐλθὼν
429 3497 475 3573 είς
498 3496 601 3583 ἀγρὸν
622 3494 744 3584 ἀνέῳξε
767 3493 821 3561 καὶ
844 3497 901 3573 τὰς
923 3497 1042 3580 κριθὰς
1066 3496 1113 3572 ἐξ·
