2654 3926
1130 193 1172 260 67

165 376 250 438 ματα
268 352 323 420 καί
341 354 403 421 οῦκ
424 357 472 433 εἰς
489 355 530 422 τά
546 356 629 421 κατὰ
650 357 757 439 νόμον
779 363 825 443 τῷ
848 357 1049 441 προσήκοντι
1072 356 1176 440 δοθη-

120 475 151 518 ⁸⁶
165 462 289 544 σόμενα
311 462 465 545 βαδίζων.
505 460 599 545 ἡμεῖς
621 457 652 526 δ’
679 457 706 527 δι
729 463 848 548 ἄνδρες
871 463 1040 546 δικασταί,
1062 464 1094 527 εἰ
1115 458 1176 546 μέν

164 565 183 632 ὁ
212 568 448 652 τετελευτηκὼς
478 565 656 652 έποιησατό
682 590 773 652 τινα,
803 571 920 654 καίπερ
952 569 994 635 ού
1025 569 1177 645 διδόντος

127 743 129 746 ,
162 681 224 739 τοῦ
254 675 378 758 νόμον,
409 682 664 760 συνεχωροῦμεν
696 671 738 738 ἂν
770 672 875 761 αύτῷ,
906 673 927 758 ἢ
957 676 988 740 εἰ
1015 674 1177 758 διαθηκας

163 782 395 864 κατελελοίπει,
417 776 473 844 καί
494 779 628 856 ταύταις
650 777 692 844 δν
716 778 946 864 ἐνεμείναμεν,
969 777 1039 845 ἐπεὶ
1061 777 1176 844 καὶτὸ

164 883 196 962 ἐξ
220 883 322 971 ἀρχῆς
343 893 490 952 τοιοῦτοι
513 886 606 961 όντες
629 885 858 970 διετελοῦμεν,
881 885 943 950 ούκ
966 884 1176 969 ἐναντιούμε-

162 1013 218 1056 νοι
246 990 376 1067 τούτοις
407 992 521 1075 έχουσι
551 990 612 1073 τὴν
641 989 760 1055 ούσίαν
788 985 844 1053 καί
871 987 1065 1057 ἐπανιοῦσιν
1093 992 1175 1076 άνω,

121 1113 149 1154 ⁶⁶
163 1091 240 1161 καθ’
267 1094 307 1162 δν
331 1096 452 1180 δήποτε
470 1097 594 1179 τρόπον
618 1093 807 1179 ἐβούλοντο.
844 1093 915 1160 ἐπεὶ
938 1091 974 1161 δὲ
996 1099 1079 1162 νυνί
1096 1118 1174 1163 ποτε
1187 1106 1252 1157 ιῖοο

162 1200 227 1268 ὑπὸ
249 1200 379 1267 τούτων
397 1199 507 1264 αὐτῶν
524 1197 580 1264 καί
602 1199 668 1265 ὑπὸ
691 1209 758 1264 τῶν
780 1201 894 1284 νόμων
916 1201 955 1265 τὸ
977 1198 1099 1286 πρᾶγμ’
1126 1200 1176 1280 ἐξ·

163 1309 370 1392 εληλεγκται,
400 1307 542 1390 οἰόμεθα
564 1306 637 1370 δεῖν
659 1310 880 1392 κληρονομεῖν
901 1315 969 1370 τῶν
988 1302 1176 1392 Ἀρχιάδου,

162 1411 217 1479 καί
238 1409 315 1499 παρ’
340 1411 436 1496 ἡμῶν
458 1405 545 1476 εἶναι
567 1413 627 1477 τὸν
648 1412 726 1477 υίὸν
750 1412 810 1476 τὸν
833 1411 1087 1496 εἰσποιούμενον
1108 1423 1175 1479 τῶν

162 1520 207 1604 μὴ
228 1516 459 1603 πεπαρμένον
481 1519 660 1604 πρότερον,
681 1516 726 1602 μὴ
748 1518 837 1604 παρὰ
859 1517 996 1583 τούτων.
1041 1518 1176 1598 δικαίως

162 1626 225 1712 γδρ
248 1625 267 1692 δ
289 1622 492 1710 νομοθέτης,
519 1619 629 1708 οἶμαι,
657 1624 766 1708 ὥσπερ
793 1620 850 1688 καί
871 1623 928 1700 τὰς
951 1621 1086 1710 ἀτυχίας
1107 1635 1174 1690 τῶν

162 1732 294 1797 οἰκείων
315 1729 371 1796 καί
393 1730 451 1807 τὰς
469 1729 615 1807 ἐκδόσεις
636 1740 704 1796 τῶν
725 1739 893 1813 γυναικῶν
916 1740 985 1806 τοῖς
1007 1728 1174 1813 ἐγγυτάτω

162 1835 280 1922 γένους
300 1835 496 1923 προσέταττε
518 1842 708 1921 ποιεῖσθαι,
731 1835 836 1912 ούτως
857 1833 912 1901 καί
935 1836 992 1912 τάς
1013 1841 1173 1922 κληρονο-

162 1947 237 2028 μίας
258 1942 314 2009 ιιαί
336 1945 397 2028 τὴν
419 1953 487 2009 τῶν
510 1942 648 2027 ἀγαθῶν
667 1945 846 2027 μετουσίαν
867 1953 937 2018 τοῖς
959 1941 1071 2020 αὐτοῖς
1094 1941 1173 2009 άπο·

1 2044 8 2056 ’
121 2067 148 2108 ⁶⁷
162 2046 316 2116 δέδωκεν.
351 2050 388 2115 τὸ
421 2045 457 2115 δὲ
489 2049 623 2114 πάντων
654 2046 809 2133 μέγιστον
835 2046 892 2113 καί
918 2049 1176 2133 γνωριμώτατον

160 2155 255 2239 ύμῖν·
282 2155 301 2222 δ
324 2155 387 2240 γάρ
415 2163 477 2220 τοῦ
499 2155 657 2230 Σόλωνος
684 2155 786 2238 νόμος
809 2149 888 2218 οὐδὲ
911 2151 1092 2218 διαθέσθαι
1114 2155 1173 2221 τδν

160 2261 300 2344 ποιητὸν
322 2257 361 2346 ἐᾷ
377 2258 418 2323 τά
437 2257 474 2323 έν
491 2266 536 2346 τῷ
561 2263 654 2347 οἰκω,
676 2249 712 2323 οἷ
732 2257 774 2324 δν
796 2264 932 2342 ποιηθῇ.
969 2259 1103 2336 εἰκότως
1125 2255 1174 2326 οἰ-

162 2384 234 2450 μαι·
266 2372 311 2452 τῷ
343 2364 407 2449 γδιρ
433 2364 515 2429 κατὰ
541 2365 648 2446 νόμον
675 2361 888 2446 εἰσποηθέντι
915 2360 970 2428 ἰπί
995 2363 1036 2428 τδ
1059 2360 1172 2450 ἑτέρου

161 2470 224 2556 οὐχ
246 2469 368 2554 οὕτως,
390 2469 435 2547 ὡς
457 2466 620 2555 περὶτῶν
643 2469 740 2533 ἰδίων
762 2467 951 2554 κτημάτων,
973 2468 1172 2553 βουλευτέων

161 2575 264 2661 ἐστίν,
287 2575 370 2641 άλλά
392 2586 462 2653 τοῖς
483 2577 599 2659 νόμοις
616 2572 823 2659 ἀκολούθως,
845 2571 921 2661 περί
943 2571 1082 2642 ἑκάστου
1104 2587 1172 2642 τῶν

122 2703 148 2745 ω
161 2680 397 2769 γεγραμμένων
419 2681 464 2759 ὡς
486 2681 505 2748 δ
527 2683 630 2764 νόμος
652 2676 749 2764 λέγει.
786 2680 876 2746 *ὅσοι
898 2682 943 2766 μὴ
966 2679 1172 2766 ἐπεποίηντό

160 2793 263 2874 φησίν
286 2789 357 2854 εὅτε
375 2790 495 2854 Σόλων
514 2783 618 2874 εἰσῄει
636 2788 684 2864 εἰς
699 2787 762 2872 τὴν
780 2785 898 2874 ἀρχήν,
921 2784 1043 2865 ἐξεῖναι
1060 2787 1173 2866 αὐτοῖς

161 2892 342 2961 διαθέσθαι
365 2893 454 2971 ὅπως
480 2892 522 2960 δν
546 2891 737 2976 ε’θέλωσιν’,
763 2893 808 2970 δις
829 2905 899 2970 τοῖς
920 2916 958 2978 γε
979 2899 1171 2978 ποιηθεῖσιν

161 3001 222 3068 οὐκ
245 2999 320 3079 έξδν
337 2997 531 3084 διαθέσθαι,
554 2997 637 3065 άλλδ
657 3002 778 3079 ζῶντας
799 2998 1074 3083 ἐγκαταλιπόντας
1095 3000 1171 3066 υίὸυ

160 3109 299 3191 γνήσιον
332 3104 518 3190 ἐπανιέναι,
549 3104 571 3189 ἢ
598 3107 852 3190 τελευτήσαντας
880 3104 1079 3171 ἀποδιδόναι
1108 3106 1171 3189 την

159 3215 382 3299 κληρονομίαν
404 3222 475 3290 τοῖς
502 3209 536 3290 ἐξ
559 3209 660 3298 ἀρχῆς
688 3213 822 3288 οἰκείοις
848 3205 924 3277 οδσι
950 3219 1011 3278 τοῦ
1033 3227 1170 3295 ποιησα-

160 3316 271 3402 μένου.

553 3477 769 3488 *n—-n—
