2654 3926
450 141 549 193 ΠΡΟΣ
567 139 817 192 ΜΑΚΑΡΤΔΤΟΝ.
1094 137 1134 200 41

169 309 306 385 θῶνται,
320 275 404 385 πρίν
435 305 521 385 ήλιον
555 303 668 384 ἐξέχειν.
710 305 839 382 βαδίζειν
869 301 901 366 δὲ
930 302 999 377 τούς
1028 299 1138 383 ἀνδρας

169 401 322 481 πρόσθεν,
357 401 442 463 όταν
460 399 655 481 ἐκφέρωνται,
684 399 735 475 τδις
766 399 799 463 δέ
814 399 815 408 ’
829 407 972 484 γυναῖκας
1004 397 1138 462 ὐπισθεν.

169 504 301 578 γυναῖκα
329 497 361 560 δέ
388 497 428 578 μή
457 497 563 573 ἐξεῖναι
591 495 711 560 εἰσιέναι
734 499 775 572 εἰς
797 496 833 559 τά
855 507 908 559 τοῦ
930 497 1137 571 ἀποθανόντος

171 591 242 674 μηδ’
268 595 449 659 ἀκολουθεῖν
479 594 679 676 ἀποθανόντι,
710 596 779 657 όταν
808 596 848 669 εἰς
871 593 905 656 τδι
930 594 1043 674 σήματα
1065 591 1138 676 ἀγη-

170 715 233 772 ται,
263 691 345 766 ἐντὸς
374 685 507 770 ἑξήκοντ’
540 691 613 753 ἐτῶν
642 699 814 775 γεγονυῖαν,
849 691 927 771 πλήν
959 691 1026 754 ὅσαι
1057 689 1139 766 ἐντὸς

171 787 344 867 ἀνεψιαδῶν
370 788 438 850 εἰσι·
466 783 536 868 μηδ’
562 789 607 863 εἰς
632 788 667 850 τά
694 797 747 852 τοῦ
773 786 981 862 ἀποθανόντος
1009 786 1138 868 εἰσιέναι,

175 881 295 945 ἐπειδάν
318 881 454 967 ἐξενεχθῇ
483 879 499 944 ὁ
522 879 626 960 νέκυς,
652 887 781 962 γυναῖκα
802 883 948 962 μηδεμίαν
970 881 1048 961 πλήν
1071 883 1137 945 όσαι

171 979 252 1053 ἐντὸς
280 977 453 1059 ἀνεψιαδῶν
476 980 558 1042 εἰσιν.
1124 995 1127 1004 “

78 1162 106 1202 οε
196 1135 267 1200 Οὐκ
291 1133 328 1221 ἐᾷ
352 1132 488 1201 εἰσιέναι
512 1130 552 1200 οὐ
575 1133 617 1200 ἀν
639 1127 661 1221 ᾖ
685 1134 956 1217 ὁτετελευτηκὼς
978 1133 1136 1219 οὐδεμίαν

121 1251 267 1325 γυναῖκα
290 1241 395 1325 άλλην
417 1239 438 1324 ή
460 1242 519 1316 τὰς
542 1241 774 1326 προσηκούσας
796 1238 891 1325 μέχρι
913 1237 1136 1326 ἀνεψιότητος,

121 1345 181 1412 καί
199 1348 281 1431 πρὸς
297 1349 335 1412 τὸ
354 1355 465 1431 μνήμα
484 1345 684 1412 ἀκολουθεῖν
706 1345 764 1422 τάς
782 1344 881 1423 αὐτάς
902 1345 1029 1425 ταύτας.
1067 1350 1136 1412 Φυ-

12 1441 22 1556 ,ί
123 1451 252 1537 λομάχη
279 1453 395 1518 τοίνυν
417 1451 438 1534 ή
461 1451 663 1536 Πολέμωνος
690 1443 817 1536 ἀδελφή
844 1461 905 1518 τοῦ
932 1453 1054 1536 πατρὸς
1075 1462 1135 1518 τοῦ

12 1561 22 1638 ᾖ.
117 1555 257 1642 Ἁγνίου
276 1557 337 1624 οὐκ
355 1556 474 1636 ἀνεψιὰ
493 1553 536 1641 ήν
550 1555 675 1645 Ἁγνίᾳ,
698 1556 781 1622 ἀλλά
799 1561 906 1641 τηθίς·
926 1554 1053 1643 ἀδελφή
1072 1559 1134 1645 γάρ

19 1646 22 1697 ί
122 1659 168 1750 ήν
191 1661 393 1748 Πολέμωνος
419 1672 479 1728 τοῦ
506 1664 626 1748 πατρὸς
652 1673 713 1728 τοῦ
736 1661 880 1745 Ἁγνίου.
925 1663 1157 1749 Εὐβουλίδης,

18 1752 22 1863 Ξ
125 1767 163 1836 δὲ
181 1769 200 1836 δ
220 1769 294 1846 υίὸς
310 1769 431 1853 ταύτης
449 1777 505 1853 τής
523 1771 680 1852 γυναικὸς
697 1765 832 1847 ἀνεψιὸς
849 1764 892 1853 ήν
909 1771 991 1855 πρὸς
1013 1774 1134 1857 πατρὸς

19 1870 20 1881 ’
118 1875 253 1962 Ἁγνίᾳ,
286 1869 326 1940 οὐ
359 1874 449 1940 ἐστιν
478 1874 496 1942 ὁ
525 1879 653 1960 κλήρος.
692 1883 752 1948 τοῦ
783 1871 813 1939 δ’
847 1875 1060 1961 Εὐβουλίδου
1091 1872 1134 1962 ήν

12 1976 19 2057 ί
85 2008 110 2048 τι
124 1983 276 2069 θυγάτηρ
294 1982 315 2065 ή
333 1978 468 2046 τουτουί
491 1990 551 2046 τοῦ
573 1981 690 2057 παιδὸς
712 1983 827 2066 μήτηρ.
867 1981 987 2059 ταύτας
1008 1983 1133 2050 κελεύει

125 2089 183 2165 τάς
204 2085 434 2176 προσηκούσας
460 2083 515 2150 καί
541 2096 693 2170 παρεῖναι
719 2094 759 2170 τή
782 2084 941 2171 προθέσει
964 2098 1026 2154 τοῦ
1048 2111 1134 2154 τετε-

125 2195 320 2277 λευτηκότος
341 2190 396 2257 καί
419 2187 472 2256 ἐπί
490 2193 528 2256 τὸ
547 2200 658 2275 μνήμα
681 2189 894 2275 ἀκολουθεῖν,
916 2191 957 2256 οὐ
978 2195 1040 2276 τήν
1057 2197 1134 2260 Μα-

124 2299 287 2386 καρτάτου
310 2295 434 2382 μητέρα
453 2293 532 2362 οὐδὲ
554 2298 615 2380 τήν
635 2300 832 2381 Θεοπόμπου
855 2309 1008 2381 γυναῖκα·
1033 2296 1133 2366 οὐδέν

125 2406 189 2491 γάρ
211 2412 376 2488 προσήκεν
394 2399 509 2489 Ἁγνίᾳ
532 2401 631 2485 αὐτη,
660 2399 733 2468 ἀλλ’
764 2397 816 2486 ήν
833 2401 867 2480 ἐξ
895 2400 1006 2488 ἑτέρας
1027 2411 1134 2490 φυλής

122 2508 357 2595 Ἀκαμαντίδος
373 2505 429 2573 καὶ
443 2507 478 2586 ἐξ
497 2505 612 2593 ἐτέρου
630 2509 737 2592 δήμου
752 2512 1027 2596 Προσπαλτόθεν,
1050 2513 1132 2579 ὥστε

125 2619 161 2682 τὸ
180 2616 334 2701 παράπαν
353 2611 426 2680 οὐδ’
448 2612 584 2701 ᾔσθετο,
607 2615 660 2680 ὅτε
685 2609 727 2698 ήν
745 2617 979 2700 τετελευτηκὼς
992 2615 1132 2702 Ἁγνίας.

89 2748 114 2788 ω
127 2722 431 2807 ὑπεραναίσχυντον
455 2721 496 2804 δή
515 2716 608 2786 οὗτοι
626 2721 901 2800 κατασκευάζουσι
923 2733 1065 2810 πρᾶγμα,
1088 2725 1132 2804 ὡς

126 2829 188 2914 ἀρα
211 2829 265 2892 δεῖ
284 2827 368 2911 ἡμᾶς
390 2824 445 2892 καί
467 2827 524 2902 τάς
546 2838 704 2909 γυναῖκας
732 2827 790 2905 τάς
811 2825 968 2913 ἡμετέρας
989 2841 1048 2896 τοῦ
1070 2827 1132 2915 μέν

127 2936 273 3018 σώματος
295 2943 355 3000 τοῦ
369 2929 523 3016 Ἁγνίου,
553 2929 599 2998 ὅτ’
628 2931 881 3017 ἐτετελευτήκει,
906 2939 1132 3020 κληρονόμους
1142 2956 1207 3006 1072

125 3036 209 3106 εἶναι
231 3037 287 3106 καί
308 3049 417 3104 ποιεῖν
440 3039 568 3104 ἅπαντα
590 3039 630 3103 τδι
652 3042 860 3124 νομιζόμενα,
883 3039 927 3117 ὡς
949 3045 1131 3127 προσήκον-

125 3171 180 3224 τας
201 3143 257 3211 καί
280 3143 368 3230 γένει
392 3146 489 3221 ὄντας
512 3142 691 3226 ἐγγυτάτω·
721 3146 781 3211 τὸν
801 3141 837 3211 δέ
855 3151 979 3231 κλήρου
998 3153 1130 3213 οίεσθαι

126 3253 194 3317 δεῖν
215 3255 301 3336 ἔχειν
318 3252 378 3316 τὸν
392 3247 526 3332 Ἁγνίου
544 3259 604 3315 τοῦ
622 3252 886 3333 τετελευτηκότος
898 3249 1131 3338 Μακάρτατον,

125 3357 158 3422 ἐκ
179 3368 241 3424 τοῦ
269 3359 434 3440 Στρατίου
463 3361 557 3420 οίκου
586 3355 665 3422 ὄντα
692 3353 746 3421 καὶ
775 3355 811 3421 ἐκ
838 3364 894 3438 τῆς
920 3351 1132 3439 Ἀπολήξιδος

125 3473 181 3528 τοῦ
206 3466 440 3548 Προσπαλτίου
463 3464 646 3546 θυγατρός,
668 3461 890 3545 Μακαρτάτου
914 3458 944 3526 δ’
978 3460 1131 3543 ἀδελφῆς.
