2656 3926
397 172 586 226 nPOOIMIA.
613 173 863 227 παντο-εκεῖ.
1068 171 1133 239 379

607 333 649 398 A.

185 454 278 522 Ἔδει
306 451 368 541 μὲν
396 449 424 521 ὦ
450 456 570 543 ἄνδρες
594 453 768 540 Ἀθηναῖοι
795 458 860 542 πρὸ
889 466 950 523 τοῦ
978 411 1135 540 πολεμεῖν

126 561 304 649 ἐσκέφθαι,
330 565 379 640 τίς
400 560 537 649 ὑπάρξει
558 563 747 647 παρασκευὴ
775 571 820 650 τῷ
844 560 1054 653 γενησομένῳ
1076 584 1135 630 πο-

126 668 230 758 λέμφ·
253 665 336 734 εἶδ’
363 668 427 755 ἀρα
449 669 493 753 μὴ
522 668 689 754 πρόδηλος
714 663 773 752 ἦν,
801 666 854 734 ὅτε
881 679 1013 754 πρῶτον
1040 668 1134 754 ἐβου-

126 771 260 842 λεύεσθ’
283 769 365 860 ὑπὲρ
384 773 488 841 αὐτοῦ
509 783 658 860 φανεροῦ
681 771 875 858 γενομένου,
896 777 969 840 τότε
986 773 1041 840 καὶ
1059 771 1134 860 περὶ

126 889 185 965 τῆς
206 889 413 967 παρασκευῆς
435 878 605 966 ἐσκέφθαι.
645 881 678 944 εί
699 877 736 945 δὲ
758 881 879 965 φήσετε
900 881 1024 957 πολλὰς
1046 880 1135 964 έγκε-

125 986 306 1073 χειρικέναι
334 987 506 1071 δυνάμεις,
534 986 573 1063 ἀς
599 986 806 1071 λελυμάνθαι
832 989 911 1062 τοὺς
933 986 1136 1070 έπιστάντας,

126 1092 189 1158 οὐκ
211 1092 403 1172 ἀποδέξεται
429 1088 525 1160 τοῦθ’
551 1093 646 1178 ὑμῶν
673 1091 862 1168 οὐδείς·οά
889 1092 951 1178 γάρ
978 1091 1047 1157 έστι
1068 1101 1135 1157 τῶν

127 1198 238 1264 αὐτῶν
259 1201 338 1276 τοός
359 1195 387 1266 τ’
415 1197 468 1265 έπδ
494 1209 562 1265 τῶν
583 1198 785 1284 πραγμάτων
808 1197 986 1282 ἀπολύειν,
1007 1195 1062 1263 καὶ
1085 1195 1136 1262 λέ-

98 1323 199 1389 εγειν
228 1305 274 1381 ὡς
307 1304 363 1370 διδ
396 1306 534 1382 τούτους
566 1314 673 1382 κακῶς
704 1301 794 1370 ταῦτ’
828 1305 904 1390 ἔχει.
951 1302 1064 1387 ἐπειδὴ
1099 1297 1137 1368 δέ

125 1411 167 1475 τὰ
196 1405 258 1494 μὲν
286 1407 529 1496 παρεληλυθότ’
563 1409 625 1476 οὐκ
653 1408 696 1475 ἀν
724 1409 832 1486 άλλως
858 1411 946 1495 ἔχοι,
970 1405 1073 1474 aaz&
1100 1407 1137 1473 ἐκ

124 1527 194 1580 τῶν
210 1518 386 1602 παρόντων
404 1515 567 1601 ἐπαμῦναι
585 1526 654 1592 τοῖς
671 1515 851 1600 πράγμασι,
873 1525 934 1582 τοῦ
956 1511 1018 1600 μὲν
1040 1531 1216 1598 uam-1440

126 1631 241 1707 γορεῑν
264 1619 386 1688 οὐδένα
407 1624 526 1708 καιρὸν
548 1622 632 1709 δρῶ,
658 1621 856 1707 πειράσομαι
880 1617 910 1686 δ’
938 1620 959 1687 δ
980 1621 1137 1707 κράτιστα

127 1730 248 1812 νομίζω
276 1730 531 1812 συμβουλεῦσαι.
570 1737 702 1813 πρῶτον
734 1721 795 1810 μδν
827 1720 889 1791 οὖν
917 1724 1003 1810 ὑμᾶς
1029 1725 1136 1792 έκεῖνο

128 1831 306 1916 ἐγνωκέναι
329 1833 395 1915 δεῖ,
422 1831 473 1896 ὅτι
499 1831 561 1916 τὴν
588 1837 665 1914 ίσην
691 1829 880 1916 ὑπερβολὴν
907 1838 964 1914 τῆς
989 1831 1137 1914 σπονδῆς

127 1937 182 2005 καὶ
204 1941 392 2024 φιλονικίας
413 1934 467 2002 ἐπὶ
493 1947 562 2013 τοῖς
588 1936 756 2022 πράγμασι
782 1932 878 2002 πάντ’
905 1936 1012 2022 ἀνδρα
1032 1957 1136 2021 παρα-

129 2041 267 2129 σχέσθαι
286 2043 348 2125 δεί,
371 2040 514 2126 όσηνπερ
534 2040 570 2106 ἐκ
587 2051 654 2105 τῶν
672 2041 805 2104 ἀνωθεν
823 2043 954 2125 χρόνων
972 2039 1136 2124 ἀμελείας·

129 2151 224 2234 μόλις
245 2147 307 2230 γάρ
330 2145 436 2223 οὕτως
462 2142 553 2221 ἐλπὶς
579 2143 615 2210 έκ
641 2148 768 2209 πολλοῦ
795 2145 974 2220 διώκοντας
994 2144 1035 2210 τδ
1056 2165 1137 2230 προ-

101 2251 229 2339 ιειμέά
262 2250 350 2318 ἑλεῖν
381 2252 580 2335 δυνηθῆναι.
625 2246 722 2314 ἔπειτ’
753 2247 815 2316 οὐκ
846 2247 1036 2333 ἀθυμητέον
1068 2259 1137 2326 τοῖς
1272 2314 1275 2320 ,

128 2356 372 2443 γεγενημένοις·
400 2355 419 2422 δ
446 2357 509 2442 γάρ
537 2354 606 2421 έστι
636 2366 704 2421 τῶν
730 2357 1012 2441 παρεληλυθότων
1037 2357 1136 2441 χείρι-

126 2485 224 2550 στον,
249 2474 347 2531 τοῦτο
374 2463 456 2550 πρὸς
477 2461 517 2528 τδ
540 2460 701 2546 μέλλοντα
727 2458 899 2545 βέλτιστον
920 2461 1069 2547 ὑπάρχει.
1103 2467 1140 2528 τί

128 2567 191 2638 οὖν
212 2567 301 2638 τοῦτ’
328 2572 417 2636 ἔστιν
440 2563 467 2634 ό)
488 2568 608 2654 ἄνδρες
625 2564 812 2651 Ἀθηναίοις
841 2567 892 2632 ότι
919 2562 1020 2633 οὐδὲν
1040 2567 1136 2652 ὑμῶν

127 2689 194 2744 τῶν
212 2679 359 2744 δεόντων
376 2675 565 2742 ποιούντων
581 2684 689 2750 κακῶς
706 2675 772 2758 ἔχει
794 2673 834 2738 τὰ
856 2672 1042 2758 πράγματα·
1065 2670 1135 2739 ἐπεὶ

127 2789 162 2848 εί
179 2807 215 2868 γε
237 2779 340 2849 πάνθ’
367 2781 388 2849 δ
409 2788 554 2868 προσῆκε
576 2781 787 2866 πραττόντων
809 2778 914 2856 οὕτως
936 2773 1035 2866 εἶχεν,
1058 2775 1131 2845 οὐδ’

127 2888 170 2954 ἀν
192 2887 282 2966 ἐλπὶς
303 2885 347 2973 ην
369 2886 451 2954 αὐτὰ
473 2883 631 2970 γενέσθαι
653 2887 781 2970 βελτίω.

593 3067 667 3128 ΛΑ.

196 3183 306 3254 Οὐδέν
333 3182 422 3254 ἐστιν
449 3178 476 3252 ὦ
503 3186 623 3272 ἄνδρες
645 3181 817 3269 Ἀθηναῖοι
843 3185 1086 3270 χαλεπώτερον,
1112 3183 1133 3270 ἦ

128 3303 197 3371 τοῖς
219 3291 331 3368 αὐτοῖς
354 3293 467 3358 ἔθεσιν
488 3289 641 3375 ἐπιτιμᾶν
666 3314 701 3356 τε
728 3289 783 3356 καὶ
809 3296 955 3376 χρῆσθαι
976 3293 1054 3367 τοὺς
1075 3292 1134 3374 δη-

127 3407 362 3484 μηγοροῦντας.
397 3397 435 3462 τδ
457 3395 520 3482 γδρ
546 3396 729 3474 στασιάζειν
750 3397 833 3480 πρὸς
858 3395 979 3472 αὑτοὺς
999 3392 1055 3461 καὶ
1076 3419 1134 3461 κα-

127 3514 280 3591 τηγορεῖν
309 3501 462 3586 ἀλλήλων
484 3502 565 3566 ἄνευ
587 3503 742 3585 κρίσεως,
772 3499 882 3576 οὐδείς
910 3498 999 3565 ἐστιν
1028 3499 1134 3576 οὕτως
1195 3505 1203 3517 “
