2658 3914
471 143 571 196 111202
588 99 804 198 nomm.
1078 138 1139 204 m

133 299 327 387 ἀποπέμψαι
345 302 433 392 αύτῷ
451 305 568 389 τριήρη
586 303 647 388 την
665 303 782 390 ἄριστα
799 300 979 387 πλέουσαν,
999 298 1046 367 ἵν’
1071 298 1143 385 ἀφί-

132 431 230 492 κηται
244 407 289 485 ὡς
301 407 413 475 αὐτόν.
450 406 555 486 εὐθὺς
572 402 635 474 οὖν
653 417 692 495 τη
710 407 867 496 ὑστεραίᾳ
889 409 957 493 ἅμα
978 415 1017 493 τη
1039 402 1145 492 ἡμέρη

133 515 153 580 ὁ
176 511 341 600 ὑπηρέτης
370 511 481 579 ἐλδδιν
509 511 662 580 ἐκέλευσέ
690 537 731 600 με
759 519 872 582 καλεῖν
899 515 947 592 είς
975 535 994 579 τ
1058 518 1145 578 ναῦν

89 641 119 683 ω
134 621 214 698 τοδς
240 619 372 696 ναύτας.
408 616 480 686 ἐπεί
506 616 544 686 δὲ
568 622 697 707 πλήρης
717 615 779 705 ἧν,
801 619 974 706 ἀναβαίνει
997 617 1144 683 Κάλλιπ-

132 746 196 802 πος
218 724 237 791 δ
261 726 414 802 Φίλωνος
436 725 455 792 δ
478 723 663 810 Αἰξωνεύς,
689 723 744 792 καὶ
766 727 882 812 φράζει
903 727 985 812 πρὸς
1006 726 1066 790 τὸν
1086 747 1145 790 κν-

132 833 298 916 βερνήτην
319 831 379 896 τδν
397 827 451 897 ἐπὶ
468 831 681 908 Μακεδονίας
702 835 810 897 πλοῦν
832 835 936 896 πλεῖν.
972 828 1086 914 ἐπειδη
1109 824 1139 896 δ’

133 935 323 1021 ἀφικόμεθα
359 938 407 1014 είς
436 939 560 1023 χωρίον
591 959 623 1002 τι
654 935 692 1002 ἐν
722 945 762 1022 τη
794 935 977 1024 ἀπαντικρύ
1008 937 1145 1025 ηπείρφ,

134 1045 269 1108 Θασίων
283 1041 455 1129 ἐμπόριον,
471 1039 528 1108 καὶ
545 1041 698 1127 ἐκβάντες
712 1043 1027 1129 ἠριστοποιούμεθα,
1043 1055 1145 1127 προσ-

134 1145 266 1234 έρχεταί
285 1171 342 1233 μοι
364 1159 432 1215 τῶν
453 1159 586 1214 ναυτῶν
605 1150 792 1233 Καλλικλῆς
811 1145 1025 1234 Ἐπιτρέφους
1045 1145 1145 1232 Θριά-

134 1270 223 1338 σιος,
258 1252 365 1338 λέγων
397 1253 449 1320 ὅτι
478 1255 635 1340 βούλοιτό
666 1278 722 1340 μοι
754 1255 972 1341 διαλεχθῆναι
1003 1251 1083 1336 έμόν
1113 1273 1146 1318 τι

132 1368 279 1445 πρᾶγμα.
314 1360 532 1436 κελεύσαντος
559 1357 599 1426 δέ
619 1383 700 1445 μου,
727 1357 816 1444 λέγει
838 1360 890 1428 ότι
910 1360 1067 1445 βούλοιτό
1089 1379 1146 1440 μοι

133 1467 233 1553 χύριν
254 1464 440 1532 ἀποδοῦναι
461 1461 539 1532 καθ’
566 1465 586 1532 ό
607 1487 640 1532 τι
669 1465 809 1532 δύναται
836 1459 885 1532 ὧν
911 1464 1000 1552 αύτῷ
1024 1463 1146 1550 ἀπορη-

91 1593 120 1635 ιε
133 1571 232 1638 θέντι
254 1573 371 1638 ἔδωκα.
408 1571 466 1638 “σύ
490 1565 568 1638 ούιν’
592 1574 655 1659 ἔφη
679 1572 754 1638 ’τὸν
776 1576 884 1640 πλοῦν
902 1581 1021 1638 τοῦτον
1044 1564 1145 1636 οἶσθα

135 1675 189 1763 ἐφ’
214 1677 234 1744 ό
255 1701 289 1744 τι
309 1684 403 1756 πλεῖς
426 1676 555 1764 ἣποί;’
577 1675 844 1765 ἀποκριναμένου
867 1676 907 1744 δέ
923 1701 988 1763 μου
1011 1677 1062 1744 ότι
1084 1674 1146 1742 οῦκ

134 1784 276 1869 εἰδείην,
303 1781 389 1851 “ἀλλ’
417 1783 481 1869 ἐγώ
505 1784 575 1851 σοι’
597 1787 659 1870 ἔφη
688 1784 783 1871 ρἐρῶ·
823 1785 877 1851 δεῖ
900 1783 964 1870 γάρ
987 1797 1024 1848 σε
1046 1780 1145 1849 ἀκού·
1196 1793 1198 1798 ’

135 1907 239 1956 σαντα
261 1889 372 1976 ὀρθῶς
394 1891 651 1975 βουλεύσασθαι.
694 1889 822 1975 μέλλεις
844 1887 924 1976 γὰρ’
947 1890 1009 1974 ἔφη
1033 1887 1145 1972 “ἀγειν

135 1996 243 2081 ἀνδρα
272 1995 425 2080 φνγύδοι,
454 1991 496 2062 οὗ
515 1991 689 2081 Ἀθηναῖοι
715 1995 866 2062 θάνατον
894 1992 945 2072 δίς
966 1996 1146 2080 κατεψηφί·

135 2117 250 2183 σαντο,
272 2102 520 2187 Καλλίστρατον
538 2100 575 2166 ἐκ
587 2102 758 2185 Μεθώνης
779 2103 827 2178 είς
850 2100 963 2166 Θύσον
985 2100 1030 2176 ὡς
1047 2102 1146 2184 Τιμό-

137 2227 243 2291 μαχον
265 2206 325 2270 τὸν
346 2205 519 2290 κηδεστην,
543 2206 587 2284 ὡς
605 2206 687 2289 &yar
710 2209 772 2292 ἔφη
791 2204 970 2290 ’πέπυσμαι
988 2215 1055 2270 τῶν
1071 2209 1146 2271 παί»

138 2313 209 2376 δων
231 2319 299 2375 τῶν
321 2310 527 2375 Καλλίππου.
563 2311 605 2376 σι)
629 2304 707 2394 οὖν,
730 2309 789 2376 ἐάν
812 2317 1003 2396 σωφρονῇς,
1026 2308 1147 2376 οὐδένα

136 2426 205 2481 τῶν
234 2417 429 2500 φευγόντων
459 2414 565 2493 ἐάσεις
593 2413 647 2481 ἐπὶ
674 2415 736 2500 την
763 2425 850 2481 ναῦν
876 2414 1082 2500 ἀναβαίνειν·
1106 2416 1147 2483 ού

96 2543 124 2584 ιο
137 2523 201 2608 γάρ
221 2518 320 2586 ἐῶσιν
338 2521 374 2586 ολ
393 2520 516 2606 υόμοι.’
551 2518 695 2597 ἀκούσας
717 2518 748 2587 δ’
775 2520 839 2605 ἐγὼ
861 2530 964 2588 ταῦτα
985 2530 1045 2587 τοῦ
1058 2523 1146 2587 Καλ·

137 2625 288 2703 λικλέους
308 2623 531 2713 προσέρχομαι
553 2634 598 2715 τῷ
618 2627 812 2715 Καλλίππῳ,
834 2624 890 2692 καὶ
912 2624 1021 2712 ἐρωτῶ
1044 2626 1146 2694 αὐτὸν

138 2734 215 2800 ὅποι
240 2755 275 2799 τε
302 2733 361 2799 τὸν
387 2737 496 2799 πλοῦν
523 2744 664 2799 ποιείτω
692 2729 759 2810 καὶ,
775 2729 829 2800 ἐπὶ
854 2735 937 2798 τίνα.
973 2734 1146 2820 διαχλευά-

139 2834 306 2915 σαντοςδ
329 2837 433 2905 αὐτοῦ
455 2861 495 2923 με
517 2836 573 2904 καί
596 2837 833 2924 ἀπειλήσαντος
850 2837 871 2904 ἀ
889 2835 961 2904 οὐδ
988 2837 1031 2906 ἀν
1052 2839 1147 2924 ὑμεῖς

140 2945 335 3029 ἀγνοήσαιτε
358 2941 432 3032 (τοῦ
454 2945 517 3030 γδρ
535 2947 660 3031 τρόπον
677 2954 738 3011 τοῦ
753 2945 949 3011 Καλλίππου
972 2945 1034 3012 οὐκ
1056 2943 1146 3011 ἀπεί-

134 3075 204 3137 ρως
231 3045 333 3136 ἔχετε)
355 3047 440 3132 λέγω
467 3050 556 3139 αύτῷ
585 3051 637 3116 ὅτι
663 3049 774 3117 ἀκούω
804 3068 843 3117 σε
863 3056 959 3119 πλεῖν
981 3049 1035 3117 ἐπὶ
1057 3054 1146 3117 Καλ-

139 3161 322 3243 λίστρατον.
358 3151 422 3239 ἐγὼ
442 3150 504 3221 οὖν
520 3151 589 3222 τῶν
605 3159 798 3242 φευγόντων
822 3156 942 3224 ούδένα
964 3155 1043 3240 ἄξω,
1066 3154 1223 3230 ούδὲιεεο

138 3263 321 3346 πλεύσομαι
345 3258 395 3326 ἐπ’
420 3255 538 3328 αὐτόν·
559 3256 598 3329 ὀί
616 3261 679 3348 γδιρ
702 3265 800 3348 νόμοι
823 3263 884 3330 ούκ
906 3262 1005 3330 ἐῶσιν
1026 3261 1145 3329 ὑποδέ-

138 3373 257 3454 χεσθαι
283 3377 350 3433 τῶν
377 3371 570 3452 φευγόντων
598 3365 737 3452 οὐδένα,
767 3367 788 3453 ἦ
812 3365 938 3446 ἐντοῖς
960 3368 1072 3444 αὐτοῖς
1093 3390 1145 3434 κεδ

135 3473 296 3540 λεύουσιν
314 3470 487 3558 ἐνέχεσθαι
508 3475 568 3540 τὸν
585 3473 832 3559 ὑποδεχόμενον
853 3477 931 3551 τοὺς
953 3474 1145 3558 φεύγοντας.

191 3585 316 3626 Βιιοεπε.
342 3585 394 3628 Vol.
406 3585 451 3627 111.
953 3580 985 3626 12
