2654 3926
445 129 544 180 111202
562 130 812 199 MAKAPrATON.
1092 92 1134 191 33
1265 89 1266 93 ¹

108 290 198 354 οὔτε
225 289 394 374 μάρτυρας
421 289 747 373 προσεκαλεσάμεθα,
777 286 849 354 ἀλλ’
877 285 1011 375 ᾠόμεθα
1034 289 1137 353 ταῦτά

109 418 154 476 γε
180 395 291 470 ἀδεῶς
318 395 477 480 ὑπάρχειν
503 395 597 478 ἡμῖν·
625 391 719 460 οὑτοι
748 391 785 459 δέ
807 393 898 460 τότ’
926 395 1009 459 ἀλλα
1031 395 1143 458 πολλὰ·

109 498 174 565 καὶ
204 499 409 586 ἀναίσχυντα
437 501 724 584 παρεσκευάσαντο
755 503 803 578 είς
831 503 890 566 τὸν
920 499 1052 584 ἀγῶνα,
1082 498 1137 564 καὶ

112 609 241 690 ἔμελεν
273 606 386 683 αὐτοῖς
418 607 556 684 οὐδενὸς
586 608 674 690 πλὴν
705 617 765 673 τοῦ
797 605 997 689 ἐξαπατῆσαι
1026 605 1063 671 έν
1090 613 1136 692 τῷ

73 728 100 768 ³⁹
112 715 266 797 παρόντι
283 715 357 778 τότε
374 721 476 800 καιρῷ
495 715 576 804 τοὺς
592 713 757 796 δικαστάς,
780 713 900 788 οἵτινες
921 723 1138 798 κατεχρῶντο,

115 819 166 894 ὡς
179 826 239 902 Χτςῦ
272 817 450 902 Πολέμωνι
481 827 527 906 τῷ
560 816 659 899 πατρὶ
687 827 733 905 τῷ
757 815 892 901 Ἁγνίου
918 820 956 883 τὸ
982 818 1137 903 παράπαν

117 925 266 1007 οὐδεμία
284 921 414 1007 γένοιτο
434 921 561 1008 ἀδελφὴ
580 924 763 1008 ὁμοπατρία
785 922 840 988 καὶ
863 923 1057 1009 ὁμομητρία·
1080 924 1137 988 οὐ·

116 1054 187 1107 τως
202 1027 289 1114 ἦσαν
303 1029 519 1116 ἀναίσχυντοι
532 1027 587 1095 καὶ
601 1032 770 1114 βδελυροί,
782 1028 992 1114 τηλικουτονὶ
1004 1038 1137 1114 πράγμα
1269 1103 1273 1106 ,

118 1139 413 1220 παρακρουόμενοι
444 1139 523 1212 τοὺς
551 1137 705 1212 δικαστὰς
727 1132 782 1201 καὶ
805 1134 928 1201 οὑτωσὶ
950 1135 1138 1221 περιφανές,

118 1241 178 1308 καὶ
203 1243 409 1321 ἐσπούδαζον
434 1241 490 1308 καὶ
516 1243 718 1326 ἠγωνίζοντο
748 1240 822 1326 περὶ
845 1243 966 1307 τούτου
988 1243 1137 1326 μάλιστα.

119 1349 217 1432 ἡμεῖς
241 1346 281 1414 δέ
300 1371 338 1432 γε
360 1345 438 1413 νυνὶ
460 1349 627 1432 μάρτυρας
654 1349 735 1432 ὑμῖν
757 1346 954 1414 τοσουτουσὶ
976 1351 1138 1432 παρεσχη-

120 1461 213 1538 μεθα
227 1452 303 1538 περὶ
316 1463 374 1538 τῆς
387 1453 590 1537 Πολέμωνος
608 1453 765 1537 ἀδελφῆς,
787 1456 926 1538 τηθίδος
940 1449 971 1518 δ’
990 1451 1136 1541 Ἁγνίου.

84 1561 232 1650 cotom)
257 1558 288 1625 δ’
315 1559 334 1625 ὁ
356 1563 561 1645 βουλόμενος
583 1560 835 1645 μαρτυρησάτω,
856 1557 878 1642 ἣ
903 1561 947 1635 ὡς
968 1558 1030 1625 οὐκ
1050 1553 1136 1642 ἦσαν

122 1662 266 1750 ἀδελφοὶ
289 1666 486 1751 ὁμοπάτριοι
506 1664 563 1731 καὶ
586 1665 781 1752 ὁμομήτριοι
801 1663 965 1749 Πολέμων
987 1663 1043 1730 καὶ
1067 1669 1136 1730 Φυ-

123 1773 265 1858 λομάχη,
287 1771 308 1855 ἢ
331 1772 382 1837 ὅτι
405 1772 467 1837 οὐκ
488 1767 569 1855 ἦνὸ
592 1768 655 1854 μέν
673 1769 837 1855 Πολέμων
859 1771 943 1855 υίός,
964 1772 985 1855 ἡ
1009 1768 1047 1836 δέ
1067 1775 1136 1836 Φυ-

124 1879 251 1964 λομάχη
274 1879 425 1962 θυγάτηρ
444 1875 580 1961 Ἀγαίου
602 1883 663 1943 τοῦ
684 1875 856 1942 Βουσέλου
878 1877 978 1961 υίέος,
1000 1877 1021 1961 ἢ
1044 1877 1094 1944 ὁτι
1117 1877 1136 1944 ὁ

124 1983 290 2068 Πολέμων
318 1983 380 2049 οὐκ
406 1979 449 2066 ἦν
476 1985 583 2067 πατὴρ
604 1981 756 2067 Ἀγαίου,
784 1979 824 2048 οὐ
852 1983 942 2049 έστιν
965 1983 983 2051 ὁ
1004 1989 1137 2068 κλῆρος,

90 2105 112 2144 ⁴1
126 2089 198 2155 οὐδ’
226 2089 247 2172 ἡ
276 2088 402 2174 ἀδελφὴ
429 2088 450 2172 ὁ
474 2089 675 2173 Πολέμωνος
704 2090 884 2175 Φυλομάχη
911 2092 1026 2173 τηθίς,
1048 2089 1069 2174 ἢ
1093 2090 1136 2166 ὡς

125 2195 144 2262 ὁ
166 2196 378 2280 Εὐβουλίδης
399 2195 461 2260 οὐκ
482 2191 526 2278 ἦν
546 2195 745 2280 Φυλομάχης
766 2197 838 2272 υίὸς
861 2192 940 2260 οὐδὲ
964 2195 1135 2280 Φιλάγρου

25 2385 26 2388 ¹
126 2313 184 2368 τοῦ
203 2301 344 2380 ἀνεψιοῦ
361 2311 422 2367 τοῦ
436 2299 583 2385 Ἁγνίου,
604 2300 626 2385 ἣ
646 2302 752 2367 έκεῖνο
776 2301 827 2366 ότι
840 2301 1052 2385 Εὐβουλίδου
1074 2312 1135 2368 τοῦ
1146 2323 1213 2372 1063

127 2407 266 2484 ἀνεψιοῦ
295 2417 356 2474 τοῦ
380 2405 516 2491 Ἁγνίου
546 2407 607 2472 οὐκ
637 2410 705 2472 ἔστι
733 2407 913 2492 Φυλομάχη
939 2407 1091 2493 θυγάτηρ
1113 2407 1135 2491 ἡ

128 2524 189 2579 νῦν
211 2516 260 2578 ἔτι
282 2509 378 2597 οὐσα,
401 2509 476 2578 οὐδ’
497 2514 570 2589 υίὸς
588 2511 704 2578 οὑτοσὶ
721 2512 739 2579 ὁ
757 2523 844 2595 παῖς,
866 2513 1136 2597 εἰσπεποιημένος

127 2620 206 2686 κατά
227 2622 307 2696 τούς
328 2623 452 2703 νόμους
473 2621 552 2695 τούς
573 2616 751 2704 ὑμετέρους
774 2621 820 2696 εἰς
841 2620 900 2684 τὸν
922 2619 1134 2703 Εὐβουλίδου

25 2807 26 2812 ¹
130 2721 236 2809 οἶκον,
259 2724 280 2809 ἢ
303 2725 348 2803 ὡς
369 2725 388 2792 ὁ
412 2728 606 2808 Θεόπομπος
629 2725 648 2791 ὁ
670 2723 805 2791 τουτουὶ
828 2725 933 2810 πατὴρ
955 2726 1134 2809 Μακαρτά-

25 2817 26 2822 ¹
130 2831 244 2897 τον-ἐκ
264 2841 326 2897 τοῦ
349 2838 443 2897 οίκου
469 2826 512 2913 ἦν
541 2841 602 2896 τοῦ
620 2828 765 2915 Ἀγνίου.
809 2832 937 2897 τούτων
960 2831 979 2896 ὁ
1001 2854 1033 2897 τι
1055 2833 1134 2916 βού-
1163 2829 1167 2836 ’

131 2941 218 3003 λεταί
237 2962 287 3016 τις
308 2938 545 3024 μαρτυρησάτω
565 2937 670 3024 αὐτῷ,
700 2934 772 3003 ἀλλ’
799 2933 836 3003 εὐ
860 2933 923 3003 οἶδ’
951 2938 1001 3003 ὅτι
1024 2935 1135 3016 οὐδεὶς

25 3030 26 3087 ὁ
132 3045 211 3110 οὑτω
239 3045 403 3129 τολμηρὸς
429 3046 520 3108 ἔσται
548 3039 621 3107 οὐδ’
655 3042 919 3128 ἀπονενοημένος
946 3045 1132 3128 ἀνθρωπος.

25 3189 26 3200 1
101 3150 170 3226 δὼς
197 3145 236 3214 δέ
262 3154 390 3233 μᾶλλον
416 3145 599 3232 καταφανὲς
625 3147 706 3231 ὑμίν
733 3151 823 3213 ἔσται
846 3145 872 3214 ὦ
896 3150 1015 3235 ἀνδρες
1043 3151 1132 3216 δικα-

133 3257 214 3340 σταί,
241 3255 358 3321 ὅτιτὸ
385 3257 547 3339 πρότερον
576 3252 870 3339 ἀναισχυντοῦντες
891 3253 1133 3339 περιεγένοντο,

134 3362 253 3428 δίκαιον
277 3358 307 3426 δ’
335 3356 436 3426 οὐδέν
458 3363 589 3444 ἔλεγον,
612 3359 838 3444 ἀναγίγνωσκε
860 3361 919 3438 τάς
941 3364 1130 3446 μαρτυρίας,

26 3481 27 3486 ’
134 3465 198 3532 όσαι
219 3464 307 3534 εἰσὶν
330 3469 378 3532 ἔτι
399 3466 586 3532 ὑπόλοιποι.

176 3581 300 3622 mom.
329 3581 381 3620 Vol.
394 3580 432 3620 111
954 3575 970 3620 3
