2658 3914
317 193 413 244 RATA
430 192 557 245 ευμεν.
576 193 639 246 m
656 194 805 246 mmm.
824 193 936 246 εειυε.
1073 192 1137 257 125

127 353 229 439 κύρια
251 346 339 420 εἶναι
356 351 418 418 ὅσα
436 350 478 416 ἂν
505 350 615 439 ἕτερος
634 351 733 442 ἑτέρω
757 353 959 441 ὁμολογήσῃ,
981 353 1065 420 ὥστε
1083 354 1139 421 ού·

129 456 199 524 κέτι
220 453 264 542 ήν
287 457 376 547 αὐτῷ
400 459 508 542 δήπου
530 457 743 546 ὑπερήμερος.

448 651 587 706 ΝΟΜΟΣ.
616 652 820 706 ΜΑΡΓΤΡΙΑΙ.

90 803 119 845 τε
194 773 250 853 Ὡς
276 771 338 860 μὲν
363 778 479 841 τοίνυν
503 775 695 860 ὡμολόγησε
724 773 780 842 καί
802 774 980 860 ἀνεβάλετό
1002 801 1059 861 μοι
1080 777 1141 860 τήν

131 884 367 969 ὑπερημερίαν,
389 882 635 965 μεμαρτύρηται
653 881 748 966 ὑμῖν·
771 881 816 957 ὡς
834 877 871 947 δέ
894 881 1142 969 ἐτριηράρχουν,

132 988 424 1073 ὑσνντριήραρχός
441 1009 498 1070 μοι
516 987 754 1073 μεμαρτύρηκε,
772 983 828 1052 καὶ
846 987 890 1064 ὡς
907 986 929 1070 ἡ
946 997 1029 1064 ναῦς
1046 1007 1142 1072 στρα-
1153 1007 1221 1055 1163

131 1091 224 1178 τηγὶς
239 1092 487 1177 κατεσκευάσθη
502 1088 696 1180 Ἀλκιμάχῳ.
733 1089 809 1158 ὥστ’
834 1093 895 1158 οὑκ
912 1087 955 1178 ἦν
973 1093 1061 1180 αὐτῷ
1086 1095 1143 1175 δή·

131 1222 198 1266 που
219 1199 424 1285 ὑπερήμερος
441 1196 679 1289 ἀναβαλομένῳ
697 1223 767 1284 μοι,
789 1201 838 1265 ἔτι
861 1194 898 1264 δέ
919 1198 975 1266 καὶ
997 1198 1143 1264 ἐκτίνων.

132 1305 216 1372 ἀλλὰ
234 1307 327 1390 δεινή
345 1303 367 1387 ἡ
384 1302 557 1382 πλεονεξία
579 1315 640 1372 τοῦ
662 1307 787 1391 τρόπου
806 1299 833 1370 ὦ
851 1306 971 1390 ἄνδρες
994 1302 1144 1370 δικασταὶ

131 1410 207 1497 περὶ
229 1413 266 1477 τὸ
289 1407 391 1477 πλίον
412 1407 469 1476 καὶ
490 1413 528 1477 τὸ
552 1413 698 1477 ἔλαττον.
738 1409 793 1476 καὶ
816 1406 855 1477 εὑ
877 1408 1002 1498 ᾔδεσαν
1025 1410 1091 1494 ότι,
1114 1412 1145 1474 εί

131 1515 193 1603 μὲν
228 1519 289 1602 τήν
325 1516 507 1600 άνθρωπον
543 1518 820 1603 παραδώσουσιν,
852 1516 1144 1602 ἐξελεγχθήσονται

131 1625 239 1706 ψευδῆ
263 1619 506 1706 ἐγκαλέσαντες,
528 1624 560 1688 εί
581 1618 618 1688 δέ
639 1624 684 1707 μή
702 1623 959 1707 παραδώσουσιν
981 1622 1024 1706 ἣν
1046 1621 1143 1708 ἐμαρ·

132 1731 278 1815 τύρησαν
296 1729 341 1806 ὡς
358 1723 455 1805 οὗτος
472 1730 575 1812 ήθελε
591 1730 828 1814 παραδιδόναι,
848 1731 1144 1814 ψευδομαρτυριῶν

89 1865 118 1906 το
132 1834 326 1903 ἁλώσονται.
363 1833 480 1920 δέομαι
500 1831 530 1899 δ’
552 1834 648 1919 ὑμῶν
671 1829 837 1920 ὦάνδρες
859 1836 1021 1918 δικασταί,
1043 1840 1144 1910 εἴτις

132 1943 197 2028 άρα
218 1952 284 2008 τῶν
302 1944 375 2008 τότε
395 1941 595 2018 δικαζόντων
613 1939 769 2026 τυγχάνει
793 1939 840 2006 ὢν
863 1939 900 2006 ἐν
922 1948 967 2029 τῷ
991 1942 1143 2024 δικαστη-

132 2053 213 2137 ρίηο,
242 2057 310 2122 τοῖς
337 2044 449 2121 αὐτοῖς
475 2046 664 2130 χρήσασθαι
692 2045 814 2128 ήθεσιν
844 2037 959 2131 οἷσπερ
982 2043 1037 2112 καὶ
1059 2048 1144 2127 τότε,

131 2153 187 2220 καὶ
218 2155 250 2218 εί
278 2147 339 2235 μὲν
361 2149 382 2233 ή
405 2153 569 2235 μαρτυρία
595 2150 693 2233 πιστή
723 2150 804 2235 ὑμῖν
834 2149 947 2228 ἐδοξεν
976 2146 1062 2215 εἶναι
1088 2149 1144 2217 καὶ

134 2258 198 2341 ἐγὼ
221 2255 359 2341 φεύγειν
381 2256 441 2321 τὸν
468 2257 604 2340 ἐλεγχον
633 2257 693 2321 τὸν
717 2254 753 2320 ἐκ
774 2264 832 2340 της
854 2254 1052 2341 ἀνθρώπου,
1080 2265 1144 2322 νῦν

133 2358 393 2447 ἐξελεγχομένων
419 2359 530 2425 αὐτῶν
558 2361 666 2443 ψευδῆ
697 2364 995 2446 μεμαρτυρηκότων
1020 2358 1077 2426 καὶ
1104 2361 1144 2428 οὐ

131 2469 387 2555 παραδιδόντων
405 2464 465 2549 τήν
483 2465 666 2549 άνθρωπον
685 2468 856 2550 βοηθήσαί
875 2491 944 2551 μοι,
966 2468 997 2532 εί
1019 2463 1049 2533 δ’
1072 2465 1145 2551 ἐμοὶ

133 2577 320 2660 ὠργίσθητε
347 2571 399 2639 δτι
429 2572 638 2658 ἐνεχυράσων
660 2567 771 2656 ήλθον
795 2570 848 2639 ἐπὶ
870 2573 932 2656 τήν
953 2575 1062 2640 οἰκίαν
1083 2573 1145 2658 τήν

131 2692 192 2748 τοῦ
216 2681 414 2765 Θεοφήμου,
444 2677 499 2745 καὶ
528 2679 659 2754 τούτοις
686 2688 752 2744 νῦν
782 2678 983 2766 ὀργισθῆναι
1011 2677 1062 2744 ὅτι
1092 2678 1145 2746 ἐπὶ

92 2824 120 2866 20
133 2787 194 2872 τήν
219 2787 301 2872 ἐμήν
328 2780 447 2871 ήλθον.
483 2782 539 2851 καὶ
567 2783 632 2868 ἐγὼ
655 2779 716 2868 μὲν
739 2783 805 2851 ὑπὸ
828 2788 943 2870 νόμων
964 2784 1020 2850 καὶ
1042 2795 1144 2870 ψηφι-

133 2894 267 2979 σμάτων
280 2892 556 2976 ἀναγκαζόμενος,
579 2892 743 2976 πρόνοιαν
763 2889 968 2975 ἐποιησάμην
986 2901 1047 2957 τοῦ
1064 2894 1144 2975 μήτε

133 2999 187 3065 ἐπὶ
217 3001 277 3066 τὸν
306 2997 429 3084 πατέρα
459 2999 519 3064 τὸν
548 2997 668 3062 τούτου
698 2998 864 3061 εἰσελθεῖν
893 2998 973 3081 μήτε
1003 2994 1056 3061 ἐπὶ
1083 2997 1144 3080 τήν

133 3103 267 3192 μητέρα,
288 3107 368 3190 μήτε
390 3115 457 3170 τῶν
478 3112 540 3170 τοῦ
562 3100 710 3188 ἀδελφοῦ
729 3106 843 3187 λαβεῖν
866 3100 982 3190 μηδέν,
1005 3099 1076 3168 ἀλλ’
1103 3099 1144 3169 οὑ

134 3211 232 3287 αὐτὸς
253 3207 332 3298 ᾤκει
355 3210 373 3276 δ
393 3211 579 3295 Θεόφημος·
602 3204 657 3272 καί
681 3206 794 3292 ἐπειδή
817 3206 859 3274 ού
880 3205 1062 3293 κατέλαβον
1086 3209 1143 3272 αύ-

133 3318 191 3381 τὸν
210 3317 321 3399 ἔνδον,
339 3313 399 3400 οὑχ
419 3312 566 3399 άρπάσας
584 3308 718 3401 ᾠχόμην
737 3310 849 3395 οὐδέν,
868 3310 951 3376 ἄλλά
969 3317 1142 3396 μετελθεῖν

133 3420 287 3487 ἐκέλευσα
305 3419 419 3503 αὐτόν,
440 3417 495 3484 καὶ
508 3421 681 3503 παρόντος,
704 3418 765 3484 οὑκ
779 3416 929 3500 άπόντος,
952 3418 1012 3501 τήν
1025 3416 1142 3499 ἐνεχυ·

133 3531 253 3611 ρασίαν
266 3525 482 3610 ἐποιησάμην,
502 3522 559 3591 καὶ
572 3523 817 3609 ἀφαιρούμενος
830 3521 952 3606 ἀφῆκα,
974 3519 1030 3585 καὶ
1043 3518 1141 3600 άνήλ·
