2650 3918
186 183 253 250 304
489 183 560 234 mx,
588 179 895 252 [Διιποτωτιιουε]

187 346 365 432 Στεφάνου
392 342 475 412 κατὰ
500 343 560 409 τὸν
587 344 694 426 νόμον
719 342 768 418 είς
795 338 1006 424 ἐλευθερίαν,
1036 336 1196 421 κατηγγύ-

186 468 268 536 ησεν
290 451 395 535 αὐτην
416 450 500 536 πρὸς
521 456 567 536 τῳ
590 447 796 535 πολεμάρχῳ.
831 442 887 512 καὶ
908 445 952 520 ὡς
969 442 1078 527 ἀληθῆ
1102 440 1197 525 λέγω,

186 557 315 624 τούτων
338 555 440 624 αὐτὸν
463 554 613 640 μάρτυρα
630 553 711 638 ὑμῖν
730 553 790 619 τὸν
811 554 885 618 τότε
907 547 1116 636 πολέμαρχον
1138 569 1197 614 πα-

187 660 332 749 ρέξομαι.
367 663 426 727 καί
444 683 502 746 μοι
523 659 617 725 κάλει
638 660 767 742 Αίητην
790 657 982 744 Κειριάδην.

598 851 791 908 MAPTTPIA.

299 983 414 1064 Αἰήτης
431 981 593 1064 Κειριάδης
611 985 756 1061 μαρτυρεῖ
766 985 1020 1061 πολεμαρχοῦντος
1036 975 1131 1040 αὑτοῦ
1147 1001 1199 1039 κα-

233 1087 436 1164 τεγγυηθῆναι
458 1078 592 1162 Νέαιραν
618 1077 674 1157 την
700 1074 771 1138 νυνί
793 1073 1013 1159 ἀγωνιζομένην
1035 1073 1094 1137 διτδ
1120 1077 1199 1157 Φρυ-

232 1179 341 1253 νίωνος
362 1187 416 1240 τοῦ
438 1176 635 1258 Δημοχάρους
657 1173 804 1254 ἀδελφοῦ,
825 1171 876 1234 καί
898 1171 1040 1256 έγγυητδις
1061 1170 1201 1254 γενέσθαι

233 1277 365 1357 Νεαίρας
386 1272 545 1353 Στέφανον
564 1265 734 1355 Ἐροιάδην,
756 1267 926 1350 Γλαυκέτην
943 1266 1104 1350 Κηφισιέα,
1125 1262 1200 1352 Ἀρι-

233 1372 396 1453 στοιιράτην
421 1367 567 1452 Φαληρέ.

148 1527 176 1567 ιι
257 1512 507 1592 Διεγγυηθεῑσα
537 1503 567 1572 δ’
603 1505 669 1572 ὑπὸ
698 1482 877 1590 Στεφάνου
909 1501 966 1572 καὶ
1000 1497 1084 1570 οὖσα
1113 1505 1202 1589 παρὰ

189 1614 308 1702 τούτῳ,
330 1614 392 1697 την
414 1607 476 1696 μέν
498 1611 604 1695 αὐτην
622 1610 779 1698 ἐργασίαν
798 1606 899 1677 οὐδέν
922 1604 1022 1693 ἧττον
1044 1608 1064 1694 ἦ
1086 1612 1203 1697 πρότε-

190 1742 253 1806 ρον
270 1719 439 1804 ἠργάζετο,
460 1719 539 1794 τοὺς
561 1713 598 1784 δέ
621 1719 765 1801 μισθοὺς
782 1720 912 1802 μείζους
929 1715 1102 1802 ἐπράττετο
1125 1719 1272 1794 τοῦςιεσε

190 1821 417 1909 βουλομένους
450 1821 532 1908 αὐτῇ
566 1823 776 1908 πλησιάζειν,
809 1823 854 1898 δις
887 1817 944 1888 έπδ
974 1824 1204 1908 προσχήματος

190 1930 255 2014 ἤδη
273 1931 363 2006 τινὸς
382 1923 466 1996 οὖσα
483 1926 539 1995 καὶ
558 1926 657 2014 ἀνδρὶ
675 1937 887 1995 συνοικοῦσα.
919 1928 1203 2014 συνεσυκοφάντει

192 2032 229 2102 δὲ
251 2033 307 2103 καὶ
334 2031 445 2120 οὗτος,
477 2041 512 2102 εί
533 2058 609 2101 τινα
636 2032 733 2113 ξένον
759 2033 891 2119 ἀγνῶτα
916 2034 1079 2101 πλούσιον
1105 2034 1205 2120 λάβοι

192 2141 333 2228 ἐραστὴν
355 2143 466 2227 αὐτῆς,
488 2141 533 2219 ὡς
554 2142 673 2227 μοιχόν
701 2137 751 2206 ἐπ’
778 2139 861 2225 αὐτῇ
889 2140 988 2206 ἔνδον
1018 2138 1203 2207 ἀποκλείων

152 2267 178 2307 ιι
191 2246 247 2314 καὶ
275 2247 438 2332 ἀργύριον
464 2249 688 2334 πραττόμενος
713 2247 816 2329 πολύ,
842 2246 987 2322 είκότως·
1016 2244 1114 2312 οὐσία
1142 2243 1204 2331 μέν

191 2355 255 2441 γὰρ
273 2354 334 2440 οὐχ
351 2353 477 2440 ὑπῆρχε
495 2353 671 2441 Στεφάνῳ,
693 2350 773 2419 οὐδὲ
790 2354 931 2438 Νεαίρᾳ,
954 2351 1036 2416 ὥστε
1059 2351 1100 2416 τὰ
1121 2349 1200 2418 καθ’

191 2459 318 2545 ἡμέραν
342 2458 541 2543 ἀναλώματα
564 2458 732 2524 δάνασθαι
753 2455 951 2543 ὑποφέρειν,
972 2456 994 2540 ἡ
1018 2452 1056 2522 δὲ
1079 2458 1203 2543 διοίκη-

193 2582 244 2642 σις
273 2567 399 2650 συχνή,
429 2565 526 2631 ὁπότε
557 2561 629 2630 δέοι
657 2565 777 2630 τοῦτόν
798 2585 833 2628 τε
859 2559 915 2628 καὶ
936 2561 1041 2646 αὐτην
1070 2560 1204 2649 τρέφειν

192 2665 248 2736 καὶ
277 2669 436 2754 παιδάρια
466 2673 562 2757 τρία,
593 2665 743 2754 ἃῆλθεν
776 2670 898 2756 ἔχουσα
927 2669 972 2746 δις
1001 2668 1120 2755 αὐτόν,
1147 2668 1204 2736 καὶ

192 2777 396 2860 θεραπαίνας
423 2775 486 2843 δύο
512 2773 568 2842 καὶ
594 2773 725 2861 οἰκέτην
751 2774 925 2860 διάκονον,
952 2775 1059 2852 ἀλλοις
1084 2798 1121 2842 τε
1147 2777 1203 2844 καὶ

193 2887 404 2967 μεμαθηκυῖα
426 2883 471 2967 μη
493 2893 601 2960 κακῶς
622 2884 710 2970 ἔχειν
731 2881 772 2949 τὰ
795 2881 963 2966 ἐπιτήδεια
981 2879 1101 2968 ἑτέρων
1124 2880 1203 2948 ἀνα-

152 3009 179 3049 ιι
193 2990 377 3054 λισκόντων
395 2985 477 3073 αῦτη
498 2990 537 3055 τὸ
559 2992 731 3076 πρότερον.
767 2988 843 3054 οὔτε
866 2988 929 3074 γάρ
952 2986 1015 3054 ἀπὸ
1033 2995 1092 3071 τῆς
1109 2992 1203 3054 πολι-

192 3096 281 3170 τείας
308 3088 448 3179 προσῄει
470 3093 633 3184 Στεφάνῳ
659 3090 779 3183 τουτῳὶ
805 3091 899 3172 ἀξιον
926 3095 1043 3176 λόγου·
1070 3092 1112 3160 οὐ
1139 3093 1203 3179 γάρ

192 3220 244 3264 πω
266 3192 309 3281 ἦν
333 3197 454 3284 ῥητωρ,
477 3195 549 3266 ἀλλ’
572 3201 619 3266 ἔτι
638 3199 846 3285 συκοφάντης
867 3209 934 3266 τῶν
957 3199 1204 3286 παραβοώντων
1311 3239 1312 3264 ι

192 3305 282 3391 παρὰ
299 3305 336 3372 τὸ
355 3307 455 3388 βῆμα,
472 3302 528 3370 καὶ
546 3303 768 3391 γραφομένων
785 3311 911 3390 μισθοῦ
929 3300 984 3371 καί
1001 3307 1203 3391 φαινόντων,
1311 3359 1312 3362 ¹

193 3408 248 3476 καὶ
271 3407 544 3495 ἐπιγραφομένων
567 3422 638 3488 ταῖς
660 3409 848 3497 ἀλλοτρίαις
863 3412 1019 3497 γνώμαις,
1042 3409 1104 3488 ἕως
1125 3409 1203 3478 ὑπέ-

193 3531 271 3581 πεσε
298 3516 533 3605 Καλλιστράτῳ
561 3524 606 3604 τῳ
631 3513 826 3605 Ἀφιδναίῳ·
854 3516 888 3596 ἐξ
915 3516 995 3584 ότου
1017 3513 1055 3584 δέ
1077 3520 1203 3604 τρόπον
