2658 3922
185 175 249 240 196
494 177 554 228 m.
583 171 887 245 [ΔΗΜοποωαονΣ]

182 346 280 403 τοῦτο
304 331 390 402 εἶναι
411 337 494 417 πρὸς
515 336 578 419 την
601 333 792 412 ἀλαζονείαν
817 335 878 418 την
906 333 1027 399 τούτου
1049 339 1110 398 τοῦ
1132 329 1196 416 φά-

183 457 320 518 σκοντος
351 441 440 528 αύτῷ
478 440 620 525 δωρειάν
656 439 801 522 δοθῆναι
830 440 868 505 τὸ
900 435 1060 524 ἀργύριον
1096 446 1195 504 τοῦτο

183 547 272 632 παρὰ
299 555 361 612 τοῦ
389 546 558 622 Λύκωνος.
603 544 728 623 ἐκεῖνος
755 545 818 630 γάρ
848 535 1084 627 τετταράκοντα
1111 549 1197 627 μνᾶς
1306 585 1308 592 ‹

184 653 317 717 ἔκδοσιν
346 650 463 728 ἐκδούς
491 653 539 728 είς
559 649 662 735 ’Ἄκην
690 650 903 780 Μεγακλείδῃ
931 658 977 738 τςῦ
1004 645 1194 738 Ἐλευσινίῳ
1306 595 1309 750 Ι

184 753 239 822 καλ
268 757 450 845 Θρασύλλῳ
480 764 525 844 τῷ
555 755 689 844 ἀδελφῷ
717 755 838 839 αὐτοῦ,
871 713 1053 840 μεταδόξαν
1082 754 1195 832 αύτοίς

185 864 229 947 μὴ
259 861 363 928 ἐκεῖσε
392 867 488 928 πλείν
517 859 601 946 μηδὲ
629 861 857 943 κινδυνεύειν,
886 858 1061 944 ἐγκαλέσας
1089 884 1121 926 τι
1147 871 1193 948 τῷ
1309 885 1310 896 ’

124 987 127 994 ·
184 970 397 1055 Μεγακλείδῃ
424 965 592 1054 περὶτῶν
619 969 726 1035 τόκων
753 966 797 1044 ὡς
824 964 1063 1051 ἐξηπατημένος
1085 964 1194 1051 διεφέ·
1310 982 1311 1070 γ

185 1095 260 1160 ρετο
289 1072 345 1141 καὶ
374 1074 485 1152 ἐδικάξ
469 1077 556 1158 ζετο,
585 1076 788 1158 βουλόμενος
815 1073 877 1157 την
904 1073 1037 1138 ἔκδοσιν
1058 1075 1193 1156 κομίσα-
1205 1087 1275 1137 1242

147 1198 172 1238 ιι
187 1185 276 1246 σθαι.
314 1189 437 1266 σνγνης
455 1175 494 1245 δὲ
510 1179 598 1245 πάνυ
616 1181 838 1266 πραγματείας
859 1175 935 1263 περὶ
955 1187 1098 1243 τοσαῦτα
1116 1180 1194 1263 χρή-
1311 1174 1312 1190 ’

185 1308 269 1368 ματα
287 1285 482 1370 γενομένης,
504 1280 642 1370 τὸνμὲν
661 1284 856 1353 Κάλλιππον
874 1284 892 1350 6
911 1284 1035 1349 Λύκων
1052 1282 1196 1369 ούδαμοῑ
1312 1369 1313 1374 ¹

184 1391 315 1457 πώποτε
337 1391 554 1476 παρεκάλεσε,
580 1391 639 1457 τὸν
665 1386 704 1456 δέ
722 1386 937 1476 Ἀρχεβιάδην
958 1386 1013 1454 καὶ
1035 1391 1113 1466 τοὺς
1134 1399 1194 1458 τοῦ

181 1489 396 1580 Ἀρχεβιάδου
418 1496 553 1578 φίλους,
574 1490 629 1557 καὶ
652 1492 670 1559 6
693 1491 868 1571 διαλλάξας
889 1493 1010 1570 αὐτοὺς
1028 1491 1194 1580 Ἀρχεβιά-

186 1600 247 1683 δης
267 1593 318 1682 ἦν.
355 1599 399 1674 ὡς
422 1595 460 1664 δὲ
483 1597 592 1682 ἀληθῆ
616 1597 717 1683 λέγω,
743 1599 870 1664 τούτων
896 1598 977 1684 ὑμῖν
1003 1598 1106 1666 αὐτὸν
1134 1603 1192 1668 τὸν

185 1705 420 1787 Μεγακλείδην
443 1702 592 1790 μάρτυρα
612 1701 801 1788 παρέξομαι.
899 1741 903 1752 2

596 1894 786 1950 ΜΔΡΓΤΡῙΑ.

148 2039 174 2078 α
255 2017 388 2085 Οὑτοσὶ
413 2015 474 2106 μὲν
500 2020 629 2097 οἰκείως
654 2024 806 2105 φαίνεται
832 2022 1000 2108 χρώμενος
1026 2016 1053 2087 ὦ
1076 2023 1195 2110 ἄνδρες

187 2123 338 2191 δικασταὶ
360 2125 378 2192 6
401 2126 524 2192 Λύκων
546 2134 591 2214 τῷ
615 2129 814 2217 Καλλίππῳ,
840 2127 924 2194 ὥστε
947 2128 1027 2213 μήτε
1049 2150 1193 2216 παρακα-

188 2236 258 2298 λείν
280 2230 383 2299 αὐτὸν
405 2228 459 2297 ἐπὶ
480 2231 521 2301 ιδ
546 2231 650 2298 αὑτοῦ
676 2232 865 2318 πράγματα,
891 2231 972 2317 μύκε
993 2234 1194 2318 κατάγεσθαι

187 2337 232 2415 ὡς
253 2348 371 2404 τοῦτον
393 2337 619 2421 μηδεπώποτε·
645 2333 701 2402 καὶ
727 2336 808 2402 αὐτά
834 2359 873 2419 γε
899 2348 997 2406 τοῦτο
1024 2341 1131 2422 μόνον
1153 2341 1194 2408 αύ

186 2446 424 2527 τετολμηκασιν
448 2442 484 2508 οί
503 2444 619 2508 οίκείοι
637 2442 673 2508 οί
688 2443 807 2508 τούτου
830 2452 1047 2529 μαρτυρῆσαι,
1073 2445 1118 2522 ὡς
1138 2470 1194 2512 κα-

186 2549 302 2632 τήγετο
324 2548 413 2634 παρὰ
433 2548 539 2637 τούτῳ
562 2547 703 2632 ἐκεῖνος,
732 2543 770 2614 εὖ
797 2549 921 2626 είδύτες
943 2548 995 2616 ὅτι
1016 2551 1073 2616 διδ
1094 2552 1195 2636 βασά-

186 2675 250 2717 νον
273 2651 399 2717 ἐκτῶν
422 2654 558 2720 οίκετων
581 2653 599 2720 6
622 2657 754 2738 ἐλεγχος
779 2655 843 2738 ἤδη
872 2657 996 2739 ἔσοιτο,
1022 2662 1057 2722 εί
1074 2680 1105 2722 τι
1129 2682 1194 2724 τοι·

148 2775 174 2818 ω
188 2765 267 2823 οῦτο
293 2758 480 2836 ψεύσοιντο.
520 2760 684 2843 βούλομαι
716 2756 746 2825 δ’
772 2759 853 2844 ὑμῖν
879 2758 935 2827 καὶ
960 2765 1137 2848 τεκμηριύν
1162 2787 1194 2830 τι

187 2864 292 2928 εἰπεῖν
307 2866 515 2948 τηλικοῦτον,
537 2857 564 2951 ᾧ
583 2865 687 2947 δῆλον
705 2863 785 2949 ὑμῖν
803 2867 906 2950 ἐσται,
928 2867 972 2944 ὡς
990 2867 1054 2951 ἐγὼ
1072 2875 1194 2953 οίομαι,

186 2967 239 3034 ,δτι
266 2967 373 3032 πάντα
401 2969 484 3052 πρὸς
510 2968 596 3054 ὑμᾶς
629 2971 792 3048 ἔψευσται.
835 2979 881 3058 τῷ
909 2973 973 3058 γάρ
1002 2975 1139 3039 Λύκωνι
1167 2969 1194 3040 ὦ

189 3074 308 3160 ἄνδρες
330 3073 492 3158 δικασταί,
514 3080 604 3160 είπερ
623 3075 782 3159 ἠσπάζετο
800 3071 861 3161 μὲν
879 3087 999 3145 τοῦτον
1020 3077 1076 3144 καὶ
1098 3082 1195 3146 οίκεί-

189 3204 233 3258 ως
261 3175 368 3266 εἶχεν,
396 3179 505 3267 ὥσπερ
535 3176 633 3257 οὗτός
661 3197 781 3267 φησιν,
811 3181 965 3267 ἐβούλετο
992 3180 1031 3251 δλ
1053 3186 1195 3271 δωρειὰν

149 3300 176 3342 ¹4
190 3287 308 3351 δοῦναι
330 3285 431 3374 αὐτῷ,
453 3291 488 3350 εί
505 3308 537 3351 τι
558 3287 675 3370 πάθοι,
696 3289 734 3353 τὸ
757 3285 933 3375 ἀργύριον,
955 3292 1096 3377 πότερον
1118 3291 1194 3358 κάλ-

190 3396 264 3458 λιον
288 3386 333 3475 ἦν
360 3391 515 3476 άντικρνς
540 3392 627 3477 παρὰ
658 3400 704 3480 τῷ
732 3391 913 3484 Καλλίππῳ
940 3399 1131 3462 καταλιπεῖν
1156 3398 1194 3464 τὸ

190 3494 370 3583 ἀργύριον,
402 3494 422 3580 δ
451 3499 564 3581 ἔμελλε
593 3495 715 3575 σωθεὶς
747 3493 808 3582 μὲν
838 3499 950 3585 ὀρθῶς
977 3497 1032 3568 καὶ
1061 3502 1195 3580 δικαίως
