2614 3922
220 172 511 229 COMMENTARIUS
526 172 688 231 GRI'IIGUS
702 173 794 244 (LVII,
805 173 973 242 er-Lvm,
988 176 1026 244 ῦ).
1072 174 1135 228 Lm

111 348 177 387 esse
199 334 383 388 statuendum
406 335 458 391 est.
500 331 735 388 consobrinarum
762 349 875 403 quoque
897 332 952 388 vin'
976 332 1037 387 illio
1059 349 1133 388 nuno

113 410 310 466 desiderantur
333 411 380 483 (of.
399 413 437 467 ed
452 419 467 479 ἐ
483 415 537 482 39).
574 411 709 482 Alioquin
730 419 805 484 τρεῖς
828 430 880 483 pro
903 410 1031 483 τέτταρες
1052 429 1132 482 repo·

113 507 180 546 nere
193 491 278 547 facile
291 494 345 548 est
359 522 393 534 -
403 493 479 565 αὐτῷ
488 492 726 562 Ar(Westerm.)2
746 494 847 549 αὐτῶν.
864 524 897 534 -
907 493 947 549 68
957 490 1133 563 (Δαμοστρά-

113 590 164 625 του
178 569 230 627 Dd.
245 587 280 626 ex
295 577 310 638 ς
327 578 360 627 37
371 589 426 641 sq.:
445 570 668 642 Δημοστράτου.)
684 603 715 614 -
733 573 905 642 ἀδελφιδοῦς
918 571 1053 642 (ΒοίοΙιο),
1072 568 1132 626 εἶτα

112 658 163 705 τοῦ
181 645 278 721 ἑτέρου
297 651 454 720 ἀδελφιδοῦ
468 650 521 706 δύο
534 649 596 707 υἱοί
606 649 772 708 Westerm.=
790 651 909 722 ἀδελφοί
924 651 985 720 δύο,
1004 648 1065 706 εἶτα
1082 659 1132 705 τοῦ

112 723 208 801 ἕτερον
227 731 386 800 ἀδελφιδοῦ
404 730 458 787 δύο
475 728 537 786 υἱοί
552 727 620 796 (οἷοὶ
638 731 692 786 δύο
710 733 734 802 r)
752 732 803 800 Ar,
828 733 985 801 ἀδελφιδοῦ
1003 730 1056 786 δύο
1074 727 1136 785 οἶοί

112 811 178 865 cett.
195 810 277 867 codd.
292 810 347 866 Dd.
375 808 416 866 cf.
432 815 466 866 38
477 827 518 880 sq.
533 841 566 850 -
582 811 758 880 ἀνεψιαδοῦς
770 811 933 866 Westerm.=
951 809 1067 880 ἀνεψιοῦ
1081 811 1132 864 αδ-

110 896 169 958 τῆς.
189 920 223 930 -
245 889 283 946 70
302 889 394 945 ὄντων
412 893 478 959 post
495 889 635 945 τοσοῦτον
649 907 704 946 om.
717 889 769 946 Ar.
783 921 819 933 -
832 894 979 961 προλιπεῖν
992 889 1044 946 Ar:
1062 908 1132 957 προ-

110 972 227 1024 λείπειν.
248 999 281 1011 -
303 970 452 1040 βαφῆναι]
473 972 603 1039 σωθῆναι
621 969 660 1039 S.)

295 1165 392 1220 LVIII.
421 1163 594 1224 ΕΝΔΕΙΞΙΣ
613 1164 708 1216 ΚΑΤΑ
727 1163 948 1220 enormior.

183 1283 271 1340 Goon
292 1285 384 1341 eidem
403 1289 476 1342 sunt

184 1363 217 1417 In
240 1363 324 1420 inser.
347 1367 504 1437 Θεοκρίνου
522 1384 558 1433 v..
581 1365 695 1435 Dionys.
716 1363 911 1433 Dinaron103
933 1365 1081 1436 Herpoor.;
1100 1367 1131 1419 st

110 1445 286 1514 Θεοκρίνους
298 1444 333 1513 Α,
352 1446 429 1515 quod
441 1445 506 1501 fort
521 1444 735 1502 restituendum.
765 1443 806 1501 cf.
821 1450 838 1512 ξ
854 1450 953 1515 1153,
973 1445 1023 1500 ubi
1039 1445 1130 1500 forme

106 1523 140 1578 in
159 1542 245 1586 -ους
262 1523 325 1594 (illo
343 1523 406 1579 loeo
421 1541 485 1580 oum
497 1524 552 1597 Ar)
570 1523 704 1580 restitute
721 1523 818 1579 hiatus
831 1523 978 1582 tolluntur.
1010 1524 1129 1580 Detivus

111 1603 255 1675 Θεοκρίνη
269 1602 376 1673 legitur
391 1609 425 1671 ἐξ
440 1610 475 1660 44
488 1605 542 1676 (Ar
556 1606 637 1675 -ει).
652 1610 695 1660 64.
710 1609 754 1660 60.
768 1610 815 1671 δδς
829 1603 976 1660 vocativus
992 1607 1129 1676 Θεοκρίνη

110 1689 135 1738 6.
151 1687 198 1750 25,
216 1699 338 1751 quocum
357 1683 392 1740 of.
411 1684 575 1755 Ξενοπείθη
589 1684 741 1752 XXXVIII,
757 1689 797 1740 1e.
813 1690 856 1741 24.
884 1683 997 1740 Cortum
1010 1687 1063 1752 est,
1080 1701 1129 1739 no-

106 1777 178 1816 men
195 1760 233 1816 eb
250 1761 358 1832 origine
373 1763 477 1819 tertiae
492 1763 690 1819 declinationis
708 1762 810 1830 fuisso
829 1763 863 1818 ef.
879 1763 1017 1834 εάκρινής,
1035 1765 1066 1818 et
1083 1780 1129 1834 ap.

106 1831 262 1896 DorIenses
284 1838 443 1913 Θοκρίνης,
467 1855 512 1907 τος
531 1843 659 1914 (ΒοαδιοοΙ
677 1843 870 1899 Dial.-Insohr.
884 1844 990 1914 Meges.
1002 1861 1044 1899 nr.
1059 1849 1128 1898 3025

107 1939 135 1977 v.
151 1928 188 1978 63
197 1923 264 1993 sq.);
284 1922 335 1978 sed
352 1921 485 1977 nimIrum
498 1922 551 1977 illa
571 1925 669 1979 aetate
688 1924 794 1978 dudum
806 1921 897 1978 Attici
912 1922 1027 1979 nomina
1043 1921 1075 1976 in
1087 1942 1128 1992 ης,

109 2021 144 2056 ου
159 2018 225 2056 eum
237 2001 398 2056 nominibus
412 2001 443 2056 in
457 2021 499 2072 ης,
515 2023 564 2066 ους
577 2002 748 2058 confundere
766 2005 925 2075 coeperant.
952 2001 1129 2058 Herodianus

109 2096 158 2150 οφ.
178 2080 257 2135 Dem.
280 2082 435 2152 Θεοκρίνου
453 2081 557 2152 legisse
574 2081 700 2149 videtum
719 2084 803 2138 docet
820 2082 895 2138 enim
913 2083 999 2153 (1⁷13
1017 2083 1052 2151 Π,
1067 2088 1128 2139 638.

109 2167 165 2217 685
175 2161 218 2232 L.)
236 2177 339 2216 nomen
359 2162 392 2217 Θ.
410 2165 526 2231 propter
544 2161 759 2218 similitudinem
781 2161 895 2218 illorum
913 2162 997 2232 quale
1016 2163 1060 2217 est
1076 2167 1129 2218 Δε-

108 2242 212 2310 πτίνης
233 2239 356 2310 primsm
378 2240 450 2297 deol.
475 2240 568 2310 sequi,
592 2240 666 2296 siout
679 2239 844 2313 Ὑπερείδης
865 2243 981 2312 propter
996 2243 1128 2314 patrony-

107 2336 257 2375 meorum,

183 2400 385 2454 ΤΠΟΘΕΣΙΣ.
417 2401 532 2471 Argum.
553 2416 628 2457 sm.
647 2417 703 2457 roo.
721 2401 812 2456 habet
827 2399 854 2458 S.
874 2432 907 2442 -
927 2407 942 2468 ξ
958 2409 971 2458 1
992 2404 1069 2473 (post
1085 2399 1129 2458 λε’-

108 2498 172 2549 ηειν
189 2479 323 2533 lacunam
336 2478 476 2534 indicavit
491 2480 625 2546 Wolfius;
644 2478 749 2535 excidit
767 2479 843 2535 enim
857 2481 996 2538 secundos
1009 2499 1128 2538 comme-

108 2557 232 2613 moratio
250 2556 331 2628 Iegis.
352 2559 402 2614 τὸν
422 2558 526 2615 ἁλόντα
544 2563 650 2629 κλοπῆς
663 2557 745 2630 ἱερῶν
759 2559 907 2630 χρημάτων
920 2560 1020 2633 ἄτιμον
1034 2560 1128 2633 εῖναι.)

110 2669 145 2680 -·
160 2645 177 2693 2
193 2633 370 2710 (Ἐπιχάρης)
386 2634 512 2710 ἐπίχαρις
526 2639 565 2710 S.)
578 2671 613 2680 —
628 2635 761 2711 (ἐνέδειξε
774 2639 856 2695 Wolf
866 2642 895 2695 et
908 2640 1003 2696 Iurin.:
1020 2640 1128 2713 ἔδειξε.)

109 2746 144 2758 -
164 2718 299 2786 (Μίκωνα
318 2714 384 2774 Dis
404 2720 511 2775 νίκωνα
529 2719 559 2787 F,
582 2721 716 2775 Μικίωνα
734 2724 771 2791 v.)
794 2751 830 2763 -
853 2715 1018 2792 (ἐλευθέραν
1039 2722 1066 2791 S,
1089 2723 1127 2778 id.

108 2797 160 2852 τὸν
182 2798 340 2867 Θεοκρίνην
359 2815 410 2868 pro
429 2807 479 2853 τοῦ
501 2800 677 2869 Θεοκρίνου.)
694 2832 725 2840 -
741 2816 779 2856 or.
800 2801 847 2867 §l
866 2798 945 2872 ἡμῶν
963 2818 1018 2857 om.
1033 2806 1083 2858 Ar.
1094 2835 1127 2844 -

108 2875 329 2947 τιμωρήσασθαι
346 2876 403 2932 Ar:
421 2882 615 2950 τιμωρεῖσθαι,
644 2879 685 2935 cf.
699 2880 866 2950 ἀμύνασθαι
879 2887 904 2936 2.
919 2911 953 2921 -
967 2881 986 2936 8
999 2881 1129 2952 (moeoti-

109 2959 198 3027 δομαι
217 2957 245 3025 S,
263 2955 307 3012 lit.
327 2973 344 3012 ο
362 2957 476 3027 doleia.)
491 2989 525 3000 -
539 2959 559 3014 4
574 2975 628 3015 om.
644 2979 691 3029 μοι
704 2962 770 3030 post
787 2959 825 3031 μή
844 2980 885 3023 τις
898 2959 954 3031 ἄρα
969 2978 1032 3016 oum
1046 2963 1078 3017 Α.
1094 2995 1127 3004 -

109 3031 232 3099 δοδτος
250 3053 314 3092 sors
339 3038 448 3106 οῦτοοί,
474 3037 549 3107 quod
573 3039 608 3094 de
632 3039 793 3094 edversario
816 3056 867 3110 per
889 3056 919 3094 se
938 3039 998 3096 sine
1015 3039 1128 3097 nomine

109 3132 166 3170 non
183 3114 308 3186 ponitur.
329 3147 360 3157 -
382 3117 553 3189 ηὑρίσκομεν
572 3135 637 3174 sen:
661 3120 834 3190 εὑρίσκομεν.
859 3151 892 3161 -
916 3118 1015 3174 addidi
1032 3129 1129 3191 πρῶτοι

111 3197 179 3264 post
195 3203 294 3250 ταῦτα.
324 3227 357 3237 -
386 3197 438 3266 τὴν
456 3197 547 3269 ἀρχὴν
565 3197 743 3266 ποιήσασθαι
761 3200 798 3254 A:
821 3198 914 3267 ποιήο.
932 3219 956 3254 τ.
975 3199 1074 3270 ἀρχὴν.
1092 3235 1127 3243 -

111 3276 258 3339 Μικίωνος
276 3277 318 3347 (et
336 3274 377 3331 sio
394 3275 470 3331 infre.
487 3279 661 3349 constanter)
677 3279 729 3334 Ar.
742 3310 779 3320 -
792 3280 944 3350 OEOMOZ]
967 3277 1052 3348 φάσις
1070 3280 1128 3349 SA,

111 3354 160 3408 οοδ
174 3370 230 3410 seo.
244 3355 296 3409 Bk.
316 3354 402 3426 νόμος
421 3355 507 3426 φάσις
521 3356 539 3411 S
553 3359 587 3411 nt
598 3357 641 3423 Β.)
657 3389 689 3398 -
705 3355 862 3422 δοδτοςν.ι
882 3356 977 3414 οὑτοσί
986 3356 1061 3413 SDd.
1076 3359 1127 3426 (h).

112 3463 143 3474 -
162 3435 293 3507 (τούτων)
312 3454 400 3490 τουτου
419 3436 458 3504 S.)
476 3467 511 3477 -
529 3455 560 3506 ys
579 3439 645 3506 post
663 3431 760 3510 ἐπεξίῃ
780 3436 879 3492 addidi
892 3437 952 3506 (ln).
971 3465 1004 3476 -
1025 3439 1128 3505 (καδυ

112 3521 161 3584 φιη
176 3514 242 3569 Bk:
261 3517 417 3585 καδνφείη.
445 3514 561 3584 ’κάδυφι
574 3515 605 3569 in
619 3515 637 3570 S
654 3515 806 3584 scripserat
818 3513 960 3580 librerias,
975 3513 1024 3566 sed
1037 3511 1128 3580 prius·
