2658 3922
440 158 539 210 ΠΡοΣ
558 158 808 212 υυΒουΛιΔΗυ.
932 211 933 214 ,
1060 154 1126 220 253

110 319 176 384 τὸν
194 312 377 402 Ἀθηναίου
400 319 480 383 όντα
507 315 563 384 καὶ
589 319 629 384 τά
656 319 739 405 πρὸς
760 319 883 404 πατρὸς
905 314 961 384 καί
983 315 1023 382 τά
1045 316 1128 402 πρὸς

112 427 251 508 μητρός,
273 421 328 489 ’καί
351 423 518 510 μάρτυρας
539 425 683 510 τούτων,
710 424 769 502 οὓς
790 424 885 509 ὑμεῖς
906 422 1043 506 ἀληθείς
1065 424 1129 507 φη·

113 526 182 596 σετ’
214 525 318 615 εἶναι,
353 528 597 616 παρασχέσθαι,
628 532 686 607 τὰς
718 527 755 596 δὲ
787 531 956 617 λοιδορίας
987 526 1043 592 καὶ
1071 529 1130 604 τὰς
1139 545 1206 595 13⁰4

113 638 224 713 αίτίας
244 635 388 702 ἀνελεῖν·
411 636 497 721 ὑμᾶς
523 634 553 702 δ’
581 635 785 712 ἀκούσαντας
810 637 954 720 τούτων,
981 633 1040 700 ἐὰν
1067 628 1129 717 μὲν

114 741 199 826 ὑμῖν
220 745 355 827 πολίτης
378 742 426 808 ὢν
447 742 725 808 κατεστασιάσθαι
748 742 853 825 δοκῶ,
881 737 1013 830 σῴζειν,
1039 741 1071 804 εί
1093 734 1130 805 δε

116 847 177 931 μὴ,
199 848 366 934 πράττεινΙ
383 847 501 916 ὁποῖον
530 847 573 914 άν
599 870 632 914 τι
659 848 740 933 ὑμῖν
768 843 901 932 εὐσεβὲς
929 841 1015 912 εἶναι
1039 846 1130 929 δοκῇ.

116 951 259 1041 άρξομαι
273 949 312 1020 δ’
340 953 508 1028 ἐντεῦθεν.

72 1075 102 1117 ²8
186 1060 435 1145 Διαβεβλόκασι
464 1059 527 1144 γάρ
558 1081 623 1142 μου
652 1060 711 1124 τὸν
740 1055 874 1144 πατέρ’,
902 1058 947 1134 ὡς
978 1055 1129 1136 ἐξένιζεν·

116 1163 174 1232 καί
197 1165 248 1232 ότι
271 1162 333 1250 μέν
356 1164 457 1242 ἁλοὺς
478 1165 544 1230 ὑπὸ
572 1175 639 1230 τῶν
666 1168 833 1249 πολεμίων
861 1163 926 1230 ὑπὸ
949 1164 1008 1230 τὸν
1030 1167 1132 1228 Δεκε-

117 1273 232 1339 λεικὸν
257 1276 404 1358 πόλεμον
430 1269 487 1337 καὶ
512 1269 655 1357 πραθεὶς
681 1272 729 1350 είς
750 1270 928 1354 Λευκάδα,
950 1268 1132 1357 Κλεάνδρῳ

116 1378 306 1466 περιτυχὼν
335 1385 382 1465 τῷ
418 1375 577 1463 ὑποκριτῇ
615 1377 699 1463 πρὸς
733 1378 812 1454 τοδς
846 1377 989 1452 οἰκείους
1020 1372 1131 1457 ἐσώθη

119 1486 220 1570 δεῦρο
252 1487 424 1572 πολλοστῷ
457 1486 586 1574 χρόνῳ,
621 1486 921 1570 παραλελοίπασιν,
952 1481 1062 1567 ὥσπερ
1095 1475 1134 1545 δὲ

119 1587 199 1656 δέον
220 1590 305 1675 ἡμᾶς
328 1587 373 1656 δι’
396 1588 523 1667 ἐκείνας
543 1590 602 1668 τὰς
623 1588 759 1676 ἀτυχίας
776 1586 973 1673 ἀπολέσθαι,
992 1589 1029 1654 τὸ
1048 1585 1133 1665 ξενί-

77 1713 105 1755 1⁹
121 1699 188 1775 ζειν
215 1695 318 1761 αὐτοῦ
345 1697 618 1782 κατηγορήκασιν.
659 1695 723 1780 ἐγὼ
752 1692 783 1760 δ’
811 1693 844 1773 ἐξ
867 1691 982 1760 ἀὐτῶν
1004 1693 1132 1759 τούτων
1222 1685 1225 1689 ’

120 1798 250 1886 μάλιστ’
272 1797 363 1886 οἶμαι
384 1801 465 1886 ὑμίν
484 1801 627 1887 ἐμαυτὸν
646 1798 828 1886 Ἀθηναίον
851 1797 919 1866 ὄντ’
947 1797 1132 1878 ἐπιδείξειν.

120 1905 176 1974 καὶ
197 1919 330 1993 πρῶτον
352 1903 413 1990 μὲν
436 1907 480 1984 ὡς
503 1895 593 1974 κὲάλυ
622 1905 678 1972 καὶ
705 1906 836 1991 ἐσώθη,
862 1905 1030 1992 μάρτυρας
1051 1905 1132 1988 ὑμῖν

120 2011 320 2101 παρέξομαι,
356 2011 461 2078 ἔπειθ’
497 2013 549 2079 ότι
581 2011 781 2099 ἀφικόμενος
811 2019 869 2095 τῆς
901 2011 1015 2087 οὐσίας
1045 2011 1133 2092 παρά

121 2131 188 2185 τῶν
210 2122 316 2183 θείαν
338 2118 375 2183 τὸ
399 2115 497 2203 μέρος
519 2116 713 2204 μετέλαβεν,
739 2113 805 2182 τόθ’
833 2117 885 2182 ὅτι
908 2112 977 2182 οὔτ’
1005 2115 1043 2182 έν
1065 2124 1134 2192 τοίς

124 2226 281 2309 δημόταις
307 2217 377 2287 οὔτ’
409 2221 446 2287 όν
476 2233 546 2300 τοῖς
577 2224 758 2308 φράτερσιν
786 2219 855 2288 οὔτ’
887 2223 1007 2287 άλλοθι
1034 2220 1146 2294 οὐδαη

123 2339 189 2415 μοῦ
224 2331 283 2396 τὸν
319 2321 474 2406 ξενίζοντ’
509 2325 619 2408 οὐδεὶς
654 2323 777 2394 πώποτ’
812 2323 966 2416 ᾐτιάσαθ’
1003 2327 1048 2403 ὡς
1083 2332 1132 2411 εἴη

123 2433 226 2516 ξένος.
269 2435 329 2500 καί
347 2456 404 2519 μοι
421 2429 508 2519 λαβέ
525 2434 589 2516 τάς
610 2437 799 2520 μαρτυρίας.

522 2627 730 2681 ΜΑΡΤΤΡΙΑΙ.

85 2775 111 2816 ιο
189 2751 276 2835 Περὶ
303 2749 364 2839 μὲν
391 2755 508 2819 τοίνυν
533 2745 592 2837 Ιτῆς
619 2751 771 2830 άλάσευς
797 2750 853 2819 καὶ
879 2761 935 2837 της
962 2755 1133 2838 σωτηρίας,

124 2855 162 2942 ης
184 2858 306 2944 συνέβη
329 2857 488 2943 γενέσθαι
505 2867 551 2948 τῷ
569 2857 669 2944 πατρὶ
692 2855 798 2945 δεῦρ’,
821 2857 988 2942 άκηκόατε.
1029 2858 1074 2936 ὡς
1097 2856 1129 2924 δ’

123 2963 279 3052 ὑμέτερος
306 2960 350 3050 ἧν
377 2970 516 3050 πολίτης
540 2961 568 3032 ὦ
595 2966 716 3050 ἄνδρες
746 2965 900 3031 δικασταί
924 2962 975 3048 (τὸ
1001 2965 1065 3050 γὰρ
1093 2963 1134 3030 δν

125 3070 179 3138 καὶ
200 3066 324 3155 ἀληθὲς
346 3070 451 3147 οὕτως
470 3067 624 3156 ὑπάρχει)
653 3069 822 3156 μάρτυρας
843 3074 931 3136 καλῶ
954 3071 1032 3146 τοὺς
1055 3073 1134 3149 ζῶν-

125 3202 181 3256 τας
201 3177 282 3263 ὑμῖν
305 3185 372 3241 τῶν
399 3187 571 3259 συγγενῶν
598 3185 665 3241 τῶν
692 3176 775 3260 πρὸς
801 3177 931 3260 πατρός.
976 3176 1069 3242 κάλει
1092 3178 1133 3259 δή

125 3306 181 3367 μοι
207 3293 338 3368 πρῶτον
365 3277 427 3366 μὲν
454 3282 675 3368 Θουκριτίδην
702 3279 758 3347 καὶ
785 3280 1005 3367 Χαρισιάδην·
1029 3281 1133 3365 ὁγὰρ

125 3388 251 3456 τούτων
273 3387 380 3471 πατὴρ
404 3390 562 3473 Χαρίσιος
588 3387 732 3473 ἀδελφὸς
753 3381 796 3472 ἦν
817 3396 881 3452 τοῦ
901 3387 1036 3452 πάππου
1058 3386 1133 3450 τού-

126 3503 190 3578 μοῦ
226 3494 447 3587 Θουκριτίδου
487 3491 543 3559 καὶ
571 3490 771 3576 ’Λυσαρέτης
811 3501 869 3575 τῆς
904 3489 983 3575 ἐμῆς
1017 3491 1133 3572 τηθης,
