2650 3918
455 194 551 246 xm
570 193 790 262 οοοιεειυοσ.
1064 191 1128 258 281

522 388 726 442 MAPTTPIAI.

75 513 104 552 τε
189 488 295 572 Οὗτος
312 497 428 562 τοίνυν
446 495 563 561 αὐτίκα
585 498 683 582 φησει
707 495 763 560 διὰ
785 505 883 564 τοῦτο
904 496 967 581 τὴν
989 493 1132 574 ἔνδειξιν

119 597 197 664 καθ’
225 601 329 667 αὑτοῦ
357 600 549 685 γεγονέναι,
577 601 633 667 ἵνα
656 601 869 686 Δημοσθένει
897 602 941 687 μὴ
973 599 1132 688 ἐπεξέλθη

118 707 181 790 την
203 708 336 791 γραφὴν
354 707 397 791 ἣν
420 704 575 794 ἐγράψατ’
598 706 712 792 αὐτόν,
734 704 818 793 μηδὲ
837 709 1049 796 Θουκυδίδη.
1066 709 1133 773 δει-

118 814 179 888 νὸς
201 813 264 897 γάρ
284 811 352 878 ἐστι
369 813 561 892 ψεύσασθαι
579 810 634 879 καλ
652 809 758 897 μηδὲν
779 809 871 896 ὑγιές
893 814 1008 879 εἰπεῖν.
1039 813 1133 898 ἡμεῖς

120 915 152 982 δ’
171 912 197 982 ὦ
216 918 336 1004 άνδρες
359 917 509 983 δικασταί
527 915 582 983 καλ
600 915 688 984 τοῦτ’
712 917 932 1002 ἐσκεψάμεθα,
955 916 1009 984 καλ
1029 918 1132 998 δείξο-

119 1046 182 1108 μεν
204 1023 284 1108 ὑμῖν
307 1019 409 1090 οὐδὲν
431 1026 492 1107 τὴν
515 1027 614 1089 πόλιν
637 1023 884 1109 βλαπτομένην,
907 1025 984 1090 οὔτε
1007 1025 1052 1107 μά
1073 1026 1133 1090 τὸν

118 1125 178 1194 Δί’
206 1127 264 1194 ἐάν
292 1130 410 1217 κύριον
437 1127 572 1214 γένηται
598 1127 643 1195 τό
662 1131 817 1215 ψήφισμα
849 1132 887 1197 τὸ
911 1129 1133 1213 Θουκυδίδου,

119 1231 189 1300 οὔτ’
221 1233 280 1300 έολν
308 1236 444 1321 άκυρον.
489 1239 596 1301 καίτοι
623 1235 680 1312 τάς
706 1257 744 1320 γε
771 1237 924 1312 τοιαύτας
954 1233 1134 1318 ἀπολογίας

121 1340 163 1406 ού
195 1341 327 1407 δίκαιόν
356 1339 425 1406 ἐστι
456 1339 660 1427 προσφέρειν
690 1351 760 1418 τοῖς
791 1342 872 1406 κατὰ
901 1342 979 1416 τοὺς
1009 1343 1133 1424 νόμους

119 1449 310 1532 ὀμωμοκόσι
338 1447 500 1513 δικάσειν·
528 1444 600 1514 ἀλλ’
628 1449 717 1532 ὅμως
743 1447 776 1527 ἐξ
807 1447 906 1532 αὐτῆς
928 1457 985 1532 τῆς
1005 1454 1133 1532 γραφῆς

119 1555 238 1620 αὐτίκα
256 1554 440 1639 γνώσεσθε,
463 1556 550 1620 διότι
568 1556 733 1640 πρόφασίς
751 1553 820 1621 ἐστι
842 1563 899 1638 τῆς
921 1550 1091 1631 ἐνδείξεως
1112 1551 1210 1636 ἡεοσε

119 1663 239 1746 γραφή.
277 1659 351 1746 λέγε
373 1661 431 1738 τάς
453 1662 582 1748 γραφάς
604 1662 732 1738 ταύτας.

551 1857 693 1907 ΓΡΑΦΑΙ.

75 1979 104 2018 ³⁷
190 1962 326 2028 Τούτων
344 1971 411 2027 τῶν
430 1961 652 2046 ψηφισμάτων
671 1956 697 2025 ὦ
717 1961 837 2045 ἄνδρες
860 1957 1011 2026 δικασταὶ
1033 1959 1054 2044 ἢ
1077 1983 1133 2044 με-

119 2066 250 2134 νόντων
269 2067 351 2132 κατά
369 2069 482 2153 χώραν
500 2066 521 2150 ἢ
540 2065 690 2133 ἁλόντων
713 2062 829 2152 (οὐδὲν
848 2066 910 2150 γάρ
929 2069 1040 2151 ἐμοιγε
1064 2067 1134 2130 δια-

119 2167 228 2258 φέρει)
256 2171 331 2254 τίη
353 2175 449 2248 πόλις
471 2171 492 2254 ἢ
514 2172 682 2257 κερδαίνει
709 2169 730 2254 ἢ
759 2171 948 2255 βλάπτεταη
980 2169 1044 2254 ἐγὼ
1073 2165 1134 2254 μὲν

119 2277 183 2361 γάρ
208 2272 308 2342 οὐδὲν
327 2270 428 2360 οἶμαι.
464 2278 544 2353 τοὺς
561 2277 624 2361 γάρ
642 2277 784 2352 Λίνίους
806 2273 909 2360 φασίν
932 2271 1012 2341 οὐδὲ
1034 2290 1134 2360 προσ-

120 2380 209 2467 έχειν
228 2389 269 2466 τῇ
288 2384 394 2464 πόλει,
416 2391 515 2447 τοῦτο
535 2377 572 2446 δὲ
589 2377 763 2465 γεγονέναι
783 2381 838 2445 διά
858 2383 1042 2468 Θεοκρίνην
1059 2403 1134 2446 του-

119 2491 201 2554 τονί.
247 2487 556 2572 συκοφαντούμενοι
584 2487 647 2571 γάρ
678 2485 715 2552 ἐν
743 2485 883 2564 ἐκείνοις
911 2498 981 2564 τοῖς
1002 2488 1135 2573 χρόνοις

118 2594 335 2678 ὑπὸτούτου,
359 2591 396 2658 ἐν
415 2584 465 2670 οἷς
488 2593 523 2658 ολ
539 2587 600 2676 μὲν
619 2591 840 2678 ἐφιλίππιζον,
863 2591 899 2657 ολ
920 2587 950 2658 δ’
972 2593 1134 2678 ἠττίκιζον

119 2701 240 2784 αὐτῶν,
263 2697 319 2765 καλ
333 2701 585 2783 πυνθανόμενοι
604 2699 795 2784 γεγράφθαι
808 2699 846 2764 τὸ
860 2700 1014 2784 ψήφισμα
1030 2719 1134 2785 παρα-

119 2809 234 2890 νόμων
257 2805 275 2872 δ
301 2809 446 2891 Χαρῖνος
473 2808 636 2891 πρότερον
660 2803 843 2890 ἐγράψατο,
872 2814 970 2871 τοῦτο
999 2805 1036 2872 τὸ
1058 2802 1134 2890 περὶ

119 2921 177 2996 της
215 2910 418 2996 συντάξεως,
448 2909 701 2995 δΘουκυδίδης
732 2905 819 2995 εἶπε,
854 2908 910 2977 καλ
938 2907 1039 2996 πέρας
1067 2922 1134 2976 τῶν

79 3034 106 3075 ³⁸
119 3017 322 3104 πραγμάτων
353 3013 455 3082 οὐδὲν
486 3021 704 3103 γιγνόμενον,
737 3015 821 3082 ἀλλά
851 3017 912 3084 τὸν
938 3013 999 3101 μὲν
1027 3017 1134 3101 δῆμον

120 3132 356 3209 συγχωροῦντα
378 3124 439 3214 τὴν
458 3121 616 3201 σύνταξιν
640 3123 772 3189 διδόναι
794 3125 872 3200 τοὺς
889 3124 1029 3199 Αίνίους
1051 3123 1134 3206 ὅσην

120 3231 246 3316 Χάρητι
263 3237 309 3317 τῷ
329 3236 499 3316 στρατηγῷ
519 3231 765 3316 συνεχώρησαν,
787 3238 908 3295 τοῦτον
926 3225 964 3294 δὲ
982 3231 1041 3294 τὸν
1060 3251 1133 3312 μια-

50 3359 53 3366 ·
120 3337 181 3420 ρὸν
204 3332 475 3421 παραδεξάμενον
499 3338 634 3425 Χαρίνφ
661 3343 707 3423 τῷ
734 3336 881 3420 προδότη
909 3333 1012 3398 ταύτά
1033 3333 1133 3417 πράτ-

118 3465 205 3526 τειν,
233 3441 313 3526 ὅπερ
343 3435 386 3524 ἧν
416 3439 596 3523 ἀναγκαῖον
624 3441 753 3524 αὐτοῖς,
779 3435 867 3506 τοῦτ’
903 3435 1058 3523 ἔπραξαν·
1088 3437 1133 3500 εἴ·

118 3552 216 3613 λοντο
239 3547 303 3633 γάρ
325 3557 394 3612 τῶν
417 3549 591 3632 παρόντων
618 3557 728 3613 κακῶν
754 3546 794 3610 τά
818 3544 979 3629 ἐλάχιστα.
1025 3543 1131 3604 καίτοι
