2658 3914
461 167 558 217 xm
576 166 881 220 οΔυωιιιοΔωΡοΤ.
1109 164 1171 230 131

162 317 210 390 ὧν
233 321 383 392 κατέλιπε
396 327 543 412 Κόμων,
566 323 622 392 καὶ
643 327 746 392 τάλλα
767 326 881 391 πάντα
896 335 991 412 κοινή
1016 329 1176 410 ζητήσειν,

161 427 218 495 καί
239 429 377 515 πράξειν
405 428 472 514 μετ’
504 429 657 515 ἀλλήλων
685 432 924 516 βουλευόμενοι
951 431 970 497 ὅ
996 455 1028 496 τι
1055 431 1097 497 δν
1124 428 1176 496 ἀεὶ

121 553 149 595 10
164 532 231 622 δέη.
267 534 477 622 ὑπενοοῦμεν
504 537 567 623 γάρ
596 532 622 602 ὦ
650 538 769 624 ἄνδρες
796 534 946 603 δικασταί
970 536 1062 621 ήξειν
1083 538 1176 614 τινὰς
1186 554 1255 605 11⁷0

164 640 478 727 ἀμφισβητήσοντας
500 653 567 708 τῶν
589 652 650 710 τοῦ
672 646 835 728 Κόμωνος
856 640 912 708 καὶ
934 640 1079 728 ἐτέρους·
1102 633 1176 709 οἷον

162 743 217 812 καὶ
241 745 259 813 ό
287 745 364 831 ἐμὸς
391 744 534 833 ἀδελφὸς
556 747 575 815 ὁ
598 748 812 834 ὁμοπάτριος,
839 749 1037 835 ὁμομήτριος
1065 745 1095 813 δ’
1121 749 1175 832 ού,

163 851 200 929 ὃς
223 848 394 936 ἀπεδήμει,
423 851 480 919 καὶ
506 855 539 919 εί
560 855 602 939 δή
632 878 682 931 τις
710 856 809 931 ἄλλος
838 851 984 939 ἐβούλετ’
1010 853 1175 940 ἀμφισβη-

162 968 251 1043 τείν,
280 957 342 1023 ούκ
372 952 416 1044 ἧν
444 959 526 1045 ήμῑν
540 961 710 1030 ,κωλύειν’
733 959 770 1026 ολ
793 959 857 1046 γὰρ
884 962 982 1044 νόμοι
1003 961 1175 1027 κελεύωσι
1211 985 1214 994 “

162 1065 222 1131 τὸν
250 1067 458 1149 βουλόμενον
487 1064 716 1150 ἀμφισβητεῖν.
761 1075 863 1131 ταῦτα
893 1065 934 1149 δή
964 1065 1070 1130 πάντα
1095 1088 1175 1152 τρο-

164 1171 343 1255 νοούμενοι
366 1169 558 1258 ἐγράψαμεν
587 1171 645 1249 τὰς
668 1173 839 1256 συνθήκας
865 1168 921 1238 καὶ
949 1171 1068 1258 ὅρκους
1091 1171 1176 1256 ὠμό·

164 1259 287 1361 σαμεν,
314 1275 405 1353 ὅπως
434 1276 477 1342 δν
506 1273 588 1362 μήθ’
621 1274 729 1343 ἑκόντι
758 1280 838 1362 μήτε
866 1279 980 1343 άκοντι
1009 1275 1175 1365 μηδετέρῳ

164 1380 297 1460 ἐξουσία
319 1382 413 1466 ἡμῶν
436 1381 572 1467 γίνηται
598 1380 676 1468 μηδ’
703 1383 817 1450 ὁτιοῦν
845 1385 914 1471 ίδίρι
935 1381 1071 1470 πρᾶξαι,
1093 1381 1177 1447 ἀλλὰ

164 1495 260 1573 κοινή
288 1490 527 1573 βουλευόμενοι
559 1485 638 1574 μεθ’
664 1487 759 1574 ήμῶν
786 1487 896 1555 αὐτῶν
922 1489 1050 1555 άτιαντα
1076 1487 1176 1573 κράτ-

123 1611 151 1653 11
165 1617 282 1680 τωμεν.
318 1591 374 1660 καί
396 1593 564 1679 μάρτυρας
590 1594 817 1680 ἐποιησάμεθα
842 1593 918 1680 περὶ
940 1595 1067 1662 τούτων
1088 1604 1178 1680 τρῶ-

165 1723 224 1767 τον
246 1695 307 1784 μδν
329 1701 407 1777 τοὺς
428 1703 532 1778 θεοὺς
554 1700 614 1779 οὓς
638 1702 813 1787 ὠμόσαμεν
835 1700 1001 1786 ἀλλήλοις,
1023 1697 1178 1776 καὶτοὺς

166 1809 309 1883 οἰκείους
335 1808 415 1883 τοὺς
440 1805 619 1893 ἡμετέρους
645 1807 774 1891 αὐτῶν,
801 1803 899 1872 ἔπειτ’
921 1804 1179 1893 Ἀνδροκλείδην

161 1896 439 2000 Ἀχαρνέα,·ιταρ’
466 1905 494 2000 β
522 1911 729 1997 κατεθέμεθα
756 1913 813 1989 τδις
840 1915 1018 1998 συνθήκας.
1058 1912 1178 1996 βούλο·

165 2042 224 2104 μαι
246 2012 309 2084 οὖν
332 2012 359 2082 ό)
382 2018 504 2102 ἄνδρες
527 2016 678 2083 δικασταί
706 2021 764 2084 τόν
791 2040 826 2084 τε
848 2020 953 2103 νόμον
976 2017 1178 2102 ἀναγνῶναι,

165 2119 243 2190 καθ’
271 2121 312 2186 δν
333 2121 392 2198 τάς
414 2124 586 2206 συνθήκας
613 2121 802 2208 ἐγράψαμεν
830 2124 913 2206 πρὸς
936 2122 1021 2208 ἡμᾶς
1047 2123 1178 2206 αύτούς,

166 2225 222 2293 καί
253 2228 438 2312 μαρτυρίαν
466 2235 527 2293 τοῦ
557 2228 689 2311 ἔχοντος
717 2228 775 2304 τδις
804 2230 983 2312 συνθήκας.
1025 2224 1098 2311 λέγε
1120 2229 1180 2293 τὸν

166 2334 273 2417 νόμον
292 2340 434 2414 πρῶτον.
659 2337 662 2341 ’

296 2449 298 2454 “
607 2437 743 2490 ΝΟΜΟΣ.

228 2540 472 2628 Ἀναρίρνωσκε
501 2543 543 2626 δή
570 2540 626 2608 καὶ
657 2543 719 2627 τήν
748 2545 932 2629 μαρτυρίαν
958 2543 1020 2627 τήν
1044 2539 1178 2630 Ἀνδρο-

41 2661 43 2668 “
165 2652 309 2718 κλείδου.

575 2754 767 2816 MAPTTPIA.

126 2879 152 2919 ιι
227 2858 361 2945 Ἐπειδὴ
393 2857 424 2926 δ’
460 2857 635 2946 ὠμόσαμεν
670 2859 827 2944 ἀλλήλοις
861 2858 917 2925 καὶ
948 2861 986 2926 αλ
1012 2869 1178 2946 συνθῆκαι

165 2961 251 3051 ήσαν
273 2970 420 3051 κείμεναι
437 2965 526 3052 παρὰ
548 2974 593 3054 τῷ
610 2961 857 3054 Ἀνδροκλείδῃ,
880 2968 1005 3033 διεῖλον
1028 2965 1092 3050 ἐγὼ
1116 2969 1178 3034 δύο

167 3074 301 3158 μερίδας
323 3067 350 3138 ὦ
373 3074 493 3158 άνδρες
516 3072 675 3137 δικασταί.
711 3070 806 3155 καλή
826 3068 887 3157 μὲν
907 3069 999 3159 ἕτέρα
1020 3067 1064 3157 ήν
1086 3072 1179 3162 μερὶς

166 3178 309 3262 ήοίκία,
333 3177 369 3244 ἐν
391 3172 414 3265 ᾗ
438 3176 515 3265 ᾤκει
543 3177 642 3256 αὐτὸς
668 3177 687 3245 ὁ
714 3181 856 3264 Κόμων,
884 3176 940 3243 καὶ
965 3177 1179 3262 τάνδράιτοδα

168 3284 203 3350 ολ
223 3283 464 3369 σακχυφάνται,
485 3283 507 3367 ή
531 3280 561 3348 δ’
589 3281 683 3368 ἑτέρα
709 3280 753 3369 ήν
780 3283 873 3371 μερὶς
900 3285 987 3349 οἰκία
1010 3282 1102 3370 ἑτέρα
1124 3283 1179 3350 καὶ

167 3389 381 3476 τάνδράποδα
404 3389 439 3455 οί
459 3391 732 3476 φαρμακοτρίβαι.
773 3387 935 3475 ἀργύριον
958 3387 989 3454 δ’
1017 3395 1052 3455 εί
1069 3411 1100 3454 τι
1121 3411 1178 3453 κα-

168 3493 297 3564 τέλιττεν
321 3495 339 3562 ὁ
363 3496 486 3579 Κόμων
516 3496 664 3581 φανερὸν
694 3490 748 3560 ἐπὶ
776 3502 816 3579 τῇ
846 3492 984 3580 τραπέζη
1013 3501 1052 3576 τή
1078 3489 1252 3574 Ἦρα-1171

978 3593 1018 3648 9*
