2654 3926
191 178 233 241 22
477 181 576 234 mn,
604 177 907 250 [Δεαοεοεαοεε]

253 335 384 423 Ἐπειδὴ
406 337 463 404 καὶ
485 342 647 425 πρότερον
665 338 790 423 ἀγῶνες
812 337 965 423 ἐγένοντο
987 339 1067 423 ἡμῖν
1090 333 1117 402 ὦ
1140 340 1202 403 ἀυ-

190 445 266 527 δρες
284 443 433 510 δικασταὶ
450 447 532 528 πρὸς
549 449 626 522 τοὺς
650 446 769 522 αὐτοὺς
791 446 928 522 τούτους
949 442 1025 529 περὶ
1042 454 1102 510 τοῦ
1119 447 1201 521 κλή·

189 573 251 635 ρον
278 561 337 616 τοῦ
355 549 506 635 Ἀγνίου,
533 549 587 616 καὶ
615 548 715 618 οὐδὲν
742 553 903 617 παύονται
929 559 1201 637 παρανομοῦντες

189 653 242 720 καὶ
265 658 462 741 βιαζόμενοι,
485 653 561 721 ὥστ’
588 655 624 722 ἐκ
650 659 772 734 παντὸς
798 659 923 742 τρόπου
945 655 991 720 τά
1008 655 1051 739 μή
1074 657 1200 740 προσή-

188 758 284 826 κονθ’
317 759 445 839 ἑαυτοῖς
471 765 574 847 ἐχειν,
602 761 727 846 ἀνάγκη
757 769 835 838 ἴσως
862 759 931 827 ἐστὶ
952 762 993 826 τά
1015 756 1193 846 πραχθέντ’

189 864 221 944 ἐξ
250 866 349 953 ἀρχῆς
377 869 612 951 διηγήσασθαι·
634 867 728 952 ὑμεῖς
754 889 788 932 τε
815 868 878 950 γὰρ
906 861 932 931 ἀ
960 867 1079 948 ἀνδρες
1105 866 1214 960 δικα-Ι

163 970 261 1037 νσταὶ
280 973 365 1060 ῥᾷον
383 975 691 1058 παρακολουθήσετε
710 974 811 1038 ἀπασι
828 983 897 1049 τοῖς
915 969 1119 1055 λεγομένοις,
1140 968 1198 1034 καὶ

189 1073 280 1144 οὗτοι
311 1078 597 1164 ἐπιδειχθήσονται
632 1070 701 1144 οἷοί
727 1080 811 1142 είσιν
841 1078 1031 1163 ἄνθρωποι,
1060 1073 1116 1140 καὶ
1145 1075 1198 1140 ὅτι

188 1184 288 1249 πάλαι
314 1185 377 1269 ήδη
406 1183 583 1270 ἀρξάμενοι
610 1179 710 1251 οὐδέν
737 1185 898 1250 παύονται
925 1192 1199 1268 κακοτεχνοῦντες
1307 1245 1308 1248 ,

188 1287 242 1354 καὶ
265 1291 412 1374 οἰόμενοι
436 1292 506 1355 δεῖν
535 1289 791 1375 διαπράττεσθαι
815 1289 833 1354 δ
855 1311 887 1354 τι
910 1287 951 1354 ἀν
974 1286 1097 1374 έπέλθη
1119 1289 1197 1352 τού·

187 1417 264 1472 τοις.
301 1398 445 1479 δεόμεθα
469 1391 531 1460 οὖν
553 1395 648 1478 ὑμῶν
667 1389 693 1458 ὦ
713 1395 832 1480 ἀνδρες
855 1395 1016 1477 δικασταί,
1039 1393 1198 1470 εύνοῖκῶς
1209 1401 1286 1451 1051

188 1499 414 1585 ἀκροάσασθαι
437 1512 503 1565 τῶν
527 1498 715 1584 λεγομένων
733 1497 787 1565 καὶ
805 1505 1072 1586 παρακολουθεῖν
1094 1516 1197 1584 προσ-

187 1603 321 1691 έχοντας
351 1607 410 1672 τὸν
441 1617 534 1672 νοῦν.
593 1607 789 1692 πειράσομαι
826 1603 862 1671 δέ
899 1605 988 1690 κάγὼ
1026 1604 1197 1670 διδάσκειν

188 1711 232 1789 ὡς
255 1709 297 1776 ἀν
321 1703 389 1788 οἷός
411 1734 445 1776 τε
468 1707 494 1776 ὦ
519 1711 703 1797 σαφέστατα
725 1710 889 1799 περὶτῶν
911 1708 1160 1797 πεπραγμένων.

161 1835 174 1874 ⁸
258 1815 398 1882 Τουτουὶ
421 1819 484 1904 γάρ
507 1829 567 1885 τοῦ
594 1819 713 1895 παιδὸς
734 1817 755 1902 ἡ
778 1820 883 1904 μήτηρ
907 1813 932 1883 ὦ
956 1818 1076 1903 ἀνδρες
1103 1818 1196 1881 δικα-

187 1924 276 2005 σταί,
298 1921 388 2006 γένει
411 1918 494 1988 οὖσα
517 1923 682 2007 ἐγγυτάτω
701 1921 815 2010 Ἀγνίιγ
837 1932 882 2011 τῷ
906 1923 939 2002 ἐξ
965 1927 1063 2007 Οίου,
1086 1921 1195 1986 ἐπεδι-

186 2027 308 2094 κάσατο
330 2039 390 2096 τοῦ
412 2032 536 2115 κλήρου
554 2039 614 2095 τοῦ
627 2027 761 2113 Ἁγνίου
779 2029 859 2094 κατὰ
878 2031 955 2106 τοὺς
976 2032 1099 2112 νόμους
1115 2031 1196 2105 τοὺς

186 2133 377 2218 ὑμετέρους·
404 2133 459 2200 καὶ
485 2146 551 2200 τῶν
578 2138 651 2200 τότε
678 2134 997 2220 ἀμφισβητησάντων
1024 2134 1105 2219 αὐτή
1132 2144 1195 2200 τοῦ

186 2243 310 2325 κλήρου
328 2246 473 2326 τουτουί,
495 2240 584 2324 γένει
602 2237 663 2324 μέν
687 2241 731 2317 ὡς
754 2239 916 2326 ἐγγυτέρω
939 2265 988 2317 τις
1010 2246 1059 2324 είη
1083 2239 1195 2305 αὐτῶν

186 2355 242 2427 της
260 2350 426 2431 γυναικός,
445 2343 517 2412 οὐδ’
540 2346 747 2431 ἐπεχείρησεν
766 2345 877 2423 οὐδεὶς
894 2347 1074 2431 ἀντομόσαι
1092 2343 1195 2432 (ὡμο-

187 2454 314 2533 λογεῖτο
337 2453 400 2536 γὰρ
418 2453 505 2538 παρά
523 2453 657 2517 πάντων
675 2461 732 2536 τῆς
750 2454 906 2535 γυναικὸς
924 2448 1009 2518 εἶναι
1031 2451 1052 2535 ἡ
1074 2457 1194 2536 κληρο-
1258 2459 1261 2464 “

160 2561 287 2640 ἐνομία
304 2558 384 2622 κατὰ
402 2558 462 2641 τήν
485 2555 697 2644 ἀγχιστείαν),
720 2559 883 2641 διαθήκας
901 2553 938 2622 δέ
955 2558 1088 2636 ψευδεῖς
1109 2551 1194 2640 ήκον

186 2663 485 2739 κατασκευάσαντες
508 2665 656 2738 Γλαῦκός
682 2685 716 2727 τε
740 2663 757 2728 ὁ
781 2662 814 2741 ἐξ
840 2667 923 2729 Οίου
949 2660 1004 2728 καὶ
1031 2663 1194 2728 Γλαύκων

187 2767 205 2832 δ
237 2767 380 2852 ἀδελφὸς
411 2768 529 2852 αὐτοῦ,
560 2765 615 2832 καὶ
648 2771 840 2852 Θεόπομπος
872 2769 889 2835 δ
921 2766 1054 2834 τουτουὶ
1085 2769 1193 2855 πατήρ

186 2873 408 2959 Μακαρτάτου
438 2872 574 2949 ἐκείνοις
606 2875 900 2956 συγκατεσκεύαζεν
932 2874 1059 2938 ἀπαντα
1089 2882 1194 2939 ταῦτα

186 2977 241 3044 καὶ
260 2979 432 3065 ἐμαρτύρει
450 2979 507 3057 τὰς
525 2983 677 3056 πλείστας
695 2973 883 3066 μαρτυρίας.
915 2980 952 3044 αί
967 2976 1004 3044 δὲ
1022 2980 1195 3065 διαθῆκαι,
1307 2991 1308 2996 ’

186 3084 225 3161 ἀς
246 3088 318 3150 τότε
340 3084 559 3170 παρέσχοντο,
582 3083 826 3171 ἐξηλέγχθησαν
849 3087 982 3164 ψευδεῖς
1003 3079 1114 3152 ούσαι·
1137 3085 1194 3153 καὶ

187 3190 227 3256 οὐ
250 3195 355 3274 μόνον
376 3190 582 3275 ἡττήθησαν,
610 3189 693 3256 ἀλλά
719 3188 774 3256 καὶ
796 3194 1015 3276 πονηρότατοι
1038 3189 1195 3271 δόξαντες

162 3290 272 3361 σελναι
295 3295 538 3384 ἀπηλλάττοντο
561 3295 625 3362 ἀπὸ
652 3306 712 3363 τοῦ
741 3297 962 3380 δικαστηριόυ.
1002 3294 1057 3362 καὶ
1080 3297 1193 3383 ἐπιδη-

186 3412 257 3486 μῶν
289 3405 362 3467 τότε
392 3405 585 3486 Θεόπομπος
616 3401 634 3466 δ
661 3399 794 3467 τουτουὶ
825 3403 930 3486 πατὴρ
957 3403 1194 3490 Μακαρτάτου,

186 3518 245 3574 τοῦ
267 3510 409 3596 κήρυκος
430 3508 657 3595 κηρύττοντος,
680 3513 715 3572 εί
732 3529 781 3584 τις
803 3505 1022 3593 ἀμφισβητεῖν
1044 3507 1065 3592 ή
1087 3529 1193 3594 παρα-
