2614 3922
181 172 307 228 rxxxu
355 172 557 224 umerorum
574 173 606 237 υ,
622 173 702 235 υ-ς,
713 173 739 223 ε.
758 198 790 207 -
810 163 1055 234 luorumuv,
1066 165 1192 232 ιε-εε).

84 329 87 346 ’
181 345 412 397 numerorumque
435 327 481 381 illi
502 328 699 382 consuetorum
719 324 842 394 vestigia
864 324 954 378 multa
976 325 1062 392 alque
1085 337 1194 391 magne

182 412 306 476 erstent3
326 424 412 477 quare
430 424 465 462 ne
483 405 530 461 hio
544 405 661 475 quidem
679 404 818 460 cancellos
832 403 863 458 in
876 403 998 458 auctoris
1010 398 1123 457 nomine
1141 401 1194 454 ad·

182 488 269 549 hibui.
284 519 319 530 -
333 493 350 553 ξ
363 488 380 543 1
397 485 465 542 οὔθ’
486 485 561 548 ὅπως
576 480 644 556 uri]
664 483 793 538 imitatur
806 482 945 537 Aristides
959 483 972 536 Ι
985 500 1013 552 p.
1027 487 1081 537 824
1092 480 1146 536 Dd.
1158 513 1195 520 —-

181 568 200 622 3
219 567 268 621 nul
285 575 373 623 ταῦτα
392 567 443 636 τὴν
461 565 551 620 Wolf:
571 565 620 619 καλ
638 585 661 620 τ.
680 572 728 633 τῆς
746 562 838 631 codri,
862 562 912 616 καλ
929 570 1017 618 ταῦτα
1034 561 1067 616 R.
1085 557 1137 614 Dd.
1157 590 1195 600 -

181 649 250 716 puto
270 646 332 716 ουχὶ
350 647 411 701 καλ.
425 647 571 715 ἀψευδεῖν.
596 676 630 686 --
653 643 723 714 πρὸς
742 641 854 697 ἅπαντα
877 659 942 696 sou:
965 641 1034 711 πμὺς
1055 639 1196 702 ἅπαντας.

182 725 223 781 cf.
237 743 276 781 or.
290 727 351 795 XX,
366 732 400 781 26
414 727 444 780 et
460 731 519 780 164.
539 756 570 765 —
591 723 610 779 4
624 721 652 778 εἰ
663 722 855 793 παρωρμηκὼς
874 715 994 790 ἐμαυτὸν
1010 737 1074 774 sur:
1094 717 1121 774 εἰ
1136 717 1195 788 γὰρ

158 849 160 852 .
182 804 314 875 ὡρμηκὼς
328 801 369 876 ἐμ.
385 805 474 874 codd„
493 801 520 858 εἰ
531 802 585 873 γὰρ
599 802 666 873 ὡρμ.
681 799 744 856 κατ’
765 797 886 870 ἐμαυτὸν
904 817 961 870 mg.
978 799 1021 855 ed.
1035 797 1123 853 Puris.
1136 797 1195 853 Dd.

183 884 245 954 Γάο
257 882 331 939 εἶναι
348 901 399 955 pro
412 890 547 954 παρεῖναι
560 885 604 937 est
617 881 648 936 iu
662 881 681 936 S
695 898 733 936 or.
749 880 832 949 XLV,
847 887 890 935 25.
910 911 943 920 —
962 877 998 934 ἂν
1016 878 1048 934 δὲ
1067 880 1196 947 ὑπολαμ-

184 962 262 1036 βάνω
279 981 345 1021 sors
367 963 385 1018 ἃ
404 963 439 1033 δὴ
459 960 666 1034 ὑπολαμβάνων
686 960 776 1029 SDd„
796 959 814 1013 ἃ
832 959 867 1029 δὴ
887 957 1074 1033 ὑπολαμβάνω
1093 975 1121 1014 v.
1138 956 1194 1028 (δι’

184 1042 202 1096 ἃ
216 1043 254 1113 δὴ
265 1042 453 1119 ὑπολαμβάνω
465 1042 518 1111 It).
533 1073 567 1083 -
581 1043 600 1096 6
618 1039 689 1096 καθ’
711 1039 743 1095 ὃν
763 1037 799 1094 ἂν
818 1040 851 1093 σὺ
866 1045 923 1109 φῇς
936 1055 1001 1093 ser:
1020 1035 1090 1092 καθ’
1106 1035 1140 1092 ὃν
1159 1039 1196 1092 ot

183 1121 246 1194 φῂς.
266 1154 300 1164 -
319 1123 386 1180 secl.
402 1119 421 1191 ἢ
440 1124 506 1177 unte
525 1120 574 1176 καλ
593 1120 637 1182 ὡς.
657 1151 691 1160 -
711 1119 832 1189 (εὐτύχει
850 1135 904 1173 om.
923 1118 962 1184 S.)

184 1293 211 1346 ς.
229 1293 327 1346 ΠΡΟΣ
341 1295 417 1347 ΤΗΝ
429 1292 589 1345 BO‘I'AHN·
598 1291 660 1342 ΚΑΙ
673 1290 747 1341 ΤΟΝ
761 1290 890 1340 ΔΗΜΟΝ
905 1289 979 1341 TON
990 1287 1195 1342 ΔΘΗΝΑΙΩΝ.

255 1397 368 1452 Sextum
387 1395 539 1467 epistulam
557 1411 611 1450 om.
626 1393 653 1450 S.
684 1392 772 1447 Nulla
790 1391 817 1447 ei
835 1409 899 1447 oum
913 1391 1011 1461 quintu
1025 1390 1196 1459 communio,

185 1475 234 1529 sed
252 1478 296 1529 est
314 1473 410 1544 eliqua
429 1492 492 1529 oum
511 1473 640 1544 epistulis
662 1475 795 1541 quattuor
815 1471 922 1542 primis.
942 1502 976 1512 -
994 1471 1012 1526 2
1031 1469 1197 1542 γράμματα]

183 1554 219 1608 τὰ
236 1554 384 1624 γράμματα
403 1553 543 1608 Sohuefer.
561 1585 596 1594 -
615 1553 806 1622 Πολεμαῖστου
824 1552 848 1606 Β
866 1551 897 1604 in
913 1553 995 1620 perte
1017 1549 1080 1604 folii
1096 1566 1196 1604 reeens

185 1632 327 1702 suppleta3
351 1635 543 1701 Πολεμαίστου
566 1649 606 1700 v.‚
630 1633 802 1701 Πολεμίστου
821 1630 855 1686 oi.
873 1630 926 1685 Dd.
958 1629 1032 1685 Fors.
1053 1632 1198 1700 Πολεμαι-

184 1710 274 1767 κε’τυυ,
292 1743 328 1752 -
346 1711 438 1780 παρὰ
456 1711 507 1780 τὴν
527 1715 619 1782 μάχην
639 1711 748 1766 Soheef.
768 1743 801 1750 —
819 1709 898 1765 τότε
918 1708 959 1772 εἰς
975 1725 1041 1765 ser:
1061 1708 1124 1764 τότε
1146 1708 1196 1773 εἰς.

184 1825 219 1833 -
237 1792 274 1854 ὡς
292 1791 428 1863 βούλεσθε
447 1809 511 1848 sou:
531 1791 549 1845 ἃ
569 1791 714 1863 βούλεσθε.
733 1820 767 1831 -
786 1788 870 1859 (ἕξειν
888 1789 934 1845 It:
954 1786 1046 1860 ἔχειν.)

581 2000 793 2008 -ι--ῇ--ι-

604 2181 772 2266 Attouda

333 2323 370 2376 ed
389 2321 619 2376 commentarium
638 2320 765 2376 criticum
782 2320 933 2375 voluminis
950 2319 1046 2389 primi.

256 2561 302 2614 Or.
321 2559 373 2630 IV,
392 2559 429 2614 15
448 2557 599 2614 deleverim
618 2555 668 2613 οὑν
686 2561 751 2628 post
769 2557 786 2625 ἡ
806 2557 865 2627 μὲν.
900 2555 940 2612 cf.
954 2562 989 2612 30
1008 2555 1026 2610 ἃ
1044 2555 1096 2626 μἐν
1115 2556 1198 2627 ἡμεῖς

185 2637 216 2709 (ἃ
233 2637 285 2708 μὲν
299 2633 352 2692 οὖν
363 2638 442 2706 ἡμεῖς
454 2640 569 2711 YDd.);
591 2637 694 2706 ΧλΤΙΙ]Ὺ
706 2645 758 2692 255
777 2632 830 2706 ἐγὼ
849 2636 899 2706 μὲν
918 2636 1018 2691 οὑτωσὶ
1037 2635 1126 2706 (τιτλε,
1141 2631 1196 2707 ἐγὼ

185 2716 236 2786 μὲν
255 2713 306 2771 οὑν
325 2717 405 2784 οὑτ.);
424 2717 497 2785 xlx,
512 2723 545 2772 27
561 2717 672 2786 πρώτου
691 2716 742 2787 μὲν
761 2713 822 2786 (οὑν
841 2716 906 2771 add.
919 2714 1005 2784 LFQ)
1023 2716 1136 2772 τούτου.
1161 2716 1200 2772 Ἡ

185 2796 236 2866 μὲν
254 2795 402 2865 ὑπόσχεσις
415 2795 486 2850 οὑτω
506 2797 610 2866 μεγάλη
625 2821 660 2844 ω
674 2805 762 2851 ταῦτα
781 2795 872 2865 λέγειν
890 2793 964 2866 ἔχειν
980 2794 1016 2866 μὴ
1031 2794 1146 2850 κωλύων
1159 2820 1196 2845 ω

186 2877 216 2930 εῖ
228 2894 270 2936 τις
287 2874 369 2938 άλλος
387 2870 586 2946 ἐπαγγέλλεταί
600 2895 635 2930 τι.
660 2909 693 2916 -
716 2875 754 2931 43
773 2874 913 2930 sententia
935 2874 1005 2929 ἀλλὰ
1027 2874 1082 2945 μὴν
1103 2873 1148 2930 ὅτι
1165 2875 1194 2946 γ’

186 2956 218 3009 ot
237 2954 372 3022 στήσεται,
392 2957 491 3023 δῆλον,
515 2954 543 3010 εἰ
559 2955 596 3024 μή
615 2974 657 3018 τις
675 2954 791 3010 κωλύσει
808 2954 962 3009 minoribus
980 2953 1083 3009 litteris
1102 2955 1196 3026 expri-

185 3033 287 3088 menda
305 3051 366 3088 esse
384 3034 508 3102 videtur,
533 3033 600 3102 quia
618 3051 720 3088 nexum
743 3037 839 3105 eperte
862 3035 968 3089 turbat.
1003 3033 1194 3090 Auteoedunt:

185 3113 259 3182 ὁρῶν
273 3145 305 3154 -
319 3113 371 3183 τὴν
389 3113 440 3183 μὲν
459 3113 549 3184 ἀρχὴν
563 3122 614 3168 τοῦ
628 3111 750 3184 πολέμου
769 3111 956 3184 γεγενημένην
970 3113 1097 3182 περὶτοῦ
1111 3134 1196 3185 τιμω-

185 3191 328 3263 ρήσασθαι
347 3193 499 3259 Φίλιππον,
523 3192 574 3261 τὴν
597 3192 629 3248 δὲ
651 3193 781 3262 τελευτὴν
804 3189 892 3247 οὖσαν
914 3191 969 3261 ἤδη
995 3191 1065 3262 ὑπὲρ
1087 3202 1138 3250 τοῦ
1156 3195 1195 3266 μὴ

184 3276 291 3327 παθεῖν
306 3281 397 3335 κακῶς
411 3273 466 3328 ὑπὸ
483 3274 634 3338 Φιλίππους
655 3275 809 3341 sequuntur
825 3270 884 3328 εἶτα
898 3270 973 3327 τοῦτ’
990 3273 1194 3345 ἀναμενοῦμεν,

186 3350 294 3405 scilieet
302 3351 332 3406 τὸ
347 3355 455 3406 παθεῖν
468 3361 568 3419 κακῶς,
583 3352 618 3406 of.
629 3351 700 3420 XIX,
710 3357 762 3406 224
771 3357 879 3407 παθεῖν
888 3348 1041 3421 ἀναμένειν
1054 3351 1090 3407 τά
1099 3354 1194 3423 δεινάς

184 3447 308 3500 prooem.
320 3431 377 3485 ΜΒ
387 3433 459 3486 extr.
476 3428 491 3486 ὃ
508 3433 574 3493 τοὺς
593 3429 652 3504 ἰδίᾳ
669 3429 871 3500 περιμένοντας
883 3429 1049 3503 ἀβελτέρους
1060 3436 1194 3502 νομίζετε,

184 3507 260 3567 τοῦτ’
277 3509 358 3564 αὑτολ
376 3511 497 3584 δημοσίᾳ
513 3529 560 3579 μοι
574 3507 677 3564 δοκεῖτ’
694 3508 855 3580 ἀναμένειν,
872 3509 1016 3573 παθόντες
1028 3509 1194 3567 αἰσθέσθαι.
