2654 3926
68 1028 92 1069 a

437 95 536 148 11P02
553 82 805 150 κεκινεεεοκ.
1085 95 1128 162 35

142 260 314 341 Φίλαγρον
336 259 528 337 Τελεσίππην,
548 257 601 319 καί
618 256 757 340 γενέσθαι
775 257 956 343 ὁμοπάτριον
973 257 1028 340 μέν
1046 259 1128 322 ἀδελ-

143 357 215 435 φὸν
247 354 426 442 Εὐβουλίδη
449 353 626 436 Μενεσθέα,
654 353 833 438 ὁμομήτριον
862 355 895 419 δέ
917 356 971 438 μή·
993 356 1044 418 καὶ
1064 355 1129 419 Εὐ-

145 455 305 534 βουλίδου
329 449 608 534 ἀμφισβητήσαντος
632 462 685 516 τοῦ
707 454 819 535 κλήρου
841 464 895 517 τού
912 450 1032 537 Ἁγνίου
1054 453 1129 516 κατὰ

145 549 257 633 γένος,
271 549 435 612 Μενεσθέα
448 549 489 630 μή
503 549 725 630 ἀμφισβητῆσαι
739 559 791 614 τοῦ
805 551 915 633 κλήρου
930 560 982 614 τού
996 547 1128 633 Ἁγνίου,

149 643 230 729 μηδ’
258 645 441 726 Εὐκτήμονα
458 647 510 709 τὸν
533 645 664 726 ἀδελφὸν
685 646 737 710 τὸν
758 649 919 730 Φιλάγρου,
941 643 1013 730 μηδ’
1038 646 1128 712 άλλον

150 743 277 826 μηδένα
298 743 373 805 κατὰ
394 743 480 826 γένος
501 745 575 826 πρὸς
598 745 793 827 Εὐβουλίδην
814 745 886 808 τότε.

565 919 678 972 ΔΛΛΗ.

229 1022 391 1100 Μαρτυρεῖ
403 1018 455 1082 τὸν
472 1017 583 1100 πατέρα
604 1019 656 1082 τὸν
678 1019 785 1082 ἑαυτοῦ
805 1016 977 1100 Ἀρχίμαχον
1000 1027 1128 1100 συγγενή

157 1110 241 1179 εἶναι
264 1114 423 1196 Πολέμωνι
449 1121 489 1203 τῷ
512 1116 599 1197 πατρί
628 1121 669 1203 τῷ
687 1112 807 1198 Ἁγνίου
830 1116 879 1178 καλ
902 1116 1065 1202 Χαριδήμῳ
1088 1119 1128 1200 τῷ

156 1212 250 1294 πατρλ
272 1216 312 1300 τῷ
338 1213 516 1292 Θεοπόμπου
538 1213 590 1276 καί
615 1215 753 1300 Φιλάγρῳ
775 1219 816 1300 τῳ
837 1213 925 1297 πατρί
947 1217 987 1299 τῷ
1005 1213 1128 1293 Εὐβου-

157 1313 258 1390 λίδου,
280 1309 330 1372 καλ
348 1308 471 1374 ἀκούειν
492 1320 545 1374 τοῦ
562 1311 673 1392 πατρὸς
696 1321 749 1374 τοῦ
768 1309 891 1389 ἑαυτῶν,
914 1309 957 1372 ὁτι
983 1309 1129 1389 Φίλαγρος

158 1409 248 1489 λάβοι
274 1413 402 1490 γυναῖκα
427 1407 548 1489 πράτην
577 1407 631 1488 μέν
660 1409 842 1490 Φυλομάχην
858 1401 1004 1486 ἀδελφήν
1033 1404 1128 1467 Πολέ-

159 1527 262 1584 μωνος
287 1513 341 1567 τοῦ
368 1504 477 1586 πατρὸς
504 1515 557 1569 τοῦ
579 1502 699 1588 Ἁγνίου
727 1505 909 1587 ὁμοπατρίαν
936 1504 986 1567 καλ
1016 1502 1129 1583 ὁμομη-

159 1602 256 1684 τρίαν,
282 1600 333 1663 καλ
349 1601 489 1685 γενέσθαι
507 1602 540 1664 έκ
557 1600 612 1682 μέν
633 1604 810 1684 Φυλομάχης
827 1603 1032 1684 Εὐβουλίδην,
1054 1599 1129 1662 ἀπο-

160 1700 318 1779 θανούσης
337 1697 369 1760 δέ
390 1700 569 1780 Φυλομάχης
591 1697 690 1780 ἑτέραν
708 1704 810 1782 λαβεῖν
831 1707 959 1783 γυναῖκα
979 1700 1129 1780 Φίλαγρον
1140 1705 1207 1756 1065

164 1797 359 1876 Τελεσίππην,
381 1795 431 1858 καὶ
453 1795 593 1878 γενέσθαι
615 1800 751 1884 Φιλάγρῳ
774 1798 806 1861 έκ
832 1800 1010 1876 Τελεσίππης
1027 1799 1129 1856 Μενε-

163 1893 250 1974 σθέα,
273 1891 453 1973 ὁμοπάτριον
471 1891 525 1974 μὲν
544 1893 674 1974 ἀδελφὸν
692 1896 879 1981 Εὐβουλίδη,
898 1893 1078 1975 ὁμομήτριον
1097 1890 1129 1954 δέ

164 1991 216 2070 μή·
247 1989 526 2072 ἀμφισβητήσαντος
559 1989 591 2053 δέ
624 1992 815 2072 Εὐβουλίδου
848 2002 902 2054 τοῦ
933 1992 1044 2072 κλήρου
1076 1998 1129 2052 τού

157 2083 279 2170 Ἁγνίου
297 2088 372 2149 κατὰ
388 2086 484 2170 γένος,
506 2088 669 2150 Μενεσθέα
687 2088 726 2170 μή
745 2088 967 2169 ἀμφισβητῆσαι
989 2095 1041 2149 τοῦ
1059 2087 1129 2166 κλή-

165 2207 229 2266 ρου,
252 2182 322 2265 μηδ’
349 2184 530 2265 Εὐκτήμονα
550 2185 603 2248 τὸν
625 2185 756 2264 ἀδελφὸν
785 2185 837 2247 τὸν
862 2185 1029 2266 Φιλάγρου,
1056 2179 1126 2263 μηδ’

165 2279 254 2344 άλλον
277 2279 391 2362 μηδένα
411 2281 486 2345 κατά
507 2281 593 2364 γένος
615 2281 688 2362 πρὸς
711 2282 904 2363 Εὐβουλίδην
926 2281 997 2344 τότε.

566 2455 678 2507 ΑΛΑΗ.

231 2559 390 2638 Μαρτυρεῖ
409 2555 461 2619 τὸν
483 2554 594 2638 πατέρα
616 2565 668 2637 τῆς
691 2555 799 2618 ἑαυτοῦ
822 2555 929 2638 μητρὸς
951 2556 1130 2637 Καλλίστρα-

167 2675 217 2714 τον
238 2651 370 2733 ἀδελφὸν
389 2649 464 2716 εἶναι
482 2653 656 2732 Εὐκτήμονι
679 2657 718 2740 τῳ
740 2655 947 2735 βασιλεύσαντι
969 2653 1020 2715 καί
1040 2654 1131 2715 Φιλά-

167 2772 225 2836 γρῳ
244 2754 283 2836 τῷ
301 2749 389 2831 πατρί
406 2756 447 2838 τῷ
466 2751 669 2832 Εὐβουλίδου,
692 2749 837 2830 ἀνεψιούς
861 2747 888 2811 δ’
910 2745 987 2813 εἶναι
1007 2752 1131 2824 τούτους

168 2845 322 2926 Πολέμωνι
343 2851 384 2934 τῷ
406 2847 495 2928 πατρὶ
524 2852 564 2933 τῷ
581 2843 701 2929 Ἁγνίου
724 2847 774 2909 καὶ
796 2848 959 2934 Χαριδήμῳ
982 2852 1022 2934 τῷ
1044 2847 1131 2929 πατρὶ

168 2949 205 3029 τῷ
230 2943 420 3024 Θεοπόμπου,
452 2944 502 3007 καί
524 2943 645 3006 ἀκούειν
667 2953 719 3024 τῆς
742 2944 849 3026 μητρὸς
871 2954 922 3026 τής
944 2943 1065 3024 ἑαυτοῦ,
1089 2945 1132 3007 ὁτι

169 3039 292 3121 ἀδελφὸς
307 3042 343 3105 ού
357 3040 470 3124 γένοιτο
485 3039 640 3124 Πολέμωνι
660 3047 700 3128 τῷ
717 3041 804 3123 πατρί
818 3046 857 3128 τῷ
869 3038 1002 3125 Ἁγνίου,
1015 3041 1130 3123 ἀδελφή

169 3135 199 3200 δέ
219 3138 332 3222 γένοιτο
352 3137 517 3219 ὁμοπατρία
539 3137 588 3200 καί
610 3136 773 3219 ὁμομητρία
794 3141 966 3221 Φυλομάχη,
988 3139 1039 3201 καλ
1061 3140 1131 3201 ταύ-

168 3257 219 3315 την
241 3237 327 3316 λάβοι
349 3235 403 3315 τήν
430 3237 609 3317 Φυλομάχην
634 3237 789 3317 Φίλαγρος,
817 3235 866 3298 καί
887 3235 1000 3319 γένοιτο
1024 3237 1053 3311 έξ
1076 3237 1131 3299 αὐ-

169 3341 222 3395 τῶν
248 3333 440 3415 Εὐβουλίδης
467 3331 484 3396 ὁ
510 3333 610 3417 πατήρ
643 3331 659 3396 ὁ
690 3333 867 3414 Φυλομάχης
894 3343 945 3415 τῆς
971 3333 1130 3397 Σωσιθέου

168 3431 312 3511 γυναικός.

932 3531 969 3584 3*
