2650 3918
487 215 765 270 Κιυεαυεεεευ.
1068 216 1131 280 307

165 382 322 462 δειπνῆσαι
347 379 448 454 αύτοῖς
474 377 526 441 καλ
552 379 708 459 συμπίνειν
736 377 806 460 μετὰ
828 381 959 462 Νεαίρας
985 389 1037 462 της
1064 380 1134 444 νννλ

164 475 396 560 ἀγωνιζομένης,
417 475 468 538 καί
496 474 581 540 ὅττότε
608 476 687 560 ταρὰ
709 477 855 565 Στεφάνφ
878 479 924 558 ε’ίη
947 477 1063 562 Νέαιρα
1083 477 1135 540 καλ

163 573 251 639 ὁπότε
273 573 353 658 ιταρά
379 575 542 657 Φρυνίωνι.

59 729 99 769 49
177 692 250 760 Ὅτι
279 691 340 780 μὲν
369 699 484 762 τοίνυν
515 693 547 774 ἐξ
578 694 680 780 ἀρχῆς
714 696 817 780 δούλη
847 691 890 779 ἦν
918 694 973 763 καὶ
1003 695 1132 782 έκράθη

118 800 172 879 θὶς
187 847 190 853 -
204 799 261 868 καὶ
293 801 450 886 ἠργάζετο
485 810 530 889 τῷ
565 803 691 886 σώματι
720 801 765 878 ὡς
799 799 910 886 ἑταίρα
944 797 1044 886 οὖσα,
1077 799 1133 867 καὶ

117 905 246 994 ἀπέδρα
268 909 327 975 τὸν
347 911 530 994 Φρυνίωνα
548 909 595 984 είς
612 905 766 993 Μέγαρα,
787 906 843 973 καὶ
865 909 993 992 ἥκουσα
1014 931 1132 993 κατηγ-

117 1016 231 1099 γυήθη
255 1015 300 1092 ὡς
322 1013 398 1098 ξένη
422 1007 507 1078 οὖσα
523 1015 606 1099 πρὸς
624 1023 668 1102 τῷ
688 1014 895 1102 πολεμάρχῳ,
917 1022 962 1101 τῷ
986 1036 1020 1079 τε
1043 1017 1131 1103 λόγφ

118 1120 294 1207 ἀποφαίνω
321 1119 403 1205 ὑμῖν
429 1118 485 1185 καλ
512 1120 763 1206 μεμαρτύρηται.
804 1121 967 1205 βούλομαι
995 1117 1023 1184 δ’
1052 1119 1132 1204 ὑμῖν
1142 1137 1210 1187 1362

117 1224 175 1293 καὶ
204 1227 307 1294 αὐτὸν
334 1223 511 1311 Στέφανον
540 1223 675 1293 τοντονλ
701 1224 860 1304 ἐπιδεῖξαι
888 1247 1132 1311 καταμεμαρτυ-

67 1362 103 1405 εο
118 1329 231 1420 ρηκότ’
258 1331 359 1415 αὐτῆς
388 1332 433 1410 ὡς
461 1333 530 1398 έστι
560 1329 646 1415 ξένη.
691 1332 753 1416 την
782 1333 846 1418 γάρ
874 1328 1043 1417 θυγατέρα
1071 1332 1132 1416 τὴν

117 1435 257 1524 ταυτησὶ
279 1441 441 1524 Νεαίρας,
469 1437 511 1522 ἣν
533 1432 640 1521 ἦλθεν
663 1439 784 1522 ἔχοντα
807 1438 852 1514 ὡς
872 1447 992 1505 τοῦτον
1014 1437 1133 1502 κατθά-

118 1567 196 1633 ριον
223 1547 361 1630 μικρόν,
385 1544 431 1632 1ἣν
457 1547 531 1611 τότε
559 1539 619 1629 μέν
643 1545 845 1630 Στρυβήλην
870 1543 1027 1627 ἐκάλουν,
1054 1541 1133 1609 νυνί

119 1648 157 1718 δὲ
182 1652 302 1735 Φανώ,
323 1650 479 1717 ἐκδίδωσι
502 1649 674 1736 Στέφανος
695 1648 810 1717 οὑτοσὶ
833 1650 877 1728 ὡς
900 1645 1004 1717 οὖσαν
1028 1648 1132 1716 αὑτοῦ

116 1755 288 1844 θυγατέρα
308 1756 407 1842 ἀνδρὶ
420 1754 587 1845 Ἀθηναίῳ
606 1756 776 1843 Φράστορι
791 1759 947 1840 Αἰγιλιεῖ,
967 1754 1022 1822 καὶ
1037 1767 1132 1842 κρολ-

118 1887 161 1930 κα
183 1861 234 1931 ἐπ’
258 1862 341 1949 αύτη
365 1865 484 1929 δίδωσι
506 1863 682 1949 τριάκοντα
704 1870 796 1947 μνᾶς.
835 1861 878 1938 ὡς
901 1859 931 1926 δ’
953 1856 1059 1947 ἦλθεν
1088 1861 1133 1939 ὡς

117 1971 178 2038 τὸν
202 1971 396 2056 Φράστορα,
422 1969 529 2053 ἀνδρα
558 1967 699 2054 ἐργάτην
726 1965 782 2034 καὶ
810 1966 952 2053 ἀκριβῶς
972 1969 1033 2033 τὸν
1055 1971 1131 2052 βίον

119 2073 387 2159 συνειλεγμένον,
409 2073 471 2140 οὐκ
493 2075 650 2157 ἠπίστατο
673 2086 742 2151 τοῖς
761 2083 823 2140 τοῦ
842 2074 1036 2159 Φράστορος
1057 2075 1131 2158 τρό-

118 2204 194 2258 ποις
216 2178 381 2266 ἀρέσκειν,
403 2175 475 2244 ἀλλ’
498 2179 601 2263 έζητει
622 2179 663 2244 τὰ
685 2189 742 2264 τῆς
764 2180 886 2267 μητρὸς
909 2181 971 2262 έθη
994 2176 1049 2243 καὶ
1071 2180 1132 2261 την

119 2283 196 2371 παρ’
215 2285 298 2370 αὐτῇ
312 2283 505 2368 ἀκολασίαν,
524 2284 561 2350 έν
576 2285 711 2370 τοιαύτη
730 2280 822 2368 οίμαι
839 2283 972 2372 ἐξουσίᾳ
989 2290 1132 2368 τεθραμ-

75 2418 103 2462 ει
118 2389 212 2478 μένη.
249 2392 338 2478 ὁρῶν
357 2386 388 2456 θ’
410 2390 612 2477 ὁΦράστωρ
636 2391 740 2476 αὐτὴν
763 2391 840 2457 ούτε
861 2393 1003 2474 κοσμίαν
1026 2384 1132 2456 οὖσαν

119 2494 190 2564 οὔτ’
216 2495 400 2564 ἐθέλουσαν
428 2496 532 2563 αὐτοῦ
560 2495 762 2582 ἀκροᾶσθαι,
790 2497 856 2582 ἀμα
884 2491 921 2562 δέ
948 2494 1003 2562 καί
1029 2516 1132 2564 πεπυ-

119 2603 239 2691 σμένος
262 2615 375 2690 σαφῶς
396 2604 479 2690 ἤδη,
506 2602 557 2668 ὅτι
579 2603 756 2688 Στεφάνου
779 2599 841 2687 μὲν
869 2602 930 2669 ούκ
952 2607 1002 2686 είη
1025 2600 1132 2685 θυγά-

118 2736 191 2799 τηρ,
208 2713 355 2797 Νεαίρας
373 2709 422 2793 θέ,
440 2711 478 2774 τὸ
497 2703 535 2773 ἀὲ
552 2719 683 2794 πρῶτον
702 2707 902 2792 ἐξηπατήθη,
921 2703 967 2772 ὅτ’
985 2708 1130 2791 ἠγγυᾶτο

119 2819 163 2898 ὡς
176 2818 354 2903 Στεφάνου
367 2812 538 2906 θυγατέρα
552 2813 732 2900 λαμβάνων
745 2811 800 2878 καλ
814 2813 856 2879 οὐ
869 2815 1027 2899 Νεαίρας,
1046 2812 1130 2880 ἀλλά

119 2925 224 3014 τούτῳ
247 2922 280 3002 έξ
303 2922 403 3008 ἀστῆς
427 2921 532 3007 αὐτὴν
555 2921 712 3006 γυναικὸς
739 2913 844 2986 οὖσαν
866 2922 1028 3006 πρότερον
1050 2917 1130 3005 πρὶν

119 3031 221 3117 ταύτῃ
244 3021 451 3114 συνοικῆσαι·
475 3025 646 3114 ὀργισθεὶς
665 3023 695 3090 δ’
719 3023 772 3091 ἐπὶ
790 3026 919 3102 τούτοις
941 3027 1053 3108 ἅπασι,
1075 3023 1130 3089 καλ

119 3138 280 3224 ὑβρίσθαι
307 3135 492 3220 ἡγούμενος
524 3130 580 3202 καὶ
615 3131 856 3217 ἐξηπατῆσθαι,
890 3131 1041 3217 ἐκβάλλει
1068 3131 1130 3216 την

120 3245 302 3329 ἀνθρωττον
320 3241 364 3317 ὡς
383 3240 536 3307 ἐνιαυτὸν
555 3239 755 3322 συνοικήσας
772 3237 872 3322 αὐτῇ,
893 3247 1058 3320 κυοῦσαν,
1075 3233 1130 3301 καὶ

83 3370 108 3412 ιο
121 3351 182 3435 την
199 3358 319 3435 προῖκα
337 3347 399 3413 ούκ
417 3345 611 3414 ἀποδίδωσι.
642 3347 800 3430 λαχόντος
818 3339 855 3408 ἀλ
874 3351 934 3408 τοῦ
953 3343 1129 3427 Στεφάνου

121 3456 208 3544 αὐτῷ
233 3456 329 3538 δίκην
354 3457 447 3519 σίτου
468 3449 684 3534 είςὨιθεϊυν,
706 3450 787 3515 κατὰ
810 3451 869 3514 τὸν
891 3451 997 3530 νόμον
1018 3446 1056 3522 ὃς
1078 3469 1129 3509 κε-

122 3563 228 3646 λεύει,
261 3559 321 3626 έάν
354 3555 528 3644 ἀκοκέμττη
557 3557 619 3641 την
649 3567 808 3639 γυναῖκα,
841 3551 1038 3686 ἀποδιὶύναι
1067 3551 1128 3631 τὴν

915 3659 949 3706 20
