2650 3918
159 181 225 248 356
465 183 536 236 m.
564 179 868 252 [Διιποεουαονε]

160 351 272 428 οῦτον,
289 342 335 419 ὡς
352 337 404 428 ἄρ’
422 340 487 426 έγδο
499 337 592 408 ταῦτ’
608 332 723 427 ελρηκα
742 340 889 420 διδάξειν
903 339 1002 417 αὐτὸς
1015 337 1173 425 ἐπαγγελ-

159 449 300 532 λόμενός
321 442 361 511 σέ
379 469 413 512 τι
434 447 576 512 τούτων·
600 445 642 513 ού
663 446 727 532 γὰρ
750 444 793 512 ἂν
815 446 1034 531 αἰσχυνθείην
1055 444 1173 527 εἰπών,

160 553 211 618 ὅτι
232 551 339 618 πολλὰ
361 558 484 636 μαθεῖν
505 551 605 630 αὐτὸς
627 553 675 617 ἔτι
698 548 830 637 δέομαι,
857 549 913 617 ιιαλ
935 554 1062 635 μᾶλλον
1084 547 1171 633 ἀγω-

158 659 273 741 νιστης
294 654 485 744 προῄρημαι
506 669 573 724 τῶν
595 662 790 743 πολιτικῶν,
817 657 838 743 ἢ
862 657 1061 733 διδάσκαλος
1082 650 1170 722 εἶναι

159 772 227 828 τῶν
248 764 368 828 ἄλλων.
405 762 466 849 οὐχ
485 761 766 848 ὡς’άναινόμενος
787 758 825 829 δδ
846 773 949 829 ταῦτα
968 764 1171 848 διορθοῦμαι

159 869 222 952 τὴν
241 879 310 934 τῶν
332 869 543 954 σοφιστεύειν
565 866 732 953 ἑλομένων
755 865 874 954 δόξαν,
901 864 973 934 ἀλλ’
999 867 1052 933 ὅτι
1073 865 1171 951 τάλη-

116 1009 146 1051 4⁹
160 968 221 1050 θλς
246 983 367 1041 τοῦτον
394 976 472 1060 ἔχον
498 974 655 1060 τυγχάνει
680 975 740 1041 τὸν
766 970 904 1060 τρόπον·
932 969 1003 1040 ἐπεὶ
1029 971 1171 1038 σύνοιδά
1180 992 1250 1045 1416

159 1101 197 1163 γε
218 1083 364 1158 πολλοῦς
385 1076 446 1164 μὲν
464 1077 498 1159 ἐξ
516 1078 646 1158 ἀδόξων
663 1077 719 1146 καὶ
737 1090 905 1156 ταπεινῶν
923 1077 1091 1164 ἐπιφανεῖς
1113 1078 1170 1143 διὰ

159 1193 216 1269 τῆς
236 1187 458 1272 πραγματείας
478 1186 598 1270 ταύτης
619 1182 872 1270 γεγενημένους,
893 1186 1036 1250 Σόλωνα
1058 1179 1095 1248 δέ
1111 1181 1169 1252 καὶ

161 1293 266 1370 ζῶντα
297 1287 356 1357 καλ
386 1293 626 1376 τελευτήσαντα
659 1295 813 1376 μεγίστης
846 1289 944 1375 δόξης
972 1288 1169 1375 ἠξιωμένον·

160 1395 197 1474 ὃς
218 1395 281 1463 ούκ
302 1394 549 1482 ἀπεληλαμένος
566 1407 633 1464 τῶν
651 1391 762 1463 ἄλλων
784 1406 901 1481 τιμῶν,
923 1394 1007 1462 ἀλλὰ
1029 1405 1087 1481 τῆς
1106 1391 1168 1480 μέν

160 1500 316 1588 ἀνδρείας
337 1504 375 1569 τὸ
398 1505 481 1588 πρὸς
497 1500 674 1589 Μεγαρέας
690 1505 850 1588 τρόπαιον
872 1500 1051 1588 ὑπόμνημα
1072 1525 1170 1567 κατα-

121 1641 147 1686 ςο
160 1608 278 1691 λιπών,
298 1615 356 1691 τῆς
379 1604 410 1673 δ’
436 1607 613 1692 εὐβουλίας
634 1609 696 1692 την
718 1611 910 1692 Σαλαμῖνος
932 1609 1091 1694 κομιδήν,
1112 1616 1170 1692 της

160 1709 191 1777 δ’
216 1713 318 1796 άλλης
348 1711 513 1790 συνέσεως
540 1715 620 1791 τοὺς
647 1716 791 1799 νόμους,
820 1706 871 1792 οἷς
898 1717 946 1781 ἔτι
972 1712 1027 1780 καὶ
1048 1723 1113 1780 νῦν
1136 1714 1173 1780 ολ

158 1821 305 1883 πλεῖστοι
333 1827 401 1883 τῶν
425 1815 595 1904 Ἑλλήνων
627 1820 793 1905 χρώμενοι
823 1819 1050 1905 διατελοῦσιν,
1080 1819 1169 1904 ὅμως

158 1922 327 1990 τοσούτων
347 1922 435 2011 αύτςό
454 1929 565 1991 καλῶν
581 1923 813 2011 ὑπαρχόντων,
834 1921 886 1992 ἐπ’
908 1919 1026 1993 οὐδενί
1041 1930 1168 2010 μᾶλλον

158 2027 381 2115 ἐσπούδασεν,
401 2029 424 2116 ἢ
446 2041 513 2097 τῶν
535 2028 615 2102 ἕπτδ
637 2041 806 2117 σοφιστῶν
828 2031 918 2110 ὅπως
938 2029 1088 2118 γένηται,
1110 2054 1167 2098 νο-

158 2136 261 2218 μίζων
286 2134 347 2219 τὴν
373 2138 576 2224 φιλοσοφίαν
603 2137 666 2204 ούκ
691 2138 838 2222 ὄνειδος,
863 2135 947 2204 ἀλλὰ
973 2138 1072 2222 τιμὴν
1097 2147 1167 2215 τοῖς

158 2236 340 2326 χρωμένοις
352 2239 479 2329 φέρειν,
496 2248 604 2321 καλῶς
621 2242 773 2325 ἐγνωκὼς
785 2243 867 2310 αύτδ
881 2252 960 2362 τοῦτ
961 2239 1044 2330 ὀύχ
1057 2237 1168 2329 ἧττον,

158 2343 257 2431 ἢκαὶ
279 2344 370 2413 τᾶλλ’
398 2344 450 2433 ἐφ’
477 2340 527 2426 οἷς
550 2349 732 2433 διήνεγκεν.

120 2485 145 2528 ⁶1
220 2449 305 2535 Ἐγὼ
328 2447 451 2537 μὲν
412 2477 475 2521 ουν
498 2451 568 2520 οὔτ’
595 2453 694 2532 αύτὸς
716 2455 823 2532 ἄλλως
844 2455 1034 2540 γιγνώσκω,
1056 2457 1114 2522 σοί
1131 2477 1168 2521 τε

157 2568 308 2640 παραινῶ
330 2564 547 2646 φιλοσοφεῖν,
573 2558 769 2650 μεμνημένῳ
794 2570 863 2626 τῶν
881 2555 918 2638 Ιἐξ
941 2559 1043 2646 ἀρχῆς
1062 2558 1168 2646 ὑπαρ-

158 2659 286 2739 ξάντων
314 2672 439 2751 σαυτῷ·
467 2663 588 2731 τούτου
622 2664 686 2749 γὰρ
720 2663 815 2731 ἕνεκα
843 2666 988 2749 διῆλθον
1017 2665 1054 2731 έν
1083 2664 1167 2752 ἀρχῇ

157 2769 343 2851 τοῦλόγου
365 2767 456 2852 κάγὼ
477 2767 554 2855 περὶ
576 2770 702 2855 αὐτῶν,
729 2769 790 2857 ούχ
812 2770 857 2848 ὡς
879 2767 916 2836 έιι
937 2778 997 2837 τοῦ
1019 2769 1081 2854 την
1102 2772 1169 2856 οηυ

157 2872 263 2958 φύσιν
285 2871 434 2939 ἐπαινεῖν
457 2873 706 2960 ἀνακτήσεσθαί
724 2891 762 2942 σε
783 2877 991 2964 προσδοκῶν,
1011 2873 1084 2942 ἀλλ’
1110 2873 1169 2942 ἵνα

159 2982 287 3062 μᾶλλον
315 2976 491 3064 προτρέψω
514 2997 552 3050 σε
581 2984 664 3068 πρὸς
691 2982 753 3065 τὴν
783 2985 1006 3068 φιλοσοφίαν,
1034 2982 1093 3048 ἐὰν
1122 2984 1168 3068 μὴ

157 3084 246 3167 παρὰ
268 3085 388 3170 μικρὸν
413 3087 552 3173 ποιήση,
578 3081 658 3172 μηδ’
683 3083 738 3152 ἐπί
764 3098 834 3165 τοῖς
859 3086 1066 3174 ὑπάρχουσιν
1088 3086 1169 3172 σίγα-

118 3225 145 3268 ς,
158 3193 236 3264 θοῖς
253 3185 336 3273 μέγα
353 3193 524 3276 φρονήσας
539 3201 607 3256 τῶν
629 3193 818 3276 μελλόντων
836 3190 1050 3280 ὀλιγωρήσῃς.
1080 3189 1164 3278 μηδ’

157 3297 190 3362 ελ
211 3305 278 3361 τῶν
300 3293 571 3383 ἐντυγχανόντων
593 3300 750 3382 κρείττων
772 3292 818 3383 ελ,
839 3295 945 3383 μηδὲν
966 3308 1034 3365 τῶν
1055 3299 1168 3365 ἄλλων

159 3400 245 3483 ζήτει
274 3400 473 3484 διενεγκεῖν,
502 3396 575 3467 ἀλλ’
607 3400 692 3485 ἡγοῦ
720 3401 896 3488 κράτιστον
925 3399 986 3488 μὲν
1014 3399 1102 3472 εἶναι
1129 3406 1169 3472 τὸ

158 3505 341 3588 πρωτεύειν
367 3505 405 3572 έν
432 3501 549 3592 ἅπασι,
578 3507 700 3582 ,τούτου
727 3503 759 3574 δ’
790 3507 990 3596 ὀρεγόμενον
1013 3508 1168 3595 όφθηυαι
1215 3559 1218 3564 -
