2656 3926
193 187 258 252 390
553 187 831 242 ΔΗΜΟΣΘΕΝΟΤΣ

193 331 264 412 οὑτ’
285 346 506 433 ὀλιγωροῦσιν
526 346 775 433 ἀπροσδόκητον
790 352 922 411 παθεῖν.
953 342 1038 428 λε’γω
1054 339 1090 409 δὲ
1104 333 1196 408 ταῦτ’

194 453 255 539 οὐχ
277 454 333 520 ἵνα
354 454 415 537 την
438 440 545 530 άλλως
566 454 651 537 ὑμᾶς
674 454 881 536 δεδίττωμαι,
904 447 1053 517 ἀλλ’ἵνα
1075 449 1119 535 μη
1142 447 1200 513 διδ

193 559 253 641 την
276 569 448 642 παροῦσαν
470 557 661 645 εὐπραξίαν,
684 555 842 642 δγένοιτ’
865 556 920 641 ἂν,
941 558 973 622 εί
994 557 1038 641 μη
1057 555 1201 640 προνοη-

194 670 293 729 σεσθε
316 674 382 730 τῶν
409 665 624 751 πραγμάτων,
651 661 733 730 δείν’
761 663 937 740 ἀκούοντες
962 668 1202 749 καταφρονῆτε,

193 764 265 832 ἀλλ’
283 769 363 835 άνευ
381 780 441 836 τοῦ
459 777 594 853 παθεῖν,
612 771 721 855 ὥσπερ
741 767 810 835 ἐστὶ
827 777 997 855 προσηκον
1014 766 1204 852 φάσκοντας

193 897 231 957 γε
251 873 404 960 μηδένων
424 875 662 942 ἀπολείπεσθαι
682 885 727 963 τῷ
749 886 950 961 σωφρονεῖν,
969 872 1172 959 φυλάξησθε.

655 1073 736 1134 ΜΔ.
815 1101 817 1104 ⁴

263 1189 347 1276 Οὐχὶ
373 1195 432 1259 τὸν
459 1193 562 1258 αὑτὸν
589 1188 676 1260 εἶναι
703 1195 820 1277 καιρὸν
846 1187 1001 1276 ὑπείληφ’
1028 1187 1054 1257 ὑ
1082 1190 1204 1274 ἄνδρες

192 1291 378 1382 Ἀθηναῖοι,
404 1308 465 1364 τοῦ
491 1301 683 1384 χαρίζεσθαι
714 1296 769 1364 καὶ
801 1306 861 1364 τοῦ
887 1298 927 1362 τά
955 1295 1117 1364 δοκοῦντά
1145 1317 1204 1378 μοι

194 1401 346 1486 βέλτιστα
367 1417 551 1489 παραινεῖν.
592 1405 750 1481 πολλάκις
771 1405 834 1490 γάρ
862 1403 929 1489 ὁρῶ
952 1404 990 1469 τὸ
1012 1404 1207 1490 χαρίζεσθαί

194 1533 226 1573 τι
254 1509 343 1594 παρά
372 1510 508 1594 γνώμην
536 1508 662 1576 πλείον’
695 1507 876 1595 ἀπέχθειαν
909 1507 1045 1592 ἐνεγκὸν
1065 1516 1136 1572 τοῦ
1164 1508 1203 1573 τὸ

194 1623 326 1699 πρῶτον
340 1612 592 1698 ἐναντιωθῆναι.
624 1617 656 1680 εί
673 1611 734 1698 μὲν
753 1610 815 1680 οὖν
833 1615 973 1690 άπαντες
991 1613 1203 1697 ἐγιγνώσκετε

194 1717 313 1802 ταὺτά,
343 1715 412 1785 οὔτ’
439 1718 499 1803 ἀν,
528 1726 564 1786 εί
584 1743 642 1803 μοι
669 1720 709 1784 τά
736 1713 845 1786 δέοντ’
871 1719 1014 1787 ἐδοκεῖτε
1036 1729 1204 1804 προαιρεῖ-

196 1829 288 1908 σθαι,
310 1829 497 1909 παρῆλθον,
519 1829 695 1910 περίεργον
717 1823 902 1909 ἡγούμενος
924 1836 993 1901 τοῖς
1014 1819 1072 1909 ἀφ’
1093 1824 1204 1890 αὑτῶν

196 1929 216 1994 ά
239 1930 300 2014 χρη
323 1939 457 1996 ποιοῦσι
480 1928 606 2016 λέγειν,
629 1927 698 1995 οὔτ’
726 1929 768 1996 ἀν
791 1933 822 1996 εί
842 1930 1052 1996 τούναντίον·
1075 1934 1203 2012 μάλλον

195 2035 258 2120 γάρ
277 2033 319 2100 ἀν
336 2035 510 2120 ἡγησάμην
528 2033 574 2101 ἕν’
593 2033 661 2102 ὅντ’
685 2034 827 2120 ἐμαυτὸν
846 2035 979 2118 ἀγνοεῖν
997 2036 1036 2100 τά
1053 2032 1200 2118 κράτιστ’

169 2139 217 2226 3η
239 2141 362 2218 πάντας
384 2143 477 2227 ὑμᾶς.
514 2141 626 2225 ἐπειδη
646 2139 676 2208 δ’
699 2143 766 2226 ὁρῶ
788 2142 881 2218 τινάς
902 2142 997 2226 ὑμῶν
1019 2141 1119 2205 ταύτά
1141 2136 1204 2224 μὲν
1305 2157 1307 2162 ·

195 2249 438 2330 γιγνώσκοντας
469 2246 546 2332 ἐμοί
552 2296 562 2332 ,
592 2246 749 2312 τάναντία
782 2242 812 2310 δ’
848 2247 975 2329 ἀλλοις,
1006 2246 1204 2332 πειράσομαι

196 2353 276 2436 μετὰ
293 2353 420 2420 τούτων
437 2355 516 2429 τοὺς
534 2350 665 2435 ἑτέρους
682 2363 803 2417 πεῖσαι.
838 2354 870 2416 εί
887 2347 947 2436 μὲν
966 2346 1028 2417 οὑν
1047 2353 1203 2435 οίησεσθε

197 2460 269 2524 δεῖν
295 2460 339 2543 μὴ
366 2456 480 2524 θέλειν
506 2456 657 2541 ἀκούειν,
684 2458 746 2524 οὑκ
773 2458 884 2543 ὀρθῶς
910 2459 1074 2541 ποιήσετε·
1102 2455 1144 2522 ἀν
1168 2456 1198 2524 δ’

196 2563 356 2648 ἀκούσητε
380 2573 485 2648 σιωπῇ
509 2561 563 2628 καὶ
585 2561 681 2629 τοῦθ’
708 2564 915 2647 ὑπομείνητε,
939 2562 1036 2628 δυοῖν
1058 2561 1203 2646 ἀγαθοῖν

196 2669 340 2754 θάτερον
361 2669 442 2754 ὑμῖν
468 2667 614 2754 ὑπάρξει·
642 2668 663 2752 ἣ
686 2670 749 2754 γάρ
772 2665 1005 2753 πεισθησεσθ,
1028 2669 1070 2733 άν
1091 2691 1124 2734 τι
1147 2671 1204 2736 δο·

196 2784 305 2859 κῶμεν
327 2773 436 2858 λέγειν
459 2773 640 2859 συμφέρον,
662 2772 683 2858 ἣ
701 2777 913 2860 βεβαιότερον
934 2771 1010 2858 περὶ
1031 2767 1079 2840 ὧν
1101 2773 1204 2856 ἔγνω·

197 2877 266 2946 κατ’
284 2883 400 2946 ἔσεσθε
418 2878 637 2965 πεπεισμένοι.
669 2877 712 2945 ἀν
729 2881 804 2965 γάρ,
822 2871 872 2956 οἷς
892 2881 949 2961 [τι]
970 2879 1281 2965 διαμαρτάνεινιισκ

197 2983 324 3072 οἰόμεθ’
350 2986 444 3070 ἡμεῖς
465 2985 551 3070 ὑμᾶς
558 3034 568 3068 ,
596 2995 698 3052 ταῦτα
730 2987 872 3070 μηδενὸς
898 2983 973 3062 ἀξια
1001 2993 1106 3070 φανῇ,
1128 2982 1198 3069 μετ’

198 3091 332 3179 ἐλέγχου
354 3092 394 3158 τά
417 3089 600 3176 δεδογμένα
621 3101 686 3158 νῦν
708 3090 802 3175 ὑμεῖς
823 3087 933 3156 ἔσεσθ’
960 3086 1128 3177 ᾑρημένοι.

658 3288 737 3350 ΜΕ.

264 3411 455 3493 Βουλοίμην
478 3405 520 3474 διν
542 3403 569 3474 ὑ
588 3409 707 3494 ἄνδρες
725 3405 912 3493 Ἀθηναῖοι,
933 3403 1009 3492 περὶ
1032 3400 1079 3472 ὧν
1100 3406 1203 3490 ηὑδο·

199 3515 334 3596 κίμηκεν
356 3511 462 3596 λέγων
484 3511 560 3594 παρ’
583 3513 664 3597 ὑμῖν
687 3513 705 3579 δ
729 3514 833 3597 δεῖνα,
855 3509 909 3578 ἐπὶ
930 3522 997 3576 τῶν
1016 3512 1122 3596 ἔργων
1145 3510 1203 3578 καὶ
