2654 3926
210 189 251 256 13
503 195 587 244 xm.
615 189 918 262 [ΔΗΜοεοταονε]

208 350 407 436 ἀποφαίνειν
429 349 485 417 καὶ
505 353 567 435 τήν
588 354 786 436 πρόκλησιν,
814 353 923 416 ἔπειτα
946 350 1002 428 τὰς
1024 354 1227 437 μαρτυρίας,

208 458 252 535 ὡς
275 455 330 522 δύ’
352 463 454 523 νίκων
472 457 746 543 λῃτουργούντων
766 454 879 522 οὑτοσί
899 459 1085 534 Φαίνιππος
1101 461 1226 541 κεκλη-

208 565 401 648 ρονόμηκεν.

401 701 537 755 ΝΟΜΟΣ.
564 702 788 755 ΠΡΟΚΛΗΣῙΣ.
816 702 1020 754 MAPPTPIAI.

169 828 196 867 u
268 803 327 873 Ἓν
353 811 458 892 μόνον
486 809 528 874 ἀν
556 833 605 886 τις
635 811 705 896 ἔχοι
739 807 843 886 δείξαι
869 806 1002 875 τουτονὶ
1025 810 1225 873 Φαίνιππον

207 911 506 999 πεφιλοτιμημένον
524 917 571 992 είς
587 915 672 1000 ὑμᾶς
690 915 809 1000 ἀνδρες
827 915 992 980 δικασταί·
1016 915 1226 999 ἱπποτρόφος

209 1018 334 1102 ἀγαθός
357 1018 426 1085 έστι
447 1017 502 1085 καλ
524 1022 708 1106 φιλότιμος,
730 1021 785 1085 ἀτε
808 1017 883 1097 νέος
905 1018 959 1085 καί
981 1019 1139 1096 πλούσιος
1160 1017 1223 1083 καὶ

209 1126 344 1210 ἰσχυρὸς
366 1127 422 1191 ῶν.
459 1128 494 1191 τί
514 1127 632 1192 τούτου
655 1123 738 1211 μέγα
756 1137 906 1210 σημείον;
931 1125 1136 1209 ἀποδόμενος
1157 1125 1222 1190 τὸν

208 1235 462 1318 πολεμιστήριον
481 1233 582 1299 ἵππον
600 1231 821 1316 καταβέβηκεν
844 1232 907 1298 ἀπὸ
930 1243 997 1314 τῶν
1019 1233 1139 1314 ἵππων,
1161 1229 1222 1295 καὶ

207 1333 280 1401 ἀντ’
308 1335 438 1404 ἐκείνου
462 1337 558 1422 ὄχημ’
586 1338 674 1426 αὑτῶ
702 1344 893 1422 τηλικοῦτος
916 1339 963 1403 ῶν
987 1337 1138 1422 ἐώνηται,
1160 1337 1222 1401 ’ίνα

208 1443 253 1526 μή
280 1445 357 1527 πεζή
384 1444 575 1529 πορεύηται·
604 1445 763 1528 τοσαύτης
791 1439 886 1521 οὗτος
913 1453 1038 1530 τρυφής
1066 1443 1134 1509 ἐστι
1161 1465 1221 1526 με-

209 1550 292 1623 στός.
328 1545 383 1612 καλ
406 1546 497 1614 τοῦτ’
525 1545 737 1635 ἀπογέγραφέ
757 1572 830 1632 μοι,
859 1560 925 1613 τῶν
952 1544 989 1612 δέ
1011 1553 1139 1632 κριθῶν
1161 1546 1221 1612 καὶ

207 1661 267 1717 τού
291 1658 385 1718 οίνου
408 1652 551 1719 καὶτῶν
575 1655 685 1720 ἀλλων
708 1665 774 1720 τῶν
797 1653 833 1719 ἐκ
855 1663 913 1737 τῆς
935 1652 1082 1740 ἐσχατιᾶς
1104 1675 1220 1736 γιγνο·

169 1754 318 1841 νομένων
341 1755 420 1823 οὐδέ
446 1762 483 1827 τὸ
512 1758 649 1826 δέκατον
676 1758 782 1846 μέρος.
820 1758 913 1838 ἀξιύν
939 1757 969 1842 γ’
997 1759 1129 1844 ἀφεῖναι
1151 1767 1220 1824 νῦν

209 1863 311 1928 αὐτόν
341 1862 448 1947 ἐστιν,
478 1864 591 1949 ἐπειδή
621 1867 780 1950 χρήσιμος
808 1862 863 1929 καὶ
893 1866 1064 1949 φιλότιμος
1093 1859 1147 1927 καὶ
1176 1871 1219 1947 τῇ

209 1968 307 2056 ούσίηι
328 1967 382 2034 καλ
404 1979 449 2058 τῷ
475 1973 608 2055 σώματι.
645 1976 771 2037 πολλοῦ
793 1993 829 2054 γε
852 1968 907 2036 καὶ
929 1971 989 2036 δεῖ.
1025 1974 1134 2034 καλῶν
1152 1970 1219 2055 γάρ

208 2071 367 2157 κάγαθῶν
393 2075 462 2142 ἐστι
490 2078 669 2156 δικαστῶν,
697 2079 774 2152 τοὺς
800 2073 861 2160 μὲν
888 2087 955 2142 τῶν
977 2080 1120 2142 πολιτῶν
1143 2074 1219 2141 ἐθέ-

209 2184 344 2264 λοντας,
376 2179 456 2246 ὅταν
487 2180 667 2266 εὐπορῶσι,
700 2185 964 2265 λῃτουργοῦντας
994 2178 1048 2245 καὶ
1080 2178 1117 2244 έν
1147 2189 1219 2256 τοῖς

208 2289 407 2370 τριακοσίοις
439 2287 537 2363 ὄντας
567 2284 765 2369 ἀναπαύειν,
802 2285 882 2351 ὅταν
913 2287 1031 2352 τούτου
1064 2285 1219 2369 δεόμενοι

208 2393 407 2478 τυγχάνωσι,
430 2395 507 2469 τοὺς
530 2387 567 2456 δὲ
585 2394 777 2476 νομίζοντας
795 2389 985 2476 ἀπολλύειν,
1008 2391 1087 2456 ὅταν
1109 2393 1157 2468 είς
1180 2395 1219 2458 τὸ

209 2501 325 2563 κοινόν
351 2521 383 2562 τι
411 2498 661 2580 δαπανήσωσιν,
689 2498 782 2581 ἄγειν
809 2499 856 2574 είς
882 2501 959 2575 τούς
981 2494 1219 2583 προεισφέρον-

209 2623 267 2678 τας
289 2600 344 2666 καλ
367 2603 411 2686 μή
435 2601 620 2690 ἐπιτρέπειν
643 2603 864 2688 δραπετεύειν.
906 2601 979 2687 λέγε
1002 2614 1133 2688 πρῶτον
1155 2600 1220 2689 μὲν

208 2707 270 2790 τήν
292 2710 487 2794 μαρτυρίαν,
510 2711 619 2773 ἔπειτα
641 2709 702 2792 τήν
724 2706 891 2792 ἀπόφασιν
915 2708 1026 2775 αὐτοῦ.

504 2884 694 2937 MAPTTPIA
721 2883 919 2936 ΑΠΟΦΔΣΙΣ.

171 3009 196 3051 ιε
267 2985 329 3054 Ἔα
355 2998 465 3055 ταῦτα.
501 2992 606 3057 καίτοι
633 2990 738 3056 πολλὰ
765 3000 832 3056 τῶν
859 2991 1002 3056 ἔνδοθεν
1031 2989 1219 3075 ἐκφορήσας

210 3090 237 3160 ὦ
259 3096 379 3181 ἀνδρες
406 3094 556 3161 δικασταὶ
580 3098 782 3180 Φαίνιππος,
809 3094 942 3174 ἀνοίξας
967 3096 1006 3160 τὰ
1033 3111 1219 3181 παρασεση-

210 3198 358 3286 μασμένα
384 3213 451 3267 τῶν
479 3202 681 3286 οίκημύτων,
707 3201 752 3278 ὡς
777 3201 858 3285 ὑμῖν
884 3202 1139 3288 μεμαρτύρηται,
1161 3200 1216 3267 καὶ
1227 3215 1287 3265 1047

209 3308 397 3374 καταλιπὼν
427 3304 480 3373 ὄπ’
511 3305 624 3385 ἔδοξεν
646 3307 747 3394 αύτῷ,
777 3305 919 3397 δευτέρω
942 3304 1021 3391 μηνὶ
1048 3308 1109 3391 τήν
1137 3306 1216 3374 ἀπό·

209 3429 312 3500 φασιν
344 3411 450 3479 ἔδωκέ
477 3437 533 3498 μοι
564 3420 621 3496 τῆς
651 3411 773 3489 ούσίας.
819 3411 889 3479 ἀλλ’
926 3412 1014 3497 ὅμως
1042 3414 1079 3477 ἔα
1105 3422 1215 3479 ταῦτα.

211 3517 285 3605 λέγε
309 3516 340 3586 δ’
368 3517 541 3586 ἐντευθενί
561 3515 630 3583 ’ἐπὶ
652 3519 780 3596 τούτοις
803 3519 880 3585 τάδε
903 3517 1045 3603 ὀφείλω.’
