2658 3914
456 239 554 291 πεοε
572 237 787 291 nomm
1063 233 1125 299 167

115 397 274 485 πρέσβεις
296 399 388 483 ἀγων
410 399 466 464 διά
488 401 526 466 τὸ
549 399 666 485 ἄριστά
684 422 741 483 μοι
758 403 857 464 πλεῦν
873 397 935 482 τὴν
955 405 1054 481 ναῦν,
1075 393 1131 461 καὶ

117 502 261 570 ἐνθένδε
287 504 405 590 πάλιν,
429 503 641 591 προσταχθέν
668 528 725 590 μοι
751 504 817 571 ὑπὸ
839 512 900 570 τοῦ
929 505 1038 590 δήμου
1059 501 1131 568 Μί-

118 633 212 676 νυνα
234 612 294 676 τὸν
312 612 496 697 στρατηγὸν
518 611 612 694 ἀγειν
634 611 681 688 είς
698 608 942 694 Ἑλλήσποντον
965 606 1040 676 ἀντὶ
1060 607 1131 676 Αύ-

117 712 277 792 τοκλέους
299 714 668 803 ἀποχειροτονηθέντος,
690 713 824 804 ῳχόμην
848 714 1052 801 ἀναγόμενος
1074 715 1130 781 διδι

118 821 249 907 τάχους.
277 818 334 887 καὶ
351 818 428 888 ἀντὶ
439 813 515 888 τώνΙ
521 820 754 888 ἀπολιπόντων
771 817 833 905 μὲν
850 833 984 888 ναυτῶν
1001 818 1132 907 ἀτίρους

118 924 358 1010 ἐμισθωσάμην
387 928 529 1010 ναύτας,
561 927 702 1010 δωρειὰς
728 923 784 992 καὶ
814 928 990 1013 προδόσεις
1018 927 1131 1004 αύτοϊς

118 1032 202 1109 δοὺς
223 1031 376 1116 μεγάλας,
398 1044 468 1109 τοῖς
489 1028 528 1098 δὲ
549 1035 771 1119 παραμείνασι
792 1043 860 1098 τῶν
882 1031 1028 1118 ἀρχαίων
1049 1039 1129 1100 ναυ-

116 1148 187 1202 τῶν
218 1137 326 1203 ἔδωκά
356 1159 389 1202 τι
421 1139 467 1216 είς
494 1139 659 1222 διοίκησιν
685 1147 753 1204 τών
781 1139 912 1203 οίκείυυ
936 1142 1128 1204 καταλιπεῖν

77 1265 104 1305 ιε
118 1244 202 1330 πρὸς
230 1236 258 1332 χό
286 1243 449 1329 πρότερον
475 1238 587 1329 είχον,
619 1239 681 1309 αιἰκ
708 1241 842 1327 ἀγνοῶν
867 1243 929 1328 την
956 1252 1128 1330 παροῦσαν

117 1351 245 1434 χρείαν,
267 1349 312 1426 ώς
334 1347 496 1432 ἀναγκαία
518 1344 562 1434 ἧν
584 1347 727 1439 ἑκάστῳ,
750 1347 884 1435 ἀπορῶν
907 1345 939 1415 δ’
965 1349 1064 1426 αὐτὸς
1085 1349 1130 1427 ώς

118 1455 164 1539 μδ
185 1456 246 1521 τὸν
273 1458 341 1520 Δία
367 1452 423 1520 καὶ
449 1457 509 1522 τὸν
532 1451 680 1522 Ἀπόλλω
710 1453 822 1534 οὐδεὶς
848 1454 892 1521 ἀν
912 1457 1129 1540 πιστεύσειεν,

118 1561 209 1638 ὅστις
227 1561 271 1646 μη
289 1559 425 1646 ἀληθῶς
440 1561 715 1649 παρηκολούθηκε
732 1573 801 1640 τοῦς
818 1561 909 1648 ἐμοῖς
929 1562 1128 1649 πράγμασιν.

117 1664 260 1744 ὑποθεὶς
286 1663 324 1734 δὲ
352 1670 390 1736 τὸ
419 1670 544 1755 χωρίον
567 1670 769 1758 Θρασυλόχῳ
796 1665 852 1734 καὶ
872 1665 1045 1758 Ἀρχένεῳ,
1072 1665 1128 1734 καὶ

119 1772 356 1857 δανεισάμενος
377 1773 554 1860 τριάκοντα
574 1782 659 1858 μνᾶς
675 1771 752 1860 παρ’
780 1773 891 1840 αύτῶν
912 1772 969 1840 καὶ
991 1775 1129 1851 διαδοὺς

118 1889 188 1956 τοίς
209 1879 356 1963 ναύταις,
379 1877 513 1968 ᾠχόμην
536 1878 758 1964 ἀναγόμενος,
780 1880 836 1945 ἵνα
857 1875 963 1965 μηδὲν
984 1879 1129 1947 ἐλλείποι

118 1993 164 2072 τῷ
196 1985 291 2074 δήμῳ
327 1979 376 2051 ών
403 1983 583 2072 προσέταξε
614 1987 651 2051 τὸ
683 1982 753 2050 κατ’
790 1983 854 2070 ἐμί.
898 1984 954 2051 καὶ
983 1986 1129 2071 ὁδῆμος

118 2088 263 2167 ἀκούσας
293 2100 397 2156 ταῦτα
427 2087 569 2177 ἐπῄνεσέ
594 2088 633 2158 τί
661 2114 717 2176 με,
748 2088 804 2156 καὶ
833 2089 887 2156 ἐπὶ
916 2091 1053 2157 δεῖπνον
1081 2094 1129 2169 είς

118 2200 156 2263 τὸ
188 2206 389 2282 πρυτανεῖον
417 2195 580 2262 ἐκάλεσεν.
624 2193 680 2262 καὶ
709 2196 754 2273 ὡς
780 2192 871 2263 ταῦτ’
898 2194 1008 2281 ἀληθῆ
1031 2195 1128 2281 λέγω,

118 2302 249 2369 τούτων
274 2301 354 2386 ὑμῖν
382 2299 607 2384 ἀναγνώσεται
633 2303 695 2386 τὴν
721 2305 907 2389 μαρτυρίαν
927 2299 984 2367 καὶ
1005 2303 1043 2368 τδ
1065 2305 1128 2388 ψη·

116 2426 226 2496 φισμα
248 2409 286 2474 τὸ
308 2415 369 2474 τοῦ
392 2408 508 2492 δημου.

420 2599 609 2656 MAPTTPIA.
645 2601 826 2654 ΨΗΦΙΣΜ

80 2748 106 2790 ιε
181 2725 314 2811 Ἰῦπειδὴ
332 2728 449 2792 τοίνυν
466 2727 513 2804 είς
529 2723 774 2810 Ἑλλήσποντον
791 2727 952 2811 ἤλθομεν,
972 2723 1027 2791 καὶ
1050 2726 1068 2794 ὅ
1091 2750 1126 2796 τε

117 2836 237 2922 χρόνος
254 2830 447 2916 ἐξεληλύθει
464 2855 521 2916 μοι
538 2840 596 2916 της
612 2835 833 2919 τριηραρχίας,
855 2830 911 2898 καὶ
927 2835 1048 2917 μισθὸς
1065 2833 1127 2900 οὐκ

117 2940 268 3023 ἀπεδόθη
295 2948 365 3015 τοῖς
391 2938 602 3025 στρατιώταις
628 2933 700 3003 ἀλλ’
727 2936 747 3022 ἢ
776 2939 874 3005 δυοίν
896 2949 1033 3024 μηνοῖν,
1059 2937 1126 3006 ἔτε-

118 3049 176 3132 ρός
197 3068 232 3110 τε
252 3045 431 3130 στρατηγὸς
452 3038 510 3128 ἧκε
535 3045 732 3130 Τιμόμαχος,
753 3041 809 3110 καὶ
830 3039 927 3124 ούτος
949 3046 1127 3132 διαδόχους

118 3151 180 3217 οὐκ
202 3152 294 3234 ἀγών
317 3149 370 3218 ἐπὶ
391 3150 449 3227 τάς
470 3159 571 3236 ναῦς,
593 3148 824 3244 ἀθυμήσαντές
845 3175 903 3236 μοι
925 3150 1044 3218 πολλοὶ
1065 3161 1126 3220 τοῦ
1135 3173 1200 3223 1211

117 3258 333 3341 πληρώματος
356 3254 481 3343 ᾤχοντο
499 3254 716 3334 ἀπολιπόντες
737 3257 799 3342 την
820 3267 918 3341 ναῦν,
941 3258 977 3324 οί
995 3253 1057 3342 μὲν
1078 3259 1127 3336 είς

117 3363 178 3446 τὴν
200 3363 340 3448 ἤπειρον
359 3364 645 3447 στρατευσόμενοι,
667 3361 704 3428 οί
723 3359 753 3426 δ’
775 3362 897 3440 εἰςτὰς
915 3365 1049 3429 Θασίαν
1069 3360 1124 3429 καὶ

118 3469 330 3555 Μαρωνιτῶν
345 3476 440 3550 ναῦς,
461 3473 572 3556 μισθῳ
590 3467 722 3557 μεγάλῳ
739 3467 931 3545 πεισθέντες
947 3466 1003 3533 καὶ
1024 3467 1125 3554 ἀργύ-

81 3591 105 3633 15
120 3597 195 3660 ριον
216 3575 303 3640 πολι)
326 3575 560 3659 προλαβόντες,
582 3570 638 3640 καὶ
660 3573 699 3638 τδ
721 3569 783 3658 μδν
804 3569 880 3658 παρ’
907 3571 989 3656 ἐμοῦ
1012 3569 1124 3652 ἐξανη-
