2650 3918
197 187 264 253 364
560 183 840 240 ΛΗαοΣοεαοωε

197 345 227 414 δ’
261 343 337 414 οἶδα
366 341 427 432 μὲν
456 346 501 422 ὡς
532 345 676 432 χαλεπὸν
704 343 745 408 τὰ
773 342 925 428 βέλτιστα
958 337 1067 423 λέγειν
1103 337 1208 408 ἐστίν’,
1319 370 1320 373 “

197 450 448 539 ἐξηπατημένων
470 451 534 537 γὰρ
556 451 668 536 ὑμῶν,
693 447 838 516 καὶτῶν
860 445 921 534 μὲν
943 444 1053 531 ταυτί,
1078 455 1146 511 τῶν
1169 439 1209 511 δὲ

196 562 293 626 ταυτί
309 555 564 644 [βουλομένων],
587 554 645 622 έὰν
667 554 707 620 τδ
729 553 851 640 μεταξύ
872 577 922 632 τις
944 553 1072 640 ἐγχειρῇ
1095 548 1207 634 λέγειν

195 657 274 751 κᾷθ’
301 663 395 750 ὑμεῖς
417 663 461 749 μή
484 665 691 749 περιμείνητε
719 667 857 745 μαθεῖν,
884 670 1043 746 χαριεῖται
1065 651 1207 741 μὲνού·

197 767 355 856 δετέροις,
383 769 632 853 διαβεβλήσεται
659 761 697 832 δδ
722 768 806 853 πρὸς
832 762 1051 852 ἀμφοτέρους·
1075 761 1116 830 οὐ
1139 762 1207 848 μήν

170 871 269 940 τᾶλλ’
295 876 473 962 αἱρήσομαι
487 876 626 957 μᾶλλον
653 870 767 956 αὐτὸς,
795 870 853 938 ἐὰν
880 865 944 958 ἄρα
970 879 1069 957 τοιῖιτο
1096 867 1207 953 πέδω,
1315 915 1321 928 .

190 981 309 1047 δοκεῖν
331 984 506 1066 φλυαρεῖν,
533 976 553 1061 ή
576 973 653 1063 παρ’
672 976 702 1064 Ιιλ
724 975 877 1062 βέλτιστα
898 978 1020 1062 νομίζω
1042 972 1207 1061 προέσθαι

196 1083 284 1151 τισίν
306 1086 392 1171 ὑμᾶς
414 1084 619 1167 ἐξαπατήσαι.
659 1083 700 1148 τὰ
722 1078 783 1167 μὲν
804 1077 869 1150 οὖν
891 1078 962 1148 ἄλλ’
989 1081 1140 1166 ὕστερον,
1163 1078 1207 1145 ἂν

195 1191 277 1277 ὑμῖν
299 1188 514 1276 βουλομένοις
536 1180 574 1276 ᾖ,
602 1186 696 1268 λέξω·
720 1187 757 1254 ἐκ
778 1185 817 1260 ,δὲ
838 1172 908 1256 των
929 1183 1207 1272 ὁμολογουμένων
1232 1253 1235 1260 ,

196 1292 253 1362 ὑπ’
279 1296 390 1362 αὐτῶν
413 1293 564 1381 ἄρξομαι,
587 1293 609 1360 δ
629 1293 785 1378 κρύτιστα
806 1295 941 1378 νομίζω,
963 1291 1143 1359 διδάσκειν.

625 1513 629 1524 .
683 1472 721 1536 Θ,
1132 1535 1135 1542 .

266 1608 351 1697 Οὐχί
372 1611 474 1677 ταύτὰ
496 1611 691 1694 γιγνώσκων
718 1577 908 1688 ἐνίοιςτων
931 1589 1109 1696 είρηκύτων
1130 1607 1209 1677 ἐνέ·

198 1712 287 1802 στηκ’
310 1711 336 1780 ὦ
355 1715 475 1802 ἄνδρες
489 1713 670 1800 Ἀθηναῖοι.
707 1715 748 1782 ού
767 1716 834 1800 μήν
851 1710 932 1785 οὐδὲ
947 1717 1086 1794 τούτους
1103 1715 1210 1782 αίτιιί-

198 1837 298 1906 σομαι
318 1824 416 1909 κακίςι
437 1819 595 1888 τάναντία
620 1832 690 1897 τοῖς
716 1824 900 1913 βελτίστοις
921 1819 1104 1908 εἰρηκέναι,
1130 1819 1204 1888 ἀλλ’

198 1927 249 1992 ὅτι
266 1924 384 1994 πολλοὶ
401 1936 462 1994 τοῦ
479 1927 519 1993 τὰ
536 1927 710 2011 πράγματα
731 1930 858 2012 κρίνειν
877 1925 1108 2013 ἀμελήσαντες,
1129 1931 1209 2006 τοὺς

197 2035 319 2117 λόγους
331 2045 466 2100 σκοπεῖν
484 2033 542 2111 οὓς
560 2032 695 2119 ἐροῦσιν
712 2035 864 2118 εἰώθασι,
880 2032 943 2100 κᾶν
956 2035 1085 2112 τούτοις
1098 2033 1209 2120 ἐφθό-

197 2161 270 2216 νοις
287 2137 480 2226 ἐντύχωσιν,
503 2137 641 2226 ἕτοίμως
659 2139 873 2226 δημηγορεῖν,
895 2139 958 2207 οὐκ
976 2140 1087 2227 ὀρθῶς
1104 2139 1211 2224 ἐγνω.

198 2247 302 2329 κύτες,
315 2241 394 2313 οὐδὲ
408 2248 613 2329 λογιζόμενοι
621 2240 699 2331 παρ’
712 2241 841 2322 ἑαυτοῖς
849 2245 900 2311 ὅτι
909 2249 1042 2312 πολλῶν
1056 2244 1207 2332 πράξεων

199 2350 237 2417 ἐν
253 2355 365 2438 πολλῷ
384 2353 493 2440 χρόνῳ
515 2359 596 2416 πᾶσι
617 2349 867 2436 πεπραγμένων,
889 2348 945 2416 καί
968 2350 1024 2417 διδ
1041 2353 1120 2428 τοὺς
1136 2374 1207 2418 και-

199 2459 280 2538 ροδς
296 2455 396 2523 ἐνίων
409 2456 616 2523 ὑπεναντίων
632 2456 758 2542 αὑταῖς,
776 2455 819 2524 δν
836 2456 895 2534 τδς
912 2453 1024 2543 ἐτέρας
1039 2471 1090 2534 τις
1106 2456 1207 2545 ὑπερ·

198 2566 325 2647 βαίνων
347 2563 405 2640 τδς
426 2559 536 2649 ἐτέρας
558 2559 654 2650 λέγη,
680 2564 773 2647 λήσει
799 2563 836 2629 τὸ
865 2562 988 2651 ῥᾷστον
1009 2572 1077 2628 των
1099 2565 1209 2649 ἔργων

172 2677 316 2752 εποιων,
333 2668 435 2735 αὑτὸν
454 2666 631 2746 ἐξαπατῶν.
664 2668 703 2735 ὀί
717 2664 779 2754 μὲν
797 2662 860 2734 ούν
878 2667 965 2735 οὕτω
978 2667 1143 2755 χρώμενοι
1160 2678 1208 2758 τῷ

199 2773 440 2857 συμβουλεύειν
459 2774 601 2840 δοκοῦσι’
620 2795 678 2858 μοι
699 2774 760 2857 τήν
783 2771 847 2839 ἀπὸ
869 2782 937 2838 τῶν
955 2770 1130 2859 ῥηθέντων
1146 2784 1208 2842 τοῦ

200 2879 367 2945 δύνασθαι
385 2875 494 2961 λέγειν
513 2876 614 2957 δόξαν
627 2876 828 2964 γιγνομένην
846 2877 958 2956 αὑτοῖς
977 2878 1094 2964 ίκανήν
1111 2884 1209 2966 φιλο-

198 2987 310 3070 τιμίαν
331 2983 500 3068 ήγεῖσδαι·
524 2983 590 3068 ἐγὼ
613 2980 650 3051 δὲ
667 2987 789 3070 νομίζω
807 2992 927 3071 χρήναι
943 2985 1004 3050 τον
1020 2988 1115 3051 πόλει
1132 2984 1208 3073 περὶ
1219 3003 1288 3053 ιιεο

198 3090 398 3177 πραγμάτων
412 3088 639 3177 ἐπιχειροῦντα
657 3090 909 3176 συμβουλεύειν,
926 3094 1054 3174 μᾶλλον
1067 3090 1155 3168 ὅπως
1166 3092 1207 3157 τδ

200 3195 341 3275 δόξαντα
363 3199 512 3263 συνοίσει
534 3206 682 3280 σκοπεῖν,
703 3194 724 3281 ή
746 3205 816 3272 πῶς
838 3195 874 3262 οί
893 3206 1091 3282 παραχρῆμα
1112 3198 1207 3281 λύγοι

198 3302 296 3389 χάριν
314 3300 433 3382 ἕξουσι.
473 3304 527 3369 δεῖ
541 3303 604 3389 γὰρ
622 3311 691 3378 τοῖς
709 3298 847 3367 ἐπὶτῶν
865 3303 975 3385 λόγων
992 3301 1208 3388 εὐδοκιμοῦσι

199 3405 425 3495 συμφέροντος
441 3431 532 3484 τινος
550 3409 649 3493 ἔργου
667 3403 787 3493 πρᾶξιν
804 3419 988 3494 προσεῖναι,
1005 3409 1062 3474 ἵνα
1079 3409 1124 3493 μή
1142 3418 1216 3476 νῦν,

198 3514 315 3596 μόνον,
338 3511 409 3579 ἀλλ’
436 3511 488 3578 ἀεὶ
509 3513 549 3578 τδι
573 3511 718 3598 ῥηθέντα
741 3516 847 3590 καλῶς
869 3515 935 3600 ἔχη.
1018 3577 1020 3584 .
