2658 3922
439 252 535 304 RATA
553 251 773 306 ΘΕΟΚΡΙΝΟΥ.
1043 251 1107 320 2Ἰ1

98 422 213 499 πρῶτα
240 411 369 498 γράψας
394 413 442 488 είς
468 413 529 497 τήν
557 409 698 490 ἔνδειξιν
726 412 849 477 ἔδωκεν
872 411 891 478 δ
912 415 1018 498 πατήρ
1046 436 1112 496 μοι.

99 529 233 607 πρῶτον
264 513 325 602 μὲν
357 511 419 583 οὖν
450 519 509 584 τὸν
544 520 650 602 νόμον
685 517 766 602 ὑμῖν
796 515 1022 601 ἀναγνώσεται
1053 517 1112 583 τόν

100 622 176 711 περὶ
198 634 265 689 τῶν
284 625 475 709 φαινόντων
492 621 548 689 καί
566 622 627 690 οὐκ
646 621 854 707 ἐπεξιόντων,
877 621 960 688 ἀλλά
979 623 1113 688 διαλυο-

100 727 212 812 μένων
225 729 313 814 παρά
327 731 405 806 τοὺς
418 731 556 812 νόμους·
571 727 729 795 ἐντεῦθεν
747 728 810 816 γάρ
829 723 922 812 οἶμαι
933 731 1113 814 προσήκειν

100 857 159 918 μοι
180 836 242 919 τήν
264 833 370 920 ἀρχήν
392 835 599 918 ποιήσασθαι
615 843 677 900 τοῦ
695 836 811 917 λόγου·
834 828 904 900 εἶτα
926 835 988 919 τήν
1010 834 1113 920 φάσιν

99 939 206 1022 αὐτήν
225 939 268 1024 ήν
289 936 386 1018 οὗτος
406 939 582 1023 ἐποιήσατο
604 940 686 1004 κατά
706 949 766 1006 τοῦ
786 942 955 1018 Μίκωνος.
985 939 1070 1025 λε’γε.

537 1132 674 1186 ΝΟΜΟΣ.

63 1279 81 1319 ε
163 1255 198 1321 Ὁ
222 1261 325 1343 νόμος
347 1253 443 1335 οὗτος
466 1251 492 1322 ὦ
515 1257 636 1342 ἀνδρες
662 1254 814 1323 δικασταί
840 1268 910 1335 τοῖς
936 1279 1114 1346 προαιρου-

97 1361 213 1450 μένοις
234 1363 255 1448 ή
278 1363 467 1449 γράφεσθαι
489 1362 619 1448 γραφάς
640 1361 663 1446 ή
684 1366 817 1448 φαίνειν
840 1362 861 1448 ή
884 1365 965 1429 ἀλλο
988 1386 1021 1429 τι
1042 1384 1115 1429 ποι-

97 1481 152 1536 εῖν
181 1481 248 1536 τῶν
278 1469 315 1536 ἐν
343 1478 388 1558 τῷ
423 1471 515 1557 νόμφ
549 1469 655 1558 τούτῳ
689 1466 927 1554 γεγραμμένων
961 1467 1115 1555 προλέγει

98 1577 306 1662 διαρρήδην,
343 1571 394 1660 ἐφ’
430 1566 481 1652 οἷς
512 1573 656 1660 ἕκαστόν,
687 1573 757 1640 ἐστι
786 1575 914 1640 τούτων
949 1571 1114 1660 ποιητέον.

98 1685 171 1748 ἐστι
195 1677 232 1748 δὲ
255 1679 368 1766 ταῦθ’,
396 1681 505 1767 ὥσπερ
533 1677 688 1764 ἠκούσατ’
717 1679 749 1758 ἐξ
778 1681 882 1748 αὐτοῦ
909 1691 969 1748 τοῦ
995 1683 1115 1767 νόμον,

98 1789 162 1855 ἐάν
184 1787 323 1866 ἐπεξιών
344 1811 394 1865 τις
416 1789 460 1873 μή
488 1787 654 1874 μεταλάβῃ
681 1788 719 1852 τὸ
746 1784 895 1871 πέμπτου
922 1786 1020 1874 μέρος
1047 1798 1114 1853 τῶν

95 1898 235 1980 ψήφων,
252 1897 359 1980 χιλίας
376 1892 557 1978 ἀποτίνειν,
574 1892 637 1958 κάν
656 1894 700 1978 μή
720 1891 829 1980 ἐπεξίη
847 1889 879 1977 γ’
897 1889 924 1959 ὦ
940 1895 1115 1979 Θεοκρίνη,

96 2003 207 2088 χιλίας
226 1997 426 2085 ε’τέρας,,ῗνα
444 2000 523 2084 μήτε
543 2006 734 2084 συκοφαντῇ
753 1998 879 2082 μηδείς,
902 1995 975 2083 μήτ’
998 1999 1115 2064 ἀδειαν

97 2110 187 2192 ἔχων
209 2103 372 2190 ἐργολαβῇ
395 2101 450 2169 καὶ
472 2109 623 2188 καθυφιῇ
646 2104 686 2167 τά
708 2112 765 2187 τῆς
786 2105 922 2179 πόλεως.
964 2101 1049 2188 φημί
1072 2105 1114 2188 δή

97 2212 184 2278 κατὰ
206 2209 329 2292 ταύτην
351 2209 413 2293 τήν
436 2206 579 2287 ἐνδειξιν
601 2210 719 2294 ἔνοχον
741 2203 828 2273 εἶναι
851 2211 1046 2294 Θεοκρίνην,
1068 2216 1113 2296 τῷ

99 2317 255 2403 φήναντα
277 2317 421 2380 Μίκωνα
445 2316 630 2398 Χολλείδηυ
653 2314 697 2398 μή
725 2311 931 2395 ἐπεξελθεῖν,
958 2309 1031 2378 ἀλλ’
1058 2313 1115 2399 ἀρ-

67 2421 224 2506 τγύριον
242 2417 374 2505 λαβόντ’
398 2418 587 2486 ἀποδόσθαι
609 2421 646 2487 τὸ
668 2427 812 2505 πρᾶγμα.
851 2417 907 2484 καὶ
924 2414 1013 2485 τοῦτ’
1035 2417 1115 2486 ἀπο-

100 2525 201 2605 δείξω
225 2536 349 2613 σαφῶς,
373 2525 417 2604 ὡς
439 2525 504 2609 ἐγὼ
526 2527 658 2610 νομίζω
685 2527 807 2592 ,καίτοι
829 2527 1010 2611 Θεοκρίνης
1031 2519 1062 2609 γ’
1088 2521 1115 2592 ἀ

100 2634 224 2719 ἄνδρες
252 2629 403 2702 δικασταὶ
428 2629 484 2700 καὶ
510 2631 547 2698 οί
570 2632 651 2716 μετά
679 2631 814 2716 τούτου,
842 2627 942 2698 οάδέν
970 2631 989 2697 ὅ
1014 2654 1047 2697 τι
1073 2631 1114 2699 οὐ

100 2741 300 2823 πεποιήκασι
322 2741 517 2827 προσιόντες
533 2749 602 2815 τοῖς
620 2737 774 2824 μάρτυσι,
796 2738 835 2803 τά
857 2733 918 2822 μὲν
941 2736 1115 2804 ἀπειλοῦν-

88 2867 156 2922 τες
178 2845 300 2930 αὐτοῖς,
322 2845 362 2915 τά
386 2841 425 2915 δὲ
444 2848 619 2921 πείθοντες
636 2845 681 2928 μή
700 2853 888 2930 μαρτυρεῖν.
931 2842 1009 2910 ἀλλ’
1027 2845 1115 2931 ὅμως
1125 2860 1193 2910 1324

102 2950 163 3022 ἐὰν
189 2949 284 3035 ὑμεῖς
310 2951 479 3035 βούλησθε
505 2950 545 3016 τά
575 2951 687 3016 δίκαια
713 2953 854 3034 βοηθεῖν
880 2972 952 3034 μοι,
979 2948 1034 3016 καί
1062 2975 1115 3018 κε-

102 3053 212 3142 λεύητ’
249 3057 385 3140 αὐτοὺς,
421 3062 549 3142 μᾶλλον
581 3053 613 3122 δ’
651 3054 891 3139 ἀναγκάζοντος
922 3055 1004 3141 ἐμοῦ
1036 3073 1115 3122 συν-

103 3163 322 3248 αναγκάζητε,
357 3163 430 3246 ήτοι
462 3171 642 3248 μαρτυρεῖν
672 3160 694 3246 ή
726 3159 949 3246 ἐξόμνυσθαι,
983 3159 1038 3227 καί
1069 3163 1114 3246 μή

104 3267 177 3336 ἐᾶτε
207 3265 483 3352 λόγονςλέγειν,
517 3267 733 3352 εὑρεθήσεται
751 3266 912 3352 τάληθές.
957 3263 1026 3349 λέγ’
1052 3260 1114 3335 οὖν

103 3385 236 3462 πρῶτον
258 3370 321 3461 μὲν
342 3375 403 3460 τήν
425 3373 540 3460 φάσιν,
562 3368 632 3440 εἶτα
653 3374 711 3452 τὰς
732 3377 922 3460 μαρτυρίας.
