2650 3918
430 201 526 251 RATA
545 197 768 254 οωοΚΡιωου.
1057 179 1122 264 2833

112 363 138 426 6·
156 362 275 445 δημος,
298 361 343 436 ὡς
365 360 526 447 δυσχερὴς
547 361 592 438 ὡς
613 359 806 448 ἀχάριστος,
828 363 938 449 ὥσπερ
961 362 1047 446 ὑμᾶς
1069 362 1125 428 διά
1137 371 1204 431 1342

114 468 252 542 τούτους
269 465 506 551 εὐποροῦντας,
529 467 571 532 ού
588 468 727 544 τούτους
745 468 802 533 διὰ
819 469 878 536 τὸν
898 470 1014 553 δῆμον.
1041 467 1125 534 ἀλλὰ
1185 509 1186 512 =

113 573 176 659 γὰρ
200 575 334 648 εἰκότως
355 568 452 637 ταῦθ’
481 567 575 638 οὗτοι
601 571 774 656 λέγουσιν,
801 572 942 659 δρῶντες
963 575 1025 658 την
1047 573 1126 658 ὑμε-

111 676 211 765 τέραν
235 679 416 767 ρᾳθυμίαν.
460 677 583 745 οὐδένα
606 679 668 764 γάρ
693 677 791 757 ἀξίως
812 678 923 744 αὐτῶν
945 689 1005 763 της
1023 701 1125 764 πονη-

111 788 187 869 ρίας
203 785 441 870 τετιμώρησθε,
463 780 535 850 ἀλλ’
558 782 737 867 ὑπομένετε
756 787 923 869 λεγόντων
942 785 1063 870 αὐτῶν,
1082 787 1128 863 ὡς
1189 803 1193 809 “

110 890 134 972 ἡ
156 899 218 956 τοῦ
240 891 347 974 δήμου
372 893 516 976 σωτηρία
539 890 595 955 διδι
617 901 684 955 τῦν
706 888 928 976 γραφομένων
950 889 1005 956 καὶ
1028 908 1126 957 συκο·

111 995 331 1080 φαντούντων
349 994 453 1063 ἐστίν·
478 990 526 1062 ὧν
543 994 640 1081 γένος
663 995 881 1083 ἐξωλέστερον
905 995 1004 1062 οὐδέν
1028 997 1126 1065 ἐστιν.

68 1119 98 1160 ει
112 1105 149 1166 τί
166 1101 230 1186 γάρ
254 1103 296 1167 ἀν
318 1125 369 1179 τις
389 1102 530 1180 τούτους
557 1103 651 1188 εύροι
678 1107 860 1188 χρησίμους
888 1104 986 1179 ὄντας
1006 1112 1047 1188 τη
1067 1107 1127 1170 πύ-

112 1212 179 1287 λει;’
201 1209 279 1285 τοὺς
302 1207 499 1285 ἀδικοῦντας
520 1209 563 1294 νη
582 1204 643 1273 Δί’
669 1203 763 1274 οὗτοι
784 1209 971 1293 κολάζουσι,
993 1206 1049 1274 καὶ
1071 1209 1127 1275 διὰ

113 1314 254 1390 τούτους
276 1313 432 1391 ἐλάττους
453 1311 540 1380 είσὶν
558 1313 687 1380 ἐκεῖνοι.
724 1315 765 1381 ού
788 1311 858 1399 δῆτ’
886 1310 913 1379 ὦ
936 1315 1058 1400 ἀνδρες
1079 1316 1128 1380 δι-

111 1423 241 1505 κασταί,
259 1418 344 1486 ἀλλὰ
361 1418 417 1486 καὶ
434 1423 583 1498 πλείους·
605 1422 729 1497 είδύτες
746 1421 810 1507 γὰρ
829 1422 865 1487 οί
878 1423 983 1487 κακόν
999 1444 1031 1485 τι
1049 1424 1128 1505 βου-

112 1529 248 1609 λόμενοι
266 1527 433 1613 πράττειν,
455 1526 507 1594 ὅτι
525 1528 655 1604 τούτοις
677 1523 746 1593 ἐστ’
773 1526 838 1594 ἀπὸ
860 1538 927 1593 τῶν
950 1527 1128 1612 λημμάτων

115 1634 150 1699 τὸ
173 1632 273 1719 μέρος
290 1631 419 1718 δοτέον,
442 1632 474 1712 ἐξ
498 1632 643 1718 ἀνάγκης
661 1636 760 1719 μείζω
780 1642 1018 1720 προαιροῦνται
1040 1633 1128 1717 παρὰ

113 1749 183 1808 τῶν
204 1741 316 1806 ἀλλων
338 1739 510 1826 ἁρπάζειν,
537 1741 594 1806 ἵνα
616 1740 660 1825 μὴ
684 1743 790 1825 μόνον
812 1739 939 1825 αὑτοῖς,
966 1738 1050 1806 ἀλλά
1071 1737 1128 1805 καὶ

70 1861 99 1902 65
114 1847 244 1922 τούτοις
266 1849 387 1932 ἔχωσιν
405 1845 606 1912 ἀναλίσκειν.
636 1844 693 1912 καί
714 1848 793 1922 τοῦς
814 1841 876 1931 μέν
898 1847 1031 1931 ἀλλους,
1054 1845 1128 1911 ὅσοι

112 1957 376 2037 κακουργοῦντες
397 1953 584 2036 βλάπτουσί
602 1975 635 2017 τι
656 1955 735 2029 τοὺς
757 1951 1029 2037 ἐντυγχάνοντας,
1050 1954 1129 2029 τοὺς

113 2052 177 2141 μὲν
208 2067 275 2122 τῶν
307 2063 393 2122 οἴκοι
424 2057 578 2144 φυλακὴν
610 2060 876 2141 καταστήσαντας
903 2054 1020 2143 σῴζειν
1048 2059 1144 2140 ἔστι,

113 2165 192 2240 τοὺς
212 2159 241 2227 δ’
261 2163 362 2227 ἔνδον
385 2159 544 2245 μένοντας
561 2169 619 2244 τῆς
635 2164 756 2239 νυκτὸς
772 2158 878 2246 μηδὲν
894 2151 1029 2246 παθεῖν,
1050 2163 1130 2238 τοὺς

114 2263 146 2331 δ’
174 2265 229 2332 ἑνί
252 2263 299 2356 τχύ
327 2289 365 2351 γε
391 2269 502 2355 τρόπῳ
529 2265 781 2352 φυλαξαμένους
807 2270 914 2334 ἔνεστι
942 2268 1128 2334 διώσασθαι

115 2372 268 2456 τὴντῶν
290 2374 393 2439 κακύν
415 2395 447 2437 τι
469 2371 684 2456 βουλομένων
702 2384 812 2439 ποιεῖν
834 2373 1030 2458 ε’πιβουλην·
1052 2375 1129 2450 τοὺς

114 2475 153 2544 δέ
166 2475 356 2545 τοιουτουσὶ
375 2478 596 2564 συκοφάντας,
617 2489 678 2544 ποῖ
693 2480 757 2566 χρὴ
773 2477 999 2564 πορευθέντας
1017 2478 1129 2558 ἀδείας

112 2585 202 2670 παρδι
227 2585 356 2651 τούτων
382 2595 511 2670 τυχεῖν;
538 2583 577 2649 αί
600 2585 664 2670 γὰρ
686 2596 754 2651 τῶν
783 2587 894 2651 ἀλλων
917 2584 1128 2670 ἀδικημάτων

113 2688 300 2776 καταφυγαὶ
320 2691 450 2768 τούτοις
476 2687 562 2756 είσὶν
590 2689 755 2777 ἐργασίαι,
781 2694 895 2776 νόμοι,
923 2693 1127 2779 δικαστήρια,

114 2798 287 2884 μάρτυρες,
306 2795 438 2884 ἀγοραί·
461 2795 499 2864 έν
517 2787 569 2874 οἷς
585 2798 644 2873 τὰς
660 2795 770 2864 αὑτῶν
792 2798 906 2885 ῥώμας
922 2797 1127 2866 ἐπιδείκνυν-

113 2928 179 2988 ται,
201 2908 320 2990 φίλους
342 2899 503 2987 μὲντοὺς
526 2904 682 2980 διδόντας
702 2907 901 2989 νομίζοντες,
923 2904 1067 2992 ἐχθρούς
1089 2901 1127 2973 δὲ

56 3041 60 3048 ’
90 3049 91 3054 1
113 3011 192 3087 τοὺς
214 3009 429 3095 ἀπράγμονας
453 3007 521 3092 [καί
543 3012 749 3092 πλουσίους].

75 3133 100 3174 ω
177 3111 462 3200 Ἀναμνησδέντες
480 3109 544 3180 οὖν
558 3109 584 3179 ὦ
598 3115 719 3201 ἀνδρες
736 3114 887 3184 δικασταὶ
904 3114 1034 3202 καὶτῆς
1051 3119 1128 3184 τού-

113 3245 181 3287 των
207 3225 367 3307 πονηρίας
395 3219 451 3286 καί
476 3231 544 3286 τῶν
570 3223 841 3306 προγύνωντῶν
862 3221 1048 3309 ἡμετέρων,
1066 3218 1127 3288 ,ὧν

109 3325 286 3414 Ἐπιχάρης
303 3322 365 3410 μὲν
383 3325 403 3392 δ
420 3327 552 3404 πάππος
564 3326 668 3411 οὑμὸς
684 3323 880 3412 Ὀλυμπίασι
897 3331 1035 3414 νικησας
1052 3339 1126 3394 παῖ-

115 3435 174 3510 δας
188 3434 325 3498 στάδιον
345 3431 553 3518 ἐστεφάνωσε
570 3433 633 3516 την
650 3435 762 3519 πόλιν,
783 3433 839 3499 καὶ
856 3435 945 3518 παρὰ
962 3445 1031 3509 τοῖς
1047 3431 1126 3516 ύμε-
1137 3452 1204 3502 1343

113 3536 220 3625 τέροις
232 3541 411 3624 προγόνοις
424 3537 548 3624 ἐπιεικῆ
564 3537 665 3616 δόξαν
684 3541 769 3626 ἔχων
787 3539 1010 3621 ἐτελεύτησεν·
1032 3535 1125 3620 ἡμεῖς

167 3651 291 3694 mmm.
317 3652 369 3694 τοι
382 3651 427 3693 m
931 3644 963 3690 ιο
