2658 3922
379 206 382 214 .
489 165 589 218 111202
607 163 831 218 ΚΑΛΛΙΚΑΕΑ.
1101 154 1167 222 231

157 330 315 414 δραχμῶν
341 324 515 411 ἀτίμητον,
541 325 577 392 ολ
600 320 635 408 γ’
667 320 746 392 οὐδὲ
778 324 981 405 πεντήκοντα
1014 320 1170 405 δραχμῶν

156 436 194 502 τὸ
227 432 384 519 παράπαν
415 429 531 498 ἅπαντ’
563 427 807 510 ἀπολυλέκασις
838 431 946 496 καίτοι
974 421 1117 492 σκοπεῖτ’
1144 419 1170 491 ὦ

157 541 279 627 ἀνδρες
310 540 477 621 δικασταί,
513 540 638 614 πόσους
669 535 734 602 ὑπὸ
770 544 838 602 τῶν
868 531 1001 600 ὑδάτων
1034 529 1071 596 έν
1102 539 1172 606 τοῖς

157 646 272 734 ἀγροῖς
293 643 484 730 βεβλάφθαι
507 639 705 728 συμβέβηκε,
727 641 768 707 τὰ
789 636 851 726 μέν
872 636 1050 720 Ἐλευσῖνι,
1070 635 1111 703 τά
1134 632 1167 701 δ’

158 752 195 820 έν
217 763 287 828 τοῖς
309 751 423 828 ἀλλοις
443 752 566 826 τόποις.
607 744 683 816 ἀλλ’
709 746 750 814 ού
778 747 886 831 δήπου
908 745 1052 828 τούτων,
1079 737 1105 809 ὦ
1128 750 1170 828 γη

157 855 215 924 καὶ
244 854 339 941 θεοὶ,
374 855 463 942 παρὰ
494 865 562 921 τῶν
592 856 754 940 γειτόνων
785 851 921 929 ἕκαστος
952 849 1083 929 ἀξιώσει
1114 848 1172 924 τάς

73 987 76 996 ’
117 983 145 1026 ιε
159 962 283 1048 βλάβας
309 965 513 1048 κομίζεσθαι.
555 955 807 1045 καλέγὼμέν,
834 957 875 1024 ὃν
901 965 1067 1045 προσῆκεν
1092 953 1172 1038 άγα-

154 1052 290 1136 Ινακτεῖυ
312 1077 370 1153 τῆς
397 1067 481 1135 ὁδοῦ
509 1064 701 1152 στενοτέρας
726 1061 947 1150 γεγενημένης
973 1060 1028 1130 καὶ
1055 1073 1172 1148 μετεω-

159 1173 306 1262 ροτέρας,
328 1174 471 1260 ἡσυχίαν
495 1173 734 1260 ἔχω’·τούτοις
761 1167 799 1237 δέ
824 1179 986 1237 τοσοῦτον
1006 1171 1173 1255 περίεστιν

157 1281 202 1358 ὡς
236 1283 363 1366 ίοικευ,’
400 1279 484 1346 ὥστε
520 1281 598 1356 τοὺς
634 1275 854 1364 ἠδικημένους
889 1277 971 1363 πρὸς
1007 1289 1251 1362 συκοφαν-εεεο

156 1396 284 1454 τοῦσιν.
328 1389 436 1454 καίτοι
459 1381 486 1452 ὦ
509 1387 707 1462 Καλλίκλεις
736 1385 768 1450 εί
788 1381 843 1451 καλ
864 1382 946 1468 ὑμῖν
967 1382 1173 1470 περιοικοδο-

157 1503 231 1576 μεῖν
268 1490 373 1570 έξεστι
409 1493 447 1559 τδ
483 1489 645 1578 ὑμέτερον
681 1489 793 1558 αὐτῶν
831 1493 972 1578 χωρίον,
1006 1486 1062 1555 καί
1093 1487 1173 1573 ήμῖυ

154 1600 267 1684 δήπου
288 1599 328 1666 τό
350 1596 510 1687 ήμέτερον
533 1597 620 1682 ἐξῆν.
656 1598 688 1664 εί
704 1594 736 1664 δ’
757 1598 777 1665 ὁ
795 1598 901 1682 πατήρ
924 1595 944 1663 ὁ
967 1593 1045 1680 έμὸς
1065 1595 1174 1680 ήδίκει

157 1706 421 1792 περιοικοδομῶν
447 1705 550 1791 ὑμᾶς,
581 1701 637 1769 καὶ
667 1713 733 1770 νῦν
763 1703 859 1788 ὑμεῖς
885 1699 921 1788 μ’
948 1700 1090 1768 ἀδικεῖτε
1117 1721 1174 1767 πε-

118 1831 145 1873 εο
159 1813 447 1897 ριοικοδομούντες
464 1811 585 1888 ούτυς·
608 1811 713 1894 δῆλον
730 1809 794 1896 γδρ
813 1810 864 1876 ὅτι
887 1808 1042 1894 μεγάλοις
1064 1811 1174 1885 λίθοις

157 1915 484 2002 ἀποικοδομηθέντος
515 1916 618 1983 πάλιν
648 1919 686 1982 τὸ
722 1916 816 2000 ὕδωρ
848 1916 896 1992 είς
926 1916 964 1981 τὸ
996 1913 1077 1999 έμὸν
1103 1913 1174 1998 ήξει

157 2025 293 2110 χοιρίον,
311 2018 377 2088 εὖθ’
401 2023 480 2088 ὅταν
497 2023 580 2108 τύχη
598 2024 779 2107 καταβαλεῖ
794 2022 856 2106 τήν
875 2019 1033 2106 αίμασιδυ
1050 2019 1173 2104 ἀπροσ-

159 2131 315 2212 δοκήτως.
365 2123 444 2193 ἀλλ’
480 2123 581 2192 οὐδὲν
617 2131 744 2210 μᾶλλον
780 2125 907 2210 έγκαλῶ
943 2125 1073 2202 τούτοις
1109 2124 1173 2210 ἐγὼ

159 2233 217 2300 διά
249 2239 368 2314 τοῦτο,
403 2229 488 2296 ἀλλά
524 2229 646 2317 στέρξω
684 2232 745 2316 τήν
782 2233 886 2318 τύχην
921 2227 977 2296 καὶ
1007 2228 1175 2314 τάμαυτοῦ

160 2337 342 2424 φυλάττειν
380 2336 587 2422 πειράσομαι.
635 2335 698 2402 καί
733 2336 799 2421 γάρ
834 2345 954 2404 τοῦτον
989 2337 1175 2422 φράττοντα

161 2441 222 2530 μὲν
251 2444 292 2510 τὰ
322 2440 442 2509 ἑαυτοῦ
477 2453 666 2529 σωφρονεῖν
696 2441 859 2527 ήγούμαι,
893 2443 1108 2526 δικαζόμενον
1137 2439 1178 2508 δέ

160 2575 218 2637 μοι
239 2550 468 2636 πονηρότατόν
489 2545 519 2615 τ’
542 2543 702 2615 εἶναικαὶ
721 2545 970 2635 διεφθαρμένον
987 2547 1053 2615 ὑπὸ
1070 2551 1175 2621 νόσον

160 2659 291 2743 νομίζω.

121 2783 147 2825 ει
226 2764 288 2848 Μή
315 2761 499 2846 θαυμάζετε
527 2758 558 2828 δ’
586 2756 612 2828 ὦ
640 2761 761 2845 ἀνδρες
789 2757 939 2827 δικασταί
965 2762 1026 2847 τήν
1053 2764 1174 2830 τούτοιν

162 2870 370 2955 προθυμίαν,
397 2864 475 2952 μηδ’
501 2869 534 2934 εί
559 2867 600 2933 τὰ
625 2868 734 2952 ψευδῆ
762 2877 957 2952 κατηγορεῖν
978 2877 1043 2935 νῦν
1064 2872 1174 2936 τετόλ-

157 2981 274 3060 μηκεν.
323 2970 379 3039 καὶ
411 2973 475 3058 γάρ
510 2969 566 3039 καί
598 2975 762 3060 πρότερον
795 2976 909 3050 πείσας
941 2974 1001 3040 τὸν
1035 2972 1175 3055 ἀνεψιὸν

161 3081 381 3166 ἀμφισβητεῖν
404 3101 461 3163 μοι
483 3087 544 3146 τοῦ
571 3083 712 3165 χωρίου,
740 3081 911 3163 συνθήκας
933 3079 974 3146 ού
997 3079 1177 3166 γενομένας

162 3186 343 3272 ἀπήνεγκε,
363 3181 420 3251 καὶ
442 3194 507 3252 νῦν
534 3184 633 3262 αύτδς
660 3185 787 3272 ἐρήμην
815 3182 1087 3272 καταδεδιῄτηται
1108 3210 1176 3255 τοι·

161 3294 265 3378 αύτην
299 3289 415 3378 ἑτέραν
450 3292 565 3376 δίκην,
599 3292 778 3377 Κάλλαρον
812 3291 1076 3379 ἐπιγραψάμενος
1108 3304 1176 3358 τῶν

162 3398 251 3484 έμῶυ
275 3398 417 3465 δούλων.
453 3399 536 3484 πρὸς
557 3397 622 3483 γάρ
644 3409 714 3474 τοῖς
731 3398 845 3475 άλλοις
858 3407 978 3474 ’κακοῖς
995 3394 1052 3462 καὶ
1073 3393 1172 3462 τοῦθ’

155 3505 318 3590 εύρηνται
348 3507 507 3590 σόφισμα·
538 3503 704 3590 Καλλάρῳ
733 3504 794 3587 τήν
825 3501 929 3586 αύτήν
959 3503 1056 3583 δίκην
1085 3499 1178 3564 δικά-
