2654 3926
464 210 560 261 RATA
577 210 776 262 Συεοεαον
793 211 826 264 A.
1107 207 1149 272 89

136 369 260 453 τύχην,
282 361 304 455 ᾖ
327 369 409 464 πρὸς
430 369 516 452 ἡμᾶς
537 365 678 454 ἀφίκετ’,
700 367 805 455 ἀρχήν
829 369 940 453 λαβδιν
966 367 1073 452 πάσης
1094 377 1151 451 τῆς

95 491 122 532 7⁸
136 485 202 542 νῦν
224 476 393 561 παρούσης
420 475 641 560 εὐδαιμονίας.
687 475 811 541 οὐκοῦν
840 477 953 542 δεινὸν
982 470 1007 539 ὦ
1031 483 1073 558 γή
1096 471 1152 540 καὶ

137 579 213 646 θεοὶ
231 578 287 646 καὶ
304 578 389 668 πέρα
408 581 534 665 δεινοῦ,
551 583 630 657 τοὺς
642 577 789 665 Ἕλληνα
806 577 868 664 μέν
886 578 961 646 ἀντὶ
978 579 1150 664 βαρβάρου

137 689 353 771 ποιήσαντας,
375 688 546 772 γνώριμον
569 683 600 751 δ’
626 683 696 750 ἀντ’
724 685 954 770 ἀνδραπόδου,
981 685 1150 751 τοσούτων

137 789 168 856 δ’
195 791 334 876 ἀγαθῶν
356 791 540 876 ἡγεμόνας,
561 792 700 867 τούτους
720 801 880 877 περιορᾶν
903 790 941 857 ἐν
963 801 1033 868 ταῖς
1056 789 1151 876 ἐσχά-

4 914 7 921 “
136 921 207 974 ταις
235 897 386 982 ἀπορίαις
413 897 511 974 όντας
539 899 655 982 έχοντα
682 894 737 962 καὶ
763 901 990 982 πλουτοῦντα,
1021 894 1076 962 καὶ
1103 897 1151 973 είς

136 1000 233 1069 τοῦθ’
258 1003 353 1086 ήκειν
375 1001 556 1086 ἀναιδείας,
579 999 679 1086 ὥσθ’,
700 996 740 1085 ής
753 999 830 1087 παρ’
856 1001 950 1086 ἡμῶν
973 1002 1073 1087 τύχης
1095 1025 1151 1086 με-

96 1127 123 1166 ⁷4
136 1109 240 1195 τέσχε,
262 1110 383 1193 ταύτης
402 1108 483 1192 ήμίν
501 1109 546 1192 μή
564 1113 690 1191 τολμᾶν
708 1109 918 1192 μεταδυῶνακ
955 1105 1028 1172 ἀλλ’
1053 1107 1152 1184 αὐτὸς

137 1213 198 1300 μὲν
221 1215 282 1282 οὐκ
301 1217 429 1299 ὤκνησε
452 1215 513 1299 τήν
532 1212 712 1280 δέσποιναν
735 1223 848 1299 γήμαι,
863 1212 925 1280 ’καὶ
947 1213 969 1298 ἢ
992 1213 1032 1278 τά
1054 1237 1151 1278 κατα-

136 1319 277 1407 χύσματ’
311 1321 415 1386 αὐτοῦ
446 1318 598 1406 κατέχεεν
629 1317 705 1386 τόθ’
738 1317 827 1404 ἡνίκ’
862 1319 1017 1404 ἐωνήθη,
1049 1319 1150 1404 ταύτη
1161 1337 1229 1387 1124

138 1437 302 1510 συνοικεῖ,
332 1421 413 1492 ούδέ
443 1436 564 1512 προῑκα
595 1425 692 1491 πέντε
723 1422 863 1490 τάλανθ’
896 1425 985 1512 αὑτῷ
1015 1424 1152 1509 γράψαι,

136 1531 238 1620 χωρὶς
270 1527 317 1599 ἀν
347 1531 450 1616 ούσης
478 1539 536 1614 τῆς
567 1532 689 1616 μητρὸς
721 1535 838 1616 κυρίας
866 1527 964 1608 οὗτος
993 1529 1152 1614 ἐγκρατής

138 1637 275 1723 γέγονεν
305 1641 439 1704 πολλῶν
470 1636 647 1722 χρημάτων
675 1634 724 1722 (τί
747 1637 810 1721 γὰρ
838 1636 942 1702 αὐτὸν
972 1633 1080 1702 οἴεσθ’
1105 1637 1153 1713 είς

137 1745 195 1822 τάς
209 1745 372 1828 διαθήκας
386 1741 549 1828 ἐγγράψαι
567 1739 640 1808 ςκαὶ
657 1743 772 1827 τάλλα,
795 1741 857 1808 ὅσα
875 1740 978 1827 ἐστὶν,
993 1739 1152 1828 Ἀρχίππη

139 1846 306 1936 δίδωμι;’)
339 1849 397 1926 τάς
429 1846 461 1913 δ’
494 1846 653 1933 ἡμετέρας
682 1846 870 1931 θυγατέρας
898 1849 1083 1932 μελλούσας
1105 1843 1150 1913 δι’

98 1973 125 2015 ⁷⁶
138 1958 271 2022 ἔνδειαν
299 1953 498 2031 ἀνεκδότους
524 1956 625 2021 ἔνδον
651 1955 830 2040 γηράσκειν
852 1963 1001 2042 περιορᾷ.
1045 1951 1101 2019 καὶ
1123 1956 1155 2019 εί

138 2059 200 2147 μὲν
221 2059 323 2144 πένης
352 2055 449 2137 οὗτος
469 2055 529 2144 ήν,
555 2060 649 2144 ήμείς
676 2057 707 2125 δ’
734 2045 954 2143 εὐποροῦντες
977 2059 1154 2144 ἐτυγχάνο-

140 2191 213 2252 μεν,
235 2163 291 2232 καλ
314 2163 437 2249 συνέβη
459 2187 492 2230 τι
509 2171 645 2248 παθεῖν,
667 2157 721 2230 οἷα
743 2162 854 2250 πόλλ’,
876 2163 962 2248 ἐμοί,
985 2165 1020 2230 οί
1039 2166 1155 2242 παῖδες

141 2272 192 2350 ἀνΙ
213 2271 248 2336 οί
274 2271 395 2336 τούτου
422 2281 488 2334 τῶν
515 2268 605 2354 ἐμῶν
626 2269 824 2356 θυγατέρων
847 2269 1092 2353 ἐπεδικάζοντο,
1121 2271 1157 2341 οί

140 2386 201 2444 τοῦ
225 2376 351 2442 δούλου
368 2386 436 2440 τῶν
453 2385 514 2442 τοῦ
536 2377 712 2441 δεσπότου·
734 2382 825 2441 θελοι
846 2375 910 2460 γάρ
934 2376 1020 2440 εἰσιν
1042 2375 1155 2454 αὐταῖς

141 2485 197 2550 διά
220 2485 257 2550 τὸ
281 2483 343 2566 τήν
365 2479 488 2566 μητέρα
506 2482 567 2565 τήν
586 2480 668 2565 ε’μήν
689 2490 810 2547 τοῦτον
833 2485 961 2565 λαβεῖν·
984 2479 1096 2566 ἐπειδή
1120 2479 1152 2547 δ’

140 2590 272 2675 ἀπόρως
289 2587 383 2671 ήμείς
400 2589 531 2673 ἔχομεν,
553 2595 731 2671 τηνικαῦτα
745 2584 776 2652 δ’
793 2587 834 2652 οὐ
854 2588 1055 2653 συνεκδώσει
1077 2589 1154 2654 ταύ-

140 2720 209 2781 τας,
233 2694 316 2762 ἀλλά
339 2692 428 2778 λέγει
450 2691 505 2759 καὶ
528 2696 689 2776 λογίζεται
711 2695 749 2759 τὸ
767 2698 898 2777 πλῆθος
919 2687 967 2760 ὧν
989 2693 1053 2777 ἐγῶ
1076 2719 1154 2780 χρη-

101 2803 254 2887 ναμάτων
282 2803 356 2887 ἔχοι.
400 2797 456 2865 καὶ
482 2800 545 2884 γάρ
575 2797 665 2865 τοῦτ’
691 2798 900 2866 ἀτοπώτατον
928 2799 1069 2864 πάντων.
1106 2793 1154 2865 ὧν

142 2905 203 2992 μὲν
226 2904 445 2991 ἀπεστέρηκεν
468 2905 553 2989 ἡμᾶς
570 2905 758 2992 χρημάτων,
781 2903 912 2971 οὐδέπω
935 2903 990 2971 καὶ
1011 2909 1154 2991 τήμερον

143 3012 307 3098 ήθέλησεν
326 3012 485 3097 ὑποσχεῖν
501 3013 561 3076 τὸν
579 3014 692 3094 λόγον,
715 3010 799 3076 ἀλλά
817 3009 894 3098 μηδ’
916 3013 1155 3094 εἰσαγωγίμους

143 3115 230 3185 εἶναι
261 3119 318 3194 τὰς
350 3119 443 3194 δίκας
473 3117 739 3203 παραγράφεται·
771 3113 862 3182 ἃδε
893 3127 959 3182 τῶν
991 3113 1154 3204 πατρῴων

145 3224 324 3308 ἐνειμάμην
347 3222 423 3306 ἐγὼ,
445 3231 548 3288 ταῦτα
567 3227 736 3306 λογίζεται.
772 3221 827 3289 καὶ
849 3225 927 3299 τοὺς
949 3219 1011 3307 μέν
1034 3225 1156 3300 ἀλλους

145 3331 187 3396 ἀν
209 3353 258 3406 τις
277 3331 344 3394 ίδοι
366 3330 445 3406 τοὺς
463 3327 589 3405 οίκέτας
605 3329 670 3395 ὑπὸ
689 3341 757 3394 τῶν
780 3330 949 3394 δεσποτῶν
973 3327 1156 3412 ἐξεταζομέ-

145 3455 237 3513 νους·
268 3431 365 3510 οὗτος
388 3432 419 3500 δ’
444 3434 525 3500 αὐτὸ
547 3434 743 3500 τούναντίον
766 3435 825 3500 τὸν
849 3435 1012 3517 δεσπότην
1035 3433 1053 3498 ὁ
1078 3433 1155 3496 δοῦ·

144 3547 201 3618 λος
226 3539 374 3623 ἐξετάζει,
397 3540 442 3616 ὡς
465 3541 546 3623 δήτα
569 3541 716 3623 πονηρὸν
739 3537 794 3604 καὶ
817 3541 946 3603 ἀσωτον
969 3536 1006 3600 ἐκ
1028 3536 1155 3600 τούτων
