<?xml version="1.0" encoding="UTF-8"?>
<!DOCTYPE html PUBLIC "-//W3C//DTD XHTML 1.0 Transitional//EN"
    "http://www.w3.org/TR/xhtml1/DTD/xhtml1-transitional.dtd">
<html xmlns="http://www.w3.org/1999/xhtml" xml:lang="en" lang="en">
 <head>
  <title>
</title>
<meta http-equiv="Content-Type" content="text/html;charset=utf-8" />
  <meta name='ocr-system' content='tesseract 3.04.00' />
  <meta name='ocr-capabilities' content='ocr_page ocr_carea ocr_par ocr_line ocrx_word'/>
</head>
<body>
  <div class='ocr_page' id='page_1' title='image "./orationes01demogoog_0329.png"; bbox 0 0 2658 3922; ppageno 0'>
   <div class='ocr_carea' id='block_1_1' title="bbox 211 155 914 232">
    <p class='ocr_par' dir='ltr' id='par_1_1' title="bbox 211 155 914 232">
     <span class='ocr_line' id='line_1_1' title="bbox 211 155 914 232; baseline -0.011 -12"><span class='ocrx_word' id='word_1_1' title='bbox 211 155 276 222; x_wconf 83' lang='grc'><strong><em>236</em></strong></span> <span class='ocrx_word' id='word_1_2' title='bbox 511 161 583 216; x_wconf 76' lang='lat' dir='ltr'><strong><em>m.</em></strong></span> <span class='ocrx_word' id='word_1_3' title='bbox 610 158 914 232; x_wconf 72' lang='grc' dir='ltr'><strong><em>[Λειτουοεοιονε]</em></strong></span> 
     </span>
    </p>
   </div>
   <div class='ocr_carea' id='block_1_2' title="bbox 168 314 1320 3582">
    <p class='ocr_par' dir='ltr' id='par_1_2' title="bbox 184 314 1320 2311">
     <span class='ocr_line' id='line_1_2' title="bbox 184 314 1231 405; baseline -0.002 -21"><span class='ocrx_word' id='word_1_4' title='bbox 184 317 310 396; x_wconf 67' lang='grc' dir='ltr'><strong><em>δαάτὸς</em></strong></span> <span class='ocrx_word' id='word_1_5' title='bbox 331 316 387 385; x_wconf 82' lang='grc' dir='ltr'><strong><em>καί</em></strong></span> <span class='ocrx_word' id='word_1_6' title='bbox 410 314 503 386; x_wconf 78' lang='grc' dir='ltr'><strong><em>οῦτοι</em></strong></span> <span class='ocrx_word' id='word_1_7' title='bbox 530 317 598 405; x_wconf 89' lang='grc' dir='ltr'><strong><em>μετ’</em></strong></span> <span class='ocrx_word' id='word_1_8' title='bbox 625 320 738 388; x_wconf 81' lang='grc' dir='ltr'><strong><em>αὐτοῦ.</em></strong></span> <span class='ocrx_word' id='word_1_9' title='bbox 779 321 815 388; x_wconf 90' lang='grc' dir='ltr'><strong><em>οί</em></strong></span> <span class='ocrx_word' id='word_1_10' title='bbox 834 315 895 405; x_wconf 71' lang='grc' dir='ltr'><strong><em>μὲν</em></strong></span> <span class='ocrx_word' id='word_1_11' title='bbox 921 319 985 404; x_wconf 80' lang='grc' dir='ltr'><strong><em>γὰρ</em></strong></span> <span class='ocrx_word' id='word_1_12' title='bbox 1012 316 1122 384; x_wconf 84' lang='grc' dir='ltr'><strong><em>αῦτῦν</em></strong></span> <span class='ocrx_word' id='word_1_13' title='bbox 1146 315 1231 383; x_wconf 87' lang='grc' dir='ltr'><strong><em>ἀπέ-</em></strong></span> 
     </span>
     <span class='ocr_line' id='line_1_3' title="bbox 211 420 1230 512; baseline -0.002 -21"><span class='ocrx_word' id='word_1_14' title='bbox 211 429 349 491; x_wconf 88' lang='grc' dir='ltr'><strong><em>στελλον</em></strong></span> <span class='ocrx_word' id='word_1_15' title='bbox 371 423 408 492; x_wconf 90' lang='grc' dir='ltr'><strong><em>ἐκ</em></strong></span> <span class='ocrx_word' id='word_1_16' title='bbox 428 435 487 510; x_wconf 83' lang='grc' dir='ltr'><strong><em>τῆς</em></strong></span> <span class='ocrx_word' id='word_1_17' title='bbox 508 427 682 510; x_wconf 75' lang='grc' dir='ltr'><strong><em>Αἰγύπτου</em></strong></span> <span class='ocrx_word' id='word_1_18' title='bbox 704 426 746 492; x_wconf 80' lang='grc' dir='ltr'><strong><em>τὰ</em></strong></span> <span class='ocrx_word' id='word_1_19' title='bbox 767 428 929 512; x_wconf 79' lang='grc' dir='ltr'><strong><em>χρήματα,</em></strong></span> <span class='ocrx_word' id='word_1_20' title='bbox 950 425 987 492; x_wconf 87' lang='grc' dir='ltr'><strong><em>οί</em></strong></span> <span class='ocrx_word' id='word_1_21' title='bbox 1006 422 1037 490; x_wconf 89' lang='grc' dir='ltr'><strong><em>δ’</em></strong></span> <span class='ocrx_word' id='word_1_22' title='bbox 1064 420 1230 490; x_wconf 76' lang='grc' dir='ltr'><strong><em>ἐπέπλεον</em></strong></span> 
     </span>
     <span class='ocr_line' id='line_1_4' title="bbox 209 528 1229 618; baseline 0.001 -24"><span class='ocrx_word' id='word_1_23' title='bbox 209 540 281 607; x_wconf 70' lang='grc' dir='ltr'><strong><em>ταῖς</em></strong></span> <span class='ocrx_word' id='word_1_24' title='bbox 307 529 493 617; x_wconf 77' lang='grc' dir='ltr'><strong><em>ἐμπορίαις,</em></strong></span> <span class='ocrx_word' id='word_1_25' title='bbox 519 533 556 599; x_wconf 86' lang='grc' dir='ltr'><strong><em>οί</em></strong></span> <span class='ocrx_word' id='word_1_26' title='bbox 580 528 613 599; x_wconf 89' lang='grc' dir='ltr'><strong><em>δ’</em></strong></span> <span class='ocrx_word' id='word_1_27' title='bbox 641 530 764 599; x_wconf 86' lang='grc' dir='ltr'><strong><em>ἐνθάδε</em></strong></span> <span class='ocrx_word' id='word_1_28' title='bbox 791 531 947 618; x_wconf 88' lang='grc' dir='ltr'><strong><em>μένοντες</em></strong></span> <span class='ocrx_word' id='word_1_29' title='bbox 975 531 1159 597; x_wconf 71' lang='grc' dir='ltr'><strong><em>διετίθεντο</em></strong></span> <span class='ocrx_word' id='word_1_30' title='bbox 1184 530 1229 594; x_wconf 82' lang='grc' dir='ltr'><strong><em>τὰ</em></strong></span> 
     </span>
     <span class='ocr_line' id='line_1_5' title="bbox 211 632 1228 724; baseline 0.001 -24"><span class='ocrx_word' id='word_1_31' title='bbox 211 632 489 721; x_wconf 88' lang='grc' dir='ltr'><strong><em>ἀποστελλόμενα·</em></strong></span> <span class='ocrx_word' id='word_1_32' title='bbox 505 633 575 704; x_wconf 80' lang='grc' dir='ltr'><strong><em>εἶτα</em></strong></span> <span class='ocrx_word' id='word_1_33' title='bbox 590 639 672 724; x_wconf 86' lang='grc' dir='ltr'><strong><em>πρὸς</em></strong></span> <span class='ocrx_word' id='word_1_34' title='bbox 687 639 745 716; x_wconf 76' lang='grc' dir='ltr'><strong><em>τὰς</em></strong></span> <span class='ocrx_word' id='word_1_35' title='bbox 760 639 1002 722; x_wconf 85' lang='grc' dir='ltr'><strong><em>καθεστηκυίας</em></strong></span> <span class='ocrx_word' id='word_1_36' title='bbox 1016 636 1111 722; x_wconf 85' lang='grc' dir='ltr'><strong><em>τιμάς</em></strong></span> <span class='ocrx_word' id='word_1_37' title='bbox 1125 637 1228 719; x_wconf 80' lang='grc' dir='ltr'><strong><em>ἐπεμ-</em></strong></span> 
     </span>
     <span class='ocr_line' id='line_1_6' title="bbox 210 739 1222 830; baseline 0 -24"><span class='ocrx_word' id='word_1_38' title='bbox 210 760 276 807; x_wconf 92' lang='grc' dir='ltr'><strong><em>πον</em></strong></span> <span class='ocrx_word' id='word_1_39' title='bbox 297 741 470 828; x_wconf 87' lang='grc' dir='ltr'><strong><em>γράμματα</em></strong></span> <span class='ocrx_word' id='word_1_40' title='bbox 492 744 529 810; x_wconf 86' lang='grc' dir='ltr'><strong><em>οί</em></strong></span> <span class='ocrx_word' id='word_1_41' title='bbox 548 743 786 830; x_wconf 86' lang='grc' dir='ltr'><strong><em>ἐπιδημοῦντες</em></strong></span> <span class='ocrx_word' id='word_1_42' title='bbox 811 755 881 822; x_wconf 73' lang='grc' dir='ltr'><strong><em>τοῖς</em></strong></span> <span class='ocrx_word' id='word_1_43' title='bbox 906 742 1149 828; x_wconf 78' lang='grc' dir='ltr'><strong><em>ἀποδημοῦσιν,</em></strong></span> <span class='ocrx_word' id='word_1_44' title='bbox 1170 739 1222 807; x_wconf 79' lang='grc' dir='ltr'><strong><em>ἵν’</em></strong></span> 
     </span>
     <span class='ocr_line' id='line_1_7' title="bbox 210 843 1226 937; baseline 0 -25"><span class='ocrx_word' id='word_1_45' title='bbox 210 844 270 912; x_wconf 81' lang='grc' dir='ltr'><strong><em>ἐὰν</em></strong></span> <span class='ocrx_word' id='word_1_46' title='bbox 298 843 360 932; x_wconf 75' lang='grc' dir='ltr'><strong><em>μὲν</em></strong></span> <span class='ocrx_word' id='word_1_47' title='bbox 388 846 465 935; x_wconf 90' lang='grc' dir='ltr'><strong><em>παρ’</em></strong></span> <span class='ocrx_word' id='word_1_48' title='bbox 498 850 580 936; x_wconf 81' lang='grc' dir='ltr'><strong><em>ῦμίυ</em></strong></span> <span class='ocrx_word' id='word_1_49' title='bbox 613 854 720 935; x_wconf 88' lang='grc' dir='ltr'><strong><em>τίμιος</em></strong></span> <span class='ocrx_word' id='word_1_50' title='bbox 749 843 771 937; x_wconf 77' lang='grc' dir='ltr'><strong><em>ᾖ</em></strong></span> <span class='ocrx_word' id='word_1_51' title='bbox 801 850 819 916; x_wconf 85' lang='grc' dir='ltr'><strong>ὁ</strong></span> <span class='ocrx_word' id='word_1_52' title='bbox 850 860 957 928; x_wconf 75' lang='grc' dir='ltr'><strong><em>σῖτος,</em></strong></span> <span class='ocrx_word' id='word_1_53' title='bbox 991 851 1091 936; x_wconf 88' lang='grc' dir='ltr'><strong><em>δεῦρο</em></strong></span> <span class='ocrx_word' id='word_1_54' title='bbox 1120 847 1226 913; x_wconf 81' lang='grc' dir='ltr'><strong><em>αὐτὸν</em></strong></span> 
     </span>
     <span class='ocr_line' id='line_1_8' title="bbox 210 953 1225 1042; baseline 0.001 -24"><span class='ocrx_word' id='word_1_55' title='bbox 210 955 408 1040; x_wconf 88' lang='grc' dir='ltr'><strong><em>κομίσωσιν,</em></strong></span> <span class='ocrx_word' id='word_1_56' title='bbox 440 954 500 1022; x_wconf 82' lang='grc' dir='ltr'><strong><em>ἐάν</em></strong></span> <span class='ocrx_word' id='word_1_57' title='bbox 529 953 561 1022; x_wconf 92' lang='grc' dir='ltr'><strong><em>δ’</em></strong></span> <span class='ocrx_word' id='word_1_58' title='bbox 592 955 795 1042; x_wconf 74' lang='grc' dir='ltr'><strong><em>εὐωνότερος</em></strong></span> <span class='ocrx_word' id='word_1_59' title='bbox 822 955 972 1040; x_wconf 89' lang='grc' dir='ltr'><strong><em>γένηται,</em></strong></span> <span class='ocrx_word' id='word_1_60' title='bbox 1002 956 1050 1032; x_wconf 85' lang='grc' dir='ltr'><strong><em>είς</em></strong></span> <span class='ocrx_word' id='word_1_61' title='bbox 1078 956 1161 1022; x_wconf 83' lang='grc' dir='ltr'><strong><em>ἀλλο</em></strong></span> <span class='ocrx_word' id='word_1_62' title='bbox 1191 977 1225 1019; x_wconf 87' lang='grc' dir='ltr'><strong><em>τι</em></strong></span> 
     </span>
     <span class='ocr_line' id='line_1_9' title="bbox 210 1056 1225 1149; baseline 0.001 -25"><span class='ocrx_word' id='word_1_63' title='bbox 210 1061 481 1128; x_wconf 80' lang='grc' dir='ltr'><strong><em>καταπλεύσωσιν</em></strong></span> <span class='ocrx_word' id='word_1_64' title='bbox 499 1059 669 1148; x_wconf 86' lang='grc' dir='ltr'><strong><em>ἐμπόριον.</em></strong></span> <span class='ocrx_word' id='word_1_65' title='bbox 715 1061 798 1128; x_wconf 78' lang='grc' dir='ltr'><strong><em>ὅθεν</em></strong></span> <span class='ocrx_word' id='word_1_66' title='bbox 820 1084 881 1149; x_wconf 86' lang='grc' dir='ltr'><strong><em>περ</em></strong></span> <span class='ocrx_word' id='word_1_67' title='bbox 904 1061 966 1147; x_wconf 79' lang='grc' dir='ltr'><strong><em>οὐχ</em></strong></span> <span class='ocrx_word' id='word_1_68' title='bbox 987 1057 1091 1144; x_wconf 70' lang='grc' dir='ltr'><strong><em>ἥκιστ’</em></strong></span> <span class='ocrx_word' id='word_1_69' title='bbox 1113 1056 1140 1127; x_wconf 80' lang='grc' dir='ltr'>ὦ</span> <span class='ocrx_word' id='word_1_70' title='bbox 1164 1060 1225 1125; x_wconf 83' lang='grc' dir='ltr'><strong><em>ἀν-</em></strong></span> 
     </span>
     <span class='ocr_line' id='line_1_10' title="bbox 211 1164 1316 1252; baseline 0 -22"><span class='ocrx_word' id='word_1_71' title='bbox 211 1165 288 1249; x_wconf 92' lang='grc' dir='ltr'><strong><em>δρες</em></strong></span> <span class='ocrx_word' id='word_1_72' title='bbox 310 1164 461 1233; x_wconf 82' lang='grc' dir='ltr'><strong><em>δικασταὶ</em></strong></span> <span class='ocrx_word' id='word_1_73' title='bbox 488 1171 695 1252; x_wconf 74' lang='grc' dir='ltr'><strong><em>συνετιμήθη</em></strong></span> <span class='ocrx_word' id='word_1_74' title='bbox 721 1167 762 1233; x_wconf 80' lang='grc' dir='ltr'><strong><em>τὰ</em></strong></span> <span class='ocrx_word' id='word_1_75' title='bbox 789 1165 865 1252; x_wconf 83' lang='grc' dir='ltr'><strong><em>περὶ</em></strong></span> <span class='ocrx_word' id='word_1_76' title='bbox 891 1168 951 1233; x_wconf 85' lang='grc' dir='ltr'><strong><em>τὸν</em></strong></span> <span class='ocrx_word' id='word_1_77' title='bbox 977 1177 1070 1232; x_wconf 79' lang='grc' dir='ltr'><strong><em>σῖτον</em></strong></span> <span class='ocrx_word' id='word_1_78' title='bbox 1096 1164 1133 1230; x_wconf 90' lang='grc' dir='ltr'><strong><em>ἐκ</em></strong></span> <span class='ocrx_word' id='word_1_79' title='bbox 1154 1176 1225 1231; x_wconf 82' lang='grc' dir='ltr'><strong><em>τῶν</em></strong></span> <span class='ocrx_word' id='word_1_80' title='bbox 1315 1239 1316 1250; x_wconf 34' lang='grc'><strong><em>,</em></strong></span> 
     </span>
     <span class='ocr_line' id='line_1_11' title="bbox 184 1265 1224 1360; baseline 0 -24"><span class='ocrx_word' id='word_1_81' title='bbox 184 1272 372 1338; x_wconf 73' lang='grc' dir='ltr'><strong><em>ιτοιοότων</em></strong></span> <span class='ocrx_word' id='word_1_82' title='bbox 394 1271 577 1338; x_wconf 79' lang='grc' dir='ltr'><strong><em>ἐπιστολῶν</em></strong></span> <span class='ocrx_word' id='word_1_83' title='bbox 603 1270 660 1338; x_wconf 84' lang='grc' dir='ltr'><strong><em>καὶ</em></strong></span> <span class='ocrx_word' id='word_1_84' title='bbox 689 1284 883 1360; x_wconf 79' lang='grc' dir='ltr'><strong><em>συνεργιῶν.</em></strong></span> <span class='ocrx_word' id='word_1_85' title='bbox 924 1271 978 1338; x_wconf 84' lang='grc' dir='ltr'><strong><em>ὅτε</em></strong></span> <span class='ocrx_word' id='word_1_86' title='bbox 1000 1267 1061 1356; x_wconf 66' lang='grc' dir='ltr'><strong><em>μέν</em></strong></span> <span class='ocrx_word' id='word_1_87' title='bbox 1083 1265 1147 1337; x_wconf 83' lang='grc' dir='ltr'><strong><em>οὖν</em></strong></span> <span class='ocrx_word' id='word_1_88' title='bbox 1169 1269 1224 1336; x_wconf 92' lang='grc' dir='ltr'><strong><em>ἐν-</em></strong></span> 
     </span>
     <span class='ocr_line' id='line_1_12' title="bbox 209 1372 1224 1464; baseline 0.002 -23"><span class='ocrx_word' id='word_1_89' title='bbox 209 1373 312 1443; x_wconf 86' lang='grc' dir='ltr'><strong><em>θένδε</em></strong></span> <span class='ocrx_word' id='word_1_90' title='bbox 342 1374 544 1444; x_wconf 83' lang='grc' dir='ltr'><strong><em>ἀπέστελλον</em></strong></span> <span class='ocrx_word' id='word_1_91' title='bbox 574 1372 668 1446; x_wconf 81' lang='grc' dir='ltr'><strong><em>οὗτοι</em></strong></span> <span class='ocrx_word' id='word_1_92' title='bbox 697 1380 759 1464; x_wconf 83' lang='grc' dir='ltr'><strong><em>τήν</em></strong></span> <span class='ocrx_word' id='word_1_93' title='bbox 785 1388 890 1461; x_wconf 89' lang='grc' dir='ltr'><strong><em>ναῦν,</em></strong></span> <span class='ocrx_word' id='word_1_94' title='bbox 919 1376 1067 1453; x_wconf 81' lang='grc' dir='ltr'><strong><em>ἐπιεικῶς</em></strong></span> <span class='ocrx_word' id='word_1_95' title='bbox 1088 1378 1224 1462; x_wconf 77' lang='grc' dir='ltr'><strong><em>ἔντιμον</em></strong></span> 
     </span>
     <span class='ocr_line' id='line_1_13' title="bbox 209 1481 1317 1568; baseline -0.002 -20"><span class='ocrx_word' id='word_1_96' title='bbox 209 1481 385 1548; x_wconf 75' lang='grc' dir='ltr'><strong><em>κατέλιπον</em></strong></span> <span class='ocrx_word' id='word_1_97' title='bbox 413 1483 473 1547; x_wconf 85' lang='grc' dir='ltr'><strong><em>τὸν</em></strong></span> <span class='ocrx_word' id='word_1_98' title='bbox 503 1493 610 1549; x_wconf 76' lang='grc' dir='ltr'><strong><em>σῖτον·</em></strong></span> <span class='ocrx_word' id='word_1_99' title='bbox 640 1484 695 1550; x_wconf 88' lang='grc' dir='ltr'><strong><em>διδ</em></strong></span> <span class='ocrx_word' id='word_1_100' title='bbox 724 1481 779 1549; x_wconf 84' lang='grc' dir='ltr'><strong><em>καλ</em></strong></span> <span class='ocrx_word' id='word_1_101' title='bbox 807 1481 987 1568; x_wconf 84' lang='grc' dir='ltr'><strong><em>ὑπέμειναν</em></strong></span> <span class='ocrx_word' id='word_1_102' title='bbox 1016 1481 1053 1549; x_wconf 89' lang='grc' dir='ltr'><strong><em>ἐν</em></strong></span> <span class='ocrx_word' id='word_1_103' title='bbox 1079 1491 1120 1568; x_wconf 77' lang='grc' dir='ltr'><strong><em>τῇ</em></strong></span> <span class='ocrx_word' id='word_1_104' title='bbox 1143 1499 1224 1567; x_wconf 82' lang='grc' dir='ltr'><strong><em>συγ·</em></strong></span> <span class='ocrx_word' id='word_1_105' title='bbox 1316 1487 1317 1546; x_wconf 74' lang='grc' dir='ltr'><strong><em>λ</em></strong></span> 
     </span>
     <span class='ocr_line' id='line_1_14' title="bbox 209 1585 1318 1686; baseline 0.003 -33"><span class='ocrx_word' id='word_1_106' title='bbox 209 1597 321 1673; x_wconf 80' lang='grc' dir='ltr'><strong><em>γραφή</em></strong></span> <span class='ocrx_word' id='word_1_107' title='bbox 339 1588 533 1670; x_wconf 78' lang='grc' dir='ltr'><strong><em>γράμασθαι</em></strong></span> <span class='ocrx_word' id='word_1_108' title='bbox 552 1590 599 1665; x_wconf 90' lang='grc' dir='ltr'><strong><em>είς</em></strong></span> <span class='ocrx_word' id='word_1_109' title='bbox 613 1586 759 1674; x_wconf 85' lang='grc' dir='ltr'><strong><em>Ἀθήνας</em></strong></span> <span class='ocrx_word' id='word_1_110' title='bbox 775 1593 883 1674; x_wconf 78' lang='grc' dir='ltr'><strong><em>πλεῦν,</em></strong></span> <span class='ocrx_word' id='word_1_111' title='bbox 904 1591 951 1667; x_wconf 86' lang='grc' dir='ltr'><strong><em>είς</em></strong></span> <span class='ocrx_word' id='word_1_112' title='bbox 969 1585 1000 1655; x_wconf 88' lang='grc' dir='ltr'><strong><em>δ’</em></strong></span> <span class='ocrx_word' id='word_1_113' title='bbox 1018 1590 1099 1656; x_wconf 85' lang='grc' dir='ltr'><strong><em>ἀλλο</em></strong></span> <span class='ocrx_word' id='word_1_114' title='bbox 1117 1586 1223 1674; x_wconf 73' lang='grc' dir='ltr'><strong><em>μηδὲν</em></strong></span> <span class='ocrx_word' id='word_1_115' title='bbox 1317 1598 1318 1686; x_wconf 73' lang='grc' dir='ltr'><strong><em>ή</em></strong></span> 
     </span>
     <span class='ocr_line' id='line_1_15' title="bbox 210 1688 1222 1781; baseline 0.002 -22"><span class='ocrx_word' id='word_1_116' title='bbox 210 1692 377 1779; x_wconf 85' lang='grc' dir='ltr'><strong><em>ἐμπόριον.</em></strong></span> <span class='ocrx_word' id='word_1_117' title='bbox 423 1691 504 1774; x_wconf 76' lang='grc' dir='ltr'><strong><em>μετὰ</em></strong></span> <span class='ocrx_word' id='word_1_118' title='bbox 531 1688 569 1759; x_wconf 75' lang='grc' dir='ltr'><strong><em>δέ</em></strong></span> <span class='ocrx_word' id='word_1_119' title='bbox 595 1690 687 1760; x_wconf 86' lang='grc' dir='ltr'><strong><em>ταῦτ’</em></strong></span> <span class='ocrx_word' id='word_1_120' title='bbox 714 1689 741 1758; x_wconf 79' lang='grc' dir='ltr'><strong>ὦ</strong></span> <span class='ocrx_word' id='word_1_121' title='bbox 768 1694 887 1781; x_wconf 83' lang='grc' dir='ltr'><strong><em>ἄνδρες</em></strong></span> <span class='ocrx_word' id='word_1_122' title='bbox 914 1694 1083 1778; x_wconf 88' lang='grc' dir='ltr'><strong><em>δικασταί,</em></strong></span> <span class='ocrx_word' id='word_1_123' title='bbox 1107 1693 1222 1780; x_wconf 78' lang='grc' dir='ltr'><strong><em>ἐπειδὴ</em></strong></span> 
     </span>
     <span class='ocr_line' id='line_1_16' title="bbox 210 1797 1222 1886; baseline 0.001 -20"><span class='ocrx_word' id='word_1_124' title='bbox 210 1798 422 1874; x_wconf 86' lang='grc' dir='ltr'><strong><em>ὁΣικελικὸς</em></strong></span> <span class='ocrx_word' id='word_1_125' title='bbox 439 1797 627 1876; x_wconf 91' lang='grc' dir='ltr'><strong><em>κατάπλους</em></strong></span> <span class='ocrx_word' id='word_1_126' title='bbox 645 1797 775 1882; x_wconf 88' lang='grc' dir='ltr'><strong><em>ἐγένετο</em></strong></span> <span class='ocrx_word' id='word_1_127' title='bbox 797 1797 854 1866; x_wconf 86' lang='grc' dir='ltr'><strong><em>καὶ</em></strong></span> <span class='ocrx_word' id='word_1_128' title='bbox 875 1800 913 1866; x_wconf 90' lang='grc' dir='ltr'><strong><em>αί</em></strong></span> <span class='ocrx_word' id='word_1_129' title='bbox 931 1797 1023 1886; x_wconf 81' lang='grc' dir='ltr'><strong><em>τιμαὶ</em></strong></span> <span class='ocrx_word' id='word_1_130' title='bbox 1044 1809 1104 1867; x_wconf 86' lang='grc' dir='ltr'><strong><em>τοῦ</em></strong></span> <span class='ocrx_word' id='word_1_131' title='bbox 1127 1803 1222 1867; x_wconf 83' lang='grc' dir='ltr'><strong><em>σίτου</em></strong></span> 
     </span>
     <span class='ocr_line' id='line_1_17' title="bbox 210 1900 1320 1990; baseline 0.003 -20"><span class='ocrx_word' id='word_1_132' title='bbox 210 1900 261 1970; x_wconf 86' lang='grc' dir='ltr'><strong><em>ἐπ’</em></strong></span> <span class='ocrx_word' id='word_1_133' title='bbox 283 1905 419 1969; x_wconf 80' lang='grc' dir='ltr'><strong><em>ἔλαττον</em></strong></span> <span class='ocrx_word' id='word_1_134' title='bbox 443 1901 595 1986; x_wconf 80' lang='grc' dir='ltr'><strong><em>ἐβάδιζον</em></strong></span> <span class='ocrx_word' id='word_1_135' title='bbox 617 1902 672 1970; x_wconf 85' lang='grc' dir='ltr'><strong><em>καὶ</em></strong></span> <span class='ocrx_word' id='word_1_136' title='bbox 694 1903 716 1989; x_wconf 81' lang='grc' dir='ltr'><em>ἡ</em></span> <span class='ocrx_word' id='word_1_137' title='bbox 737 1912 820 1981; x_wconf 93' lang='grc' dir='ltr'><strong><em>ναῦς</em></strong></span> <span class='ocrx_word' id='word_1_138' title='bbox 841 1904 862 1989; x_wconf 85' lang='grc' dir='ltr'><strong><em>ή</em></strong></span> <span class='ocrx_word' id='word_1_139' title='bbox 880 1905 1008 1971; x_wconf 86' lang='grc' dir='ltr'><strong><em>τούτων</em></strong></span> <span class='ocrx_word' id='word_1_140' title='bbox 1031 1903 1152 1990; x_wconf 76' lang='grc' dir='ltr'><strong><em>ἀνῆκτο</em></strong></span> <span class='ocrx_word' id='word_1_141' title='bbox 1174 1908 1222 1984; x_wconf 88' lang='grc' dir='ltr'><strong><em>είς</em></strong></span> <span class='ocrx_word' id='word_1_142' title='bbox 1319 1956 1320 1988; x_wconf 62' lang='grc'><strong><em>,</em></strong></span> 
     </span>
     <span class='ocr_line' id='line_1_18' title="bbox 209 2005 1220 2096; baseline 0.002 -19"><span class='ocrx_word' id='word_1_143' title='bbox 209 2016 393 2094; x_wconf 73' lang='grc' dir='ltr'><strong><em>Αἴγυπτον,</em></strong></span> <span class='ocrx_word' id='word_1_144' title='bbox 411 2007 539 2087; x_wconf 85' lang='grc' dir='ltr'><strong><em>εὐθέως</em></strong></span> <span class='ocrx_word' id='word_1_145' title='bbox 556 2005 654 2088; x_wconf 83' lang='grc' dir='ltr'><strong><em>οὗτος</em></strong></span> <span class='ocrx_word' id='word_1_146' title='bbox 670 2009 863 2078; x_wconf 87' lang='grc' dir='ltr'><strong><em>ἀποστέλλει</em></strong></span> <span class='ocrx_word' id='word_1_147' title='bbox 882 2007 944 2076; x_wconf 86' lang='grc' dir='ltr'><strong><em>τιν’</em></strong></span> <span class='ocrx_word' id='word_1_148' title='bbox 966 2012 1014 2088; x_wconf 86' lang='grc' dir='ltr'><strong><em>είς</em></strong></span> <span class='ocrx_word' id='word_1_149' title='bbox 1029 2011 1091 2096; x_wconf 82' lang='grc' dir='ltr'><strong><em>τὴν</em></strong></span> <span class='ocrx_word' id='word_1_150' title='bbox 1104 2009 1220 2079; x_wconf 89' lang='grc' dir='ltr'><strong><em>Ῥόδον</em></strong></span> 
     </span>
     <span class='ocr_line' id='line_1_19' title="bbox 210 2114 1220 2205; baseline 0.001 -22"><span class='ocrx_word' id='word_1_151' title='bbox 210 2116 459 2200; x_wconf 77' lang='grc' dir='ltr'><strong><em>ἀπαγγελοῦντα</em></strong></span> <span class='ocrx_word' id='word_1_152' title='bbox 485 2123 531 2203; x_wconf 76' lang='grc' dir='ltr'><strong><em>τῷ</em></strong></span> <span class='ocrx_word' id='word_1_153' title='bbox 559 2118 780 2205; x_wconf 75' lang='grc' dir='ltr'><strong><em>Παρμενίσκῳ</em></strong></span> <span class='ocrx_word' id='word_1_154' title='bbox 807 2125 852 2205; x_wconf 77' lang='grc' dir='ltr'><strong><em>τῷ</em></strong></span> <span class='ocrx_word' id='word_1_155' title='bbox 880 2125 1030 2204; x_wconf 75' lang='grc' dir='ltr'><strong><em>κοινωνῷ</em></strong></span> <span class='ocrx_word' id='word_1_156' title='bbox 1058 2114 1220 2184; x_wconf 90' lang='grc' dir='ltr'><strong><em>τάνθένδε</em></strong></span> 
     </span>
     <span class='ocr_line' id='line_1_20' title="bbox 211 2219 1218 2311; baseline 0.003 -22"><span class='ocrx_word' id='word_1_157' title='bbox 211 2224 482 2306; x_wconf 88' lang='grc' dir='ltr'><strong><em>[καθεστηκότα],</em></strong></span> <span class='ocrx_word' id='word_1_158' title='bbox 515 2219 658 2307; x_wconf 79' lang='grc' dir='ltr'><strong><em>ἀκριβῶς</em></strong></span> <span class='ocrx_word' id='word_1_159' title='bbox 686 2223 783 2300; x_wconf 78' lang='grc' dir='ltr'><strong><em>είδδις</em></strong></span> <span class='ocrx_word' id='word_1_160' title='bbox 812 2222 863 2289; x_wconf 81' lang='grc' dir='ltr'><strong><em>ὅτι</em></strong></span> <span class='ocrx_word' id='word_1_161' title='bbox 891 2221 1072 2306; x_wconf 76' lang='grc' dir='ltr'><strong><em>ἀναγκαῖον</em></strong></span> <span class='ocrx_word' id='word_1_162' title='bbox 1100 2230 1150 2309; x_wconf 73' lang='grc' dir='ltr'><strong><em>εἴη</em></strong></span> <span class='ocrx_word' id='word_1_163' title='bbox 1178 2235 1218 2311; x_wconf 74' lang='grc' dir='ltr'><strong><em>τῇ</em></strong></span> 
     </span>
    </p>

    <p class='ocr_par' dir='ltr' id='par_1_3' title="bbox 170 2323 1289 3370">
     <span class='ocr_line' id='line_1_21' title="bbox 170 2323 1221 2417; baseline 0 -21"><span class='ocrx_word' id='word_1_164' title='bbox 170 2347 195 2388; x_wconf 84' lang='lat'><strong><em>1⁰</em></strong></span> <span class='ocrx_word' id='word_1_165' title='bbox 208 2327 265 2415; x_wconf 81' lang='grc' dir='ltr'><strong><em>νηὶ</em></strong></span> <span class='ocrx_word' id='word_1_166' title='bbox 291 2340 470 2417; x_wconf 77' lang='grc' dir='ltr'><strong><em>προσσχεῖν</em></strong></span> <span class='ocrx_word' id='word_1_167' title='bbox 497 2330 545 2406; x_wconf 90' lang='grc' dir='ltr'><strong><em>είς</em></strong></span> <span class='ocrx_word' id='word_1_168' title='bbox 566 2325 691 2396; x_wconf 89' lang='grc' dir='ltr'><strong><em>Ῥόδον.</em></strong></span> <span class='ocrx_word' id='word_1_169' title='bbox 734 2326 835 2414; x_wconf 80' lang='grc' dir='ltr'><strong><em>πέρας</em></strong></span> <span class='ocrx_word' id='word_1_170' title='bbox 861 2323 892 2394; x_wconf 89' lang='grc' dir='ltr'><strong><em>δ’</em></strong></span> <span class='ocrx_word' id='word_1_171' title='bbox 919 2323 999 2413; x_wconf 81' lang='grc' dir='ltr'><strong><em>οὖν,</em></strong></span> <span class='ocrx_word' id='word_1_172' title='bbox 1020 2330 1133 2414; x_wconf 78' lang='grc' dir='ltr'><strong><em>λαβὼν</em></strong></span> <span class='ocrx_word' id='word_1_173' title='bbox 1155 2331 1221 2415; x_wconf 82' lang='grc' dir='ltr'><strong><em>γάρ</em></strong></span> 
     </span>
     <span class='ocr_line' id='line_1_22' title="bbox 207 2432 1217 2522; baseline -0.004 -17"><span class='ocrx_word' id='word_1_174' title='bbox 207 2438 227 2505; x_wconf 85' lang='grc' dir='ltr'><strong><em>ό</em></strong></span> <span class='ocrx_word' id='word_1_175' title='bbox 251 2438 481 2522; x_wconf 90' lang='grc' dir='ltr'><strong><em>Παρμενίσκος</em></strong></span> <span class='ocrx_word' id='word_1_176' title='bbox 508 2433 526 2500; x_wconf 87' lang='grc' dir='ltr'>ὁ</span> <span class='ocrx_word' id='word_1_177' title='bbox 553 2432 688 2502; x_wconf 86' lang='grc' dir='ltr'><strong><em>τουτουὶ</em></strong></span> <span class='ocrx_word' id='word_1_178' title='bbox 718 2436 879 2511; x_wconf 86' lang='grc' dir='ltr'><strong><em>κοινωνὸς</em></strong></span> <span class='ocrx_word' id='word_1_179' title='bbox 908 2434 949 2500; x_wconf 83' lang='grc' dir='ltr'><strong><em>τὰ</em></strong></span> <span class='ocrx_word' id='word_1_180' title='bbox 980 2434 1153 2520; x_wconf 83' lang='grc' dir='ltr'><strong><em>γράμματα</em></strong></span> <span class='ocrx_word' id='word_1_181' title='bbox 1180 2438 1217 2501; x_wconf 87' lang='grc' dir='ltr'><strong><em>τά</em></strong></span> 
     </span>
     <span class='ocr_line' id='line_1_23' title="bbox 207 2538 1219 2629; baseline 0 -21"><span class='ocrx_word' id='word_1_182' title='bbox 207 2542 296 2629; x_wconf 80' lang='grc' dir='ltr'><strong><em>παρὰ</em></strong></span> <span class='ocrx_word' id='word_1_183' title='bbox 322 2543 443 2608; x_wconf 85' lang='grc' dir='ltr'><strong><em>τούτου</em></strong></span> <span class='ocrx_word' id='word_1_184' title='bbox 470 2539 711 2625; x_wconf 89' lang='grc' dir='ltr'><strong><em>ἀποσταλέντα,</em></strong></span> <span class='ocrx_word' id='word_1_185' title='bbox 741 2538 797 2606; x_wconf 83' lang='grc' dir='ltr'><strong><em>καὶ</em></strong></span> <span class='ocrx_word' id='word_1_186' title='bbox 825 2543 1016 2625; x_wconf 87' lang='grc' dir='ltr'><strong><em>πυθόμενος</em></strong></span> <span class='ocrx_word' id='word_1_187' title='bbox 1042 2542 1100 2620; x_wconf 84' lang='grc' dir='ltr'><strong><em>τάς</em></strong></span> <span class='ocrx_word' id='word_1_188' title='bbox 1124 2543 1219 2627; x_wconf 82' lang='grc' dir='ltr'><strong><em>τιμὰς</em></strong></span> 
     </span>
     <span class='ocr_line' id='line_1_24' title="bbox 209 2644 1289 2734; baseline -0.001 -19"><span class='ocrx_word' id='word_1_189' title='bbox 209 2648 265 2726; x_wconf 77' lang='grc' dir='ltr'><strong><em>τὰς</em></strong></span> <span class='ocrx_word' id='word_1_190' title='bbox 294 2646 417 2714; x_wconf 80' lang='grc' dir='ltr'><strong><em>ἐνθάδε</em></strong></span> <span class='ocrx_word' id='word_1_191' title='bbox 447 2656 507 2715; x_wconf 89' lang='grc' dir='ltr'><strong><em>τοῦ</em></strong></span> <span class='ocrx_word' id='word_1_192' title='bbox 537 2650 630 2713; x_wconf 87' lang='grc' dir='ltr'><strong><em>σίτου</em></strong></span> <span class='ocrx_word' id='word_1_193' title='bbox 664 2649 921 2731; x_wconf 77' lang='grc' dir='ltr'><strong><em>καθεστηκυίας,</em></strong></span> <span class='ocrx_word' id='word_1_194' title='bbox 957 2644 1131 2734; x_wconf 79' lang='grc' dir='ltr'><strong><em>ἐξαιρεῖται</em></strong></span> <span class='ocrx_word' id='word_1_195' title='bbox 1159 2650 1217 2715; x_wconf 83' lang='grc' dir='ltr'><strong><em>τὸν</em></strong></span> <span class='ocrx_word' id='word_1_196' title='bbox 1226 2664 1289 2716; x_wconf 76' lang='lat'>1286</span> 
     </span>
     <span class='ocr_line' id='line_1_25' title="bbox 208 2750 1218 2841; baseline 0.001 -22"><span class='ocrx_word' id='word_1_197' title='bbox 208 2763 302 2820; x_wconf 80' lang='grc' dir='ltr'><strong><em>σῖτον</em></strong></span> <span class='ocrx_word' id='word_1_198' title='bbox 325 2750 362 2818; x_wconf 89' lang='grc' dir='ltr'><strong><em>ἐν</em></strong></span> <span class='ocrx_word' id='word_1_199' title='bbox 384 2761 424 2838; x_wconf 79' lang='grc' dir='ltr'><strong><em>τή</em></strong></span> <span class='ocrx_word' id='word_1_200' title='bbox 442 2750 544 2841; x_wconf 77' lang='grc' dir='ltr'><strong><em>Ῥόδῳ</em></strong></span> <span class='ocrx_word' id='word_1_201' title='bbox 566 2750 663 2819; x_wconf 79' lang='grc' dir='ltr'><strong><em>κάκεῖ</em></strong></span> <span class='ocrx_word' id='word_1_202' title='bbox 683 2750 890 2837; x_wconf 90' lang='grc' dir='ltr'><strong><em>ἀποδίδοται,</em></strong></span> <span class='ocrx_word' id='word_1_203' title='bbox 912 2757 1218 2840; x_wconf 78' lang='grc' dir='ltr'><strong><em>καταφρονήσαντες</em></strong></span> 
     </span>
     <span class='ocr_line' id='line_1_26' title="bbox 207 2854 1216 2945; baseline 0 -19"><span class='ocrx_word' id='word_1_204' title='bbox 207 2855 269 2945; x_wconf 69' lang='grc' dir='ltr'><strong><em>μὲν</em></strong></span> <span class='ocrx_word' id='word_1_205' title='bbox 291 2866 349 2943; x_wconf 79' lang='grc' dir='ltr'><strong><em>τῆς</em></strong></span> <span class='ocrx_word' id='word_1_206' title='bbox 371 2867 564 2945; x_wconf 80' lang='grc' dir='ltr'><strong><em>συγγραφῆς</em></strong></span> <span class='ocrx_word' id='word_1_207' title='bbox 586 2854 612 2923; x_wconf 80' lang='grc' dir='ltr'><strong><em>ἐι</em></strong></span> <span class='ocrx_word' id='word_1_208' title='bbox 635 2860 756 2943; x_wconf 84' lang='grc' dir='ltr'><strong><em>ἀνδρες</em></strong></span> <span class='ocrx_word' id='word_1_209' title='bbox 779 2856 929 2925; x_wconf 86' lang='grc' dir='ltr'><strong><em>δικασταὶ</em></strong></span> <span class='ocrx_word' id='word_1_210' title='bbox 949 2857 1006 2926; x_wconf 82' lang='grc' dir='ltr'><strong><em>καὶ</em></strong></span> <span class='ocrx_word' id='word_1_211' title='bbox 1028 2871 1095 2926; x_wconf 83' lang='grc' dir='ltr'><strong><em>τῶν</em></strong></span> <span class='ocrx_word' id='word_1_212' title='bbox 1117 2859 1216 2927; x_wconf 81' lang='grc' dir='ltr'><strong><em>ἐπιτι·</em></strong></span> 
     </span>
     <span class='ocr_line' id='line_1_27' title="bbox 207 2960 1216 3051; baseline 0.002 -20"><span class='ocrx_word' id='word_1_213' title='bbox 207 2968 310 3051; x_wconf 91' lang='grc' dir='ltr'><strong><em>μίων,</em></strong></span> <span class='ocrx_word' id='word_1_214' title='bbox 337 2963 359 3030; x_wconf 85' lang='grc' dir='ltr'><strong><em>δ</em></strong></span> <span class='ocrx_word' id='word_1_215' title='bbox 382 2964 634 3049; x_wconf 78' lang='grc' dir='ltr'><strong><em>συνεγράψαντο</em></strong></span> <span class='ocrx_word' id='word_1_216' title='bbox 662 2961 756 3032; x_wconf 82' lang='grc' dir='ltr'><strong><em>αὐτοὶ</em></strong></span> <span class='ocrx_word' id='word_1_217' title='bbox 784 2960 877 3032; x_wconf 74' lang='grc' dir='ltr'><strong><em>οὗτοι</em></strong></span> <span class='ocrx_word' id='word_1_218' title='bbox 903 2962 980 3031; x_wconf 87' lang='grc' dir='ltr'><strong><em>καθ’</em></strong></span> <span class='ocrx_word' id='word_1_219' title='bbox 1007 2965 1134 3051; x_wconf 77' lang='grc' dir='ltr'><strong><em>αὐτῶν,</em></strong></span> <span class='ocrx_word' id='word_1_220' title='bbox 1160 2965 1216 3033; x_wconf 91' lang='grc' dir='ltr'><strong><em>έάν</em></strong></span> 
     </span>
     <span class='ocr_line' id='line_1_28' title="bbox 206 3067 1216 3158; baseline 0.003 -22"><span class='ocrx_word' id='word_1_221' title='bbox 206 3095 239 3137; x_wconf 92' lang='grc' dir='ltr'><strong><em>τι</em></strong></span> <span class='ocrx_word' id='word_1_222' title='bbox 261 3073 506 3156; x_wconf 80' lang='grc' dir='ltr'><strong><em>παραβαίνωσι,</em></strong></span> <span class='ocrx_word' id='word_1_223' title='bbox 532 3073 840 3158; x_wconf 75' lang='grc' dir='ltr'><strong><em>καταφρονήσαντες</em></strong></span> <span class='ocrx_word' id='word_1_224' title='bbox 867 3067 905 3137; x_wconf 75' lang='grc' dir='ltr'><strong><em>δὲ</em></strong></span> <span class='ocrx_word' id='word_1_225' title='bbox 926 3082 994 3137; x_wconf 81' lang='grc' dir='ltr'><strong><em>τῶν</em></strong></span> <span class='ocrx_word' id='word_1_226' title='bbox 1015 3074 1129 3156; x_wconf 89' lang='grc' dir='ltr'><strong><em>νόμων</em></strong></span> <span class='ocrx_word' id='word_1_227' title='bbox 1151 3083 1216 3140; x_wconf 85' lang='grc' dir='ltr'><strong><em>τῶν</em></strong></span> 
     </span>
     <span class='ocr_line' id='line_1_29' title="bbox 206 3175 1216 3265; baseline 0 -21"><span class='ocrx_word' id='word_1_228' title='bbox 206 3175 393 3263; x_wconf 78' lang='grc' dir='ltr'><strong><em>ὑμετέρων,</em></strong></span> <span class='ocrx_word' id='word_1_229' title='bbox 429 3181 465 3245; x_wconf 82' lang='grc' dir='ltr'><strong><em>ολ</em></strong></span> <span class='ocrx_word' id='word_1_230' title='bbox 491 3178 666 3243; x_wconf 89' lang='grc' dir='ltr'><strong><em>κελεύουσι</em></strong></span> <span class='ocrx_word' id='word_1_231' title='bbox 703 3179 781 3254; x_wconf 85' lang='grc' dir='ltr'><strong><em>τοῦς</em></strong></span> <span class='ocrx_word' id='word_1_232' title='bbox 816 3180 1024 3265; x_wconf 87' lang='grc' dir='ltr'><strong><em>ναυκλήρους</em></strong></span> <span class='ocrx_word' id='word_1_233' title='bbox 1053 3175 1109 3243; x_wconf 81' lang='grc' dir='ltr'><strong><em>καὶ</em></strong></span> <span class='ocrx_word' id='word_1_234' title='bbox 1139 3180 1216 3256; x_wconf 87' lang='grc' dir='ltr'><strong><em>τοῦς</em></strong></span> 
     </span>
     <span class='ocr_line' id='line_1_30' title="bbox 208 3281 1215 3370; baseline 0.001 -20"><span class='ocrx_word' id='word_1_235' title='bbox 208 3284 362 3368; x_wconf 85' lang='grc' dir='ltr'><strong><em>ἐπιβάτας</em></strong></span> <span class='ocrx_word' id='word_1_236' title='bbox 384 3288 480 3350; x_wconf 79' lang='grc' dir='ltr'><strong><em>πλεῖν</em></strong></span> <span class='ocrx_word' id='word_1_237' title='bbox 501 3285 550 3361; x_wconf 92' lang='grc' dir='ltr'><strong><em>είς</em></strong></span> <span class='ocrx_word' id='word_1_238' title='bbox 571 3283 590 3348; x_wconf 82' lang='grc' dir='ltr'><strong><em>ό</em></strong></span> <span class='ocrx_word' id='word_1_239' title='bbox 613 3306 646 3348; x_wconf 90' lang='grc' dir='ltr'><strong><em>τι</em></strong></span> <span class='ocrx_word' id='word_1_240' title='bbox 668 3282 711 3349; x_wconf 88' lang='grc' dir='ltr'><strong><em>ἀν</em></strong></span> <span class='ocrx_word' id='word_1_241' title='bbox 729 3289 920 3350; x_wconf 79' lang='grc' dir='ltr'><strong><em>συνθῶνται</em></strong></span> <span class='ocrx_word' id='word_1_242' title='bbox 938 3283 1108 3370; x_wconf 86' lang='grc' dir='ltr'><strong><em>ἐμπόριον,</em></strong></span> <span class='ocrx_word' id='word_1_243' title='bbox 1130 3286 1162 3351; x_wconf 92' lang='grc' dir='ltr'><strong><em>εί</em></strong></span> <span class='ocrx_word' id='word_1_244' title='bbox 1178 3281 1215 3351; x_wconf 78' lang='grc' dir='ltr'><strong><em>δέ</em></strong></span> 
     </span>
    </p>

    <p class='ocr_par' dir='ltr' id='par_1_4' title="bbox 168 3384 1215 3582">
     <span class='ocr_line' id='line_1_31' title="bbox 168 3384 1215 3476; baseline 0 -20"><span class='ocrx_word' id='word_1_245' title='bbox 168 3408 191 3449; x_wconf 87' lang='lat'><strong><em>11</em></strong></span> <span class='ocrx_word' id='word_1_246' title='bbox 206 3392 270 3476; x_wconf 81' lang='grc' dir='ltr'><strong><em>μή,</em></strong></span> <span class='ocrx_word' id='word_1_247' title='bbox 298 3401 369 3467; x_wconf 82' lang='grc' dir='ltr'><strong><em>ταῖς</em></strong></span> <span class='ocrx_word' id='word_1_248' title='bbox 396 3393 562 3475; x_wconf 86' lang='grc' dir='ltr'><strong><em>μεγίσταις</em></strong></span> <span class='ocrx_word' id='word_1_249' title='bbox 593 3391 719 3473; x_wconf 78' lang='grc' dir='ltr'><strong><em>ζημίαις</em></strong></span> <span class='ocrx_word' id='word_1_250' title='bbox 747 3384 833 3454; x_wconf 78' lang='grc' dir='ltr'><strong><em>εἶναι</em></strong></span> <span class='ocrx_word' id='word_1_251' title='bbox 860 3387 1006 3475; x_wconf 77' lang='grc' dir='ltr'><strong><em>ἐνόχους.</em></strong></span> <span class='ocrx_word' id='word_1_252' title='bbox 1046 3387 1103 3455; x_wconf 85' lang='grc' dir='ltr'><strong><em>καλ</em></strong></span> <span class='ocrx_word' id='word_1_253' title='bbox 1123 3389 1215 3474; x_wconf 83' lang='grc' dir='ltr'><strong><em>ήμείς</em></strong></span> 
     </span>
     <span class='ocr_line' id='line_1_32' title="bbox 207 3493 1213 3582; baseline 0 -20"><span class='ocrx_word' id='word_1_254' title='bbox 207 3496 318 3581; x_wconf 86' lang='grc' dir='ltr'><strong><em>ἐπειδή</em></strong></span> <span class='ocrx_word' id='word_1_255' title='bbox 342 3495 477 3582; x_wconf 77' lang='grc' dir='ltr'><strong><em>τάχιστα</em></strong></span> <span class='ocrx_word' id='word_1_256' title='bbox 500 3494 695 3579; x_wconf 73' lang='grc' dir='ltr'><strong><em>ἐπυθόμεθα</em></strong></span> <span class='ocrx_word' id='word_1_257' title='bbox 717 3495 755 3562; x_wconf 85' lang='grc' dir='ltr'><strong><em>τὸ</em></strong></span> <span class='ocrx_word' id='word_1_258' title='bbox 777 3497 930 3578; x_wconf 90' lang='grc' dir='ltr'><strong><em>γεγονός,</em></strong></span> <span class='ocrx_word' id='word_1_259' title='bbox 957 3493 1213 3580; x_wconf 89' lang='grc' dir='ltr'><strong><em>ἐκπεπληγμένοι</em></strong></span> 
     </span>
    </p>
   </div>
   <div class='ocr_carea' id='block_1_3' title="bbox 0 0 1334 3922">
    <p class='ocr_par' dir='ltr' id='par_1_5' title="bbox 0 0 1334 3922">
     <span class='ocr_line' id='line_1_33' title="bbox 0 0 1334 3922; baseline 0 1"><span class='ocrx_word' id='word_1_260' title='bbox 0 0 1334 3922; x_wconf 95' lang='lat' dir='ltr'><strong><em> </em></strong></span> 
     </span>
    </p>
   </div>
  </div>
 </body>
</html>
