2658 3922
163 127 231 192 260
473 129 559 183 LVII.
584 127 863 181 ΔΗΜΟΣΘΕΝΟΤΣ

563 321 763 373 ΜΔΡΤΤΡΕΣ.

125 468 151 508 ιο
232 439 325 530 Λαβδ
348 445 391 530 δή
413 469 470 532 μοι
498 443 554 511 καὶ
582 447 639 523 τὰς
666 457 734 512 τῶν
764 443 938 533 φρατέρων
963 453 1031 512 τῶν
1058 461 1179 528 συγγε-

164 563 235 618 νῶν
256 562 324 618 τῶν
344 560 402 638 τής
424 553 546 639 μητρὸς
572 551 627 618 καὶ
654 553 806 638 δημοτῶν
831 555 1026 638 μαρτυρίας,
1048 547 1103 617 καὶ
1127 543 1180 616 ι”ιν

164 654 205 722 τά
225 659 377 744 μνήματα
398 658 510 724 ταῦτά.

564 798 769 853 ΜΑΡΤΤΡΙΔΙ.

235 923 282 988 T&
304 917 365 1008 μὲν
386 924 503 988 τοίνυν
526 932 586 988 τοῦ
613 921 732 1006 γένους
757 932 817 989 τοῦ
842 929 901 1004 τής
927 923 1048 1007 μητρὸς
1070 919 1178 998 οὕτως

163 1026 243 1112 ὑμῖν
271 1027 484 1112 ἐπιδεικνύω,
515 1025 570 1094 καὶ
596 1030 679 1114 πρὸς
706 1026 839 1114 ἀνδρῶν
870 1025 925 1094 καί
951 1031 1034 1114 πρὸς
1059 1051 1176 1111 γυναι·

162 1143 232 1199 κῶν
258 1132 370 1220 ἀστήν.
413 1142 452 1220 τῇ
483 1128 520 1199 δὲ
549 1132 647 1220 μητρὶ
677 1143 716 1221 τῇ
746 1133 807 1221 έμή
836 1136 983 1218 γάγνεται
1006 1129 1032 1200 ὦ
1055 1134 1176 1219 ἀνδρες

163 1238 314 1306 δικασταὶ
336 1242 373 1308 τὸ
397 1236 458 1325 μὲν
485 1251 618 1325 πρῶτον
645 1239 682 1306 έκ
706 1239 950 1328 Πρωτομάχου,
977 1231 1004 1328 β
1027 1239 1132 1325 αὐτὴν
1156 1240 1175 1307 δ

167 1346 370 1432 Τιμοκράτης
399 1347 596 1433 ὁμομήτριος
628 1344 684 1413 καὶ
718 1345 917 1432 ὁμοπάτριος
950 1345 998 1411 ὢν
1031 1345 1175 1432 ἀδελφὸς

162 1451 276 1537 ἔδωκε,
302 1448 470 1538 θυγάτηρ,
497 1447 567 1517 εἶτα
590 1450 627 1517 έκ
649 1460 710 1518 τοῦ
731 1454 854 1538 πατρὸς
875 1450 1000 1537 τούμοῦ
1023 1450 1095 1534 ἐγώ.
1132 1449 1173 1516 δν

163 1552 200 1621 δὲ
226 1559 350 1643 τρόπον
378 1565 423 1644 τῷ
452 1555 619 1646 πατρὶ-τῷ
648 1555 715 1646 έμςῦ
744 1553 933 1646 συνῴκησε,
959 1554 1056 1624 ταῦθ’
1087 1557 1174 1643 ὑμᾶς

162 1659 302 1728 ἀκοῦσαι
331 1662 397 1727 δεῖ·
426 1659 482 1727 καὶ
511 1663 575 1748 γάρ
605 1661 626 1728 δ
655 1660 731 1749 περὶ
759 1664 819 1731 τὸν
846 1665 1005 1729 Κλεινίαν
1032 1663 1173 1729 αἰτιᾶται

161 1763 217 1832 καὶ
245 1768 283 1833 τὸ
311 1773 483 1834 τιτθεῦσαι
514 1769 577 1852 τήν
611 1766 734 1855 μητέρα
765 1767 821 1835 καλ
849 1779 951 1836 ταῦτα
979 1765 1089 1834 πάντ’·
1105 1766 1171 1851 ἐγὼ

122 1893 148 1932 ιι
162 1881 275 1957 σαφῶς
308 1867 404 1958 ὑμίν
423 1875 633 1959 διηγήσομαι.
680 1874 699 1942 δ
728 1877 953 1962 Πρωτόμαχος
984 1871 1086 1958 πένης
1112 1870 1172 1958 ήν·

162 1977 340 2064 ἐπικλήρου
360 1975 397 2045 δὲ
415 1983 665 2066 κληρονομήσας
687 1980 845 2067 εὐπόρου,
865 1982 928 2067 τήν
948 1978 1071 2066 μητέρα
1093 1983 1172 2065 βου-

161 2074 276 2170 ληθείς
303 2082 458 2155 ἐκδοῦναι
484 2088 596 2151 πείθει
627 2089 743 2170 λαβεῖν
769 2085 874 2171 αὐτὴν
901 2087 1086 2173 Θούκριτον
1111 2088 1171 2153 τὸν

161 2184 288 2277 πατέρα1
307 2191 367 2258 τὸν
390 2189 485 2276 έμόν,
513 2188 591 2257 ὄνθ’
619 2187 740 2259 ἑαυτοῦ
767 2192 952 2277 γνώριμον,
977 2188 1033 2258 καὶ
1053 2190 1172 2276 έγγυῦ-

161 2319 215 2362 ται
238 2296 256 2363 δ
279 2297 385 2383 πατήρ
408 2298 469 2381 τήν
493 2296 616 2383 μητέρα
642 2298 704 2383 τήν
727 2295 809 2382 έμήν
831 2297 921 2382 παρὰ
941 2307 1002 2364 τοῦ
1025 2295 1172 2382 ἀδελφοῦ

161 2401 262 2486 αὐτῆς
284 2402 508 2488 Τιμοκράτους
524 2400 706 2487 Μελιτέως,
729 2404 904 2488 παρόντων
921 2413 988 2468 τῶν
1010 2425 1045 2468 τε
1067 2405 1171 2469 θείων

161 2503 357 2593 ἀμφοτέρων
379 2517 447 2573 τῶν
470 2504 590 2574 ἑαυτοῦ
607 2493 663 2573 καὶ
681 2507 792 2572 ἄλλων
810 2507 1000 2594 μαρτύρων·
1023 2506 1078 2573 καὶ
1095 2509 1171 2574 τού-

122 2630 148 2670 12
162 2635 229 2678 των
258 2612 332 2678 ὅσοι
360 2614 452 2697 ζῶσι,
479 2616 748 2699 μαρτυρήσουσιν
774 2612 864 2699 ύμῖν.
903 2613 983 2698 μετὰ
1010 2609 1171 2681 δὲταῦτα

159 2719 270 2806 χρόνφ
294 2716 435 2802 ὕστερον
457 2719 601 2784 παιδίων
625 2717 707 2804 αῦτη
727 2718 824 2785 δυοίν
845 2719 909 2803 ήδη
932 2717 1171 2806 γεγενημένων,

159 2819 214 2889 καὶ
236 2831 297 2888 τοῦ
319 2817 381 2905 μὲν
402 2824 525 2908 πατρὸς
552 2821 813 2910 στρατευομένου
839 2821 895 2890 καὶ
921 2823 1171 2910 ἀποδημοῦντος

160 2928 241 3013 μετὰ
260 2927 514 3014 Θρασυβούλου,
536 2928 618 3014 αὐτή
639 2925 670 2994 δ’
692 2924 765 2996 οὔτ’
789 2927 826 2996 έν
844 2928 1006 3016 ἀπορίαις,
1028 2930 1170 3016 ήναγκά-

160 3038 227 3118 σθη
255 3033 314 3102 τὸν
341 3036 501 3100 Κλεινίαν
528 3036 587 3101 τὸν
616 3044 677 3102 τοῦ
703 3036 884 3102 Κλειδίκου
910 3042 1097 3122 τιτθεῦσαι,
1123 3045 1168 3125 τῷ

159 3134 221 3223 μὲν
251 3140 299 3216 είς
330 3137 380 3226 ἔμ’
412 3139 527 3225 ήκοντι
557 3141 704 3233 κινδόνφ
740 3151 804 3208 νῦν
836 3142 882 3226 μδ
912 3136 972 3210 τὸν
1002 3139 1061 3210 Δί’
1095 3141 1168 3228 οὐχὶ

160 3243 330 3332 συμφέρον
352 3255 486 3333 πρᾶγμα
507 3249 673 3332 ποιήσασα
695 3243 774 3335 (ἀπὸ
797 3246 860 3334 γὰρ
883 3248 1004 3334 ταύτης
1024 3257 1082 3332 τής
1101 3263 1239 3314 vav-1312

158 3355 254 3429 θείας
275 3349 372 3417 άπασ’
399 3351 419 3437 η
437 3350 513 3439 περὶ
529 3352 614 3437 ἡμᾶς
630 3350 769 3435 γέγονεν
791 3353 1012 3440 βλασφημία),
1033 3363 1073 3440 τή
1092 3352 1167 3438 μέν-

158 3478 210 3520 τοι
227 3456 420 3547 ὑπαρχούση
438 3461 536 3546 πενίᾳ
551 3464 629 3535 ἴσως
642 3455 697 3523 καὶ
711 3456 873 3543 ἀναγκαία
890 3457 945 3526 καλ
964 3457 1166 3545 ἁρμόττοντα
1292 3505 1293 3546 ,
