2658 3914
465 201 564 254 111>02
582 201 797 256 nomm.
1073 201 1135 267 171

12 387 13 392 ¹
124 359 292 444 κηδεστὴν
313 360 373 426 τὸν
395 358 476 444 ἐμὸν
497 358 712 448 προσέρχεται
738 361 827 450 αῦτη)
851 361 888 429 ἐν
909 369 955 452 τῷ
979 363 1141 447 δείγματι,

123 462 183 532 καὶ
214 463 365 530 ἐκέλευεν
396 465 498 534 αὐτὸν
530 467 575 544 ἀς
604 467 739 553 τάχιστα
770 467 825 535 ἐπὶ
854 469 915 554 τὴν
942 477 1029 534 ναῦν
1060 467 1140 535 ἀπο-

124 576 242 657 πλεῖν,
273 571 319 650 ὡς
348 581 415 638 τῶν
443 571 668 657 ἀναλωμάτων
695 579 828 640 πολλῶν
855 576 982 660 όντων,
1009 575 1030 640 δ
1058 571 1135 640 καθ’

125 676 254 765 ἡμέραν
277 675 418 763 ἑκάστην
439 681 522 765 πρὸς
543 689 589 767 τῷ
612 680 700 767 παρὰ
722 690 783 747 τοῦ
806 691 990 766 στρατηγοῦ
1014 698 1140 766 σιτηρε-

83 800 113 842 2⁵
128 787 191 871 σίιμ
214 785 262 862 είς
284 785 346 869 την
367 793 453 850 ναῦν
477 782 642 874 διδομένῳ
664 784 877 871 ἀνηλίσκετο,
898 784 975 852 καθ’
1002 785 1141 852 ἕκαστον

125 890 216 979 αὐτῷ
245 889 376 968 διεξιὼν
403 890 481 966 τοάς
507 912 542 956 τε
569 893 714 974 μισθοὺς
740 894 818 968 τοὺς
839 899 879 978 τη
901 891 1065 980 ὑπηρεσίᾳ
1086 890 1141 958 καὶ

124 1008 197 1074 τοῖς
219 995 388 1081 ἐπιβάταις
409 996 491 1061 κατὰ
510 1005 602 1081 Ῠμῆνα
625 995 834 1082 διδομένους,
858 1009 928 1075 τοῖς
949 1019 984 1064 τε
1006 999 1142 1074 ναόταις

126 1103 187 1180 οὓς
219 1102 317 1180 αὐτὸς
349 1101 386 1168 ἐκ
417 1110 474 1186 τῆς
504 1101 692 1187 Λαμψάκου
724 1101 951 1187 ἐμισθώσατο,
987 1100 1042 1168 καὶ
1073 1113 1142 1179 τοῖς

125 1208 268 1295 ὕστερον
295 1207 475 1292 ἐπεμβᾶσιν
502 1204 578 1273 ἀντὶ
605 1218 672 1273 τῶν
701 1207 951 1292 ἀπολιπόντων,
981 1209 1030 1272 ἐτι
1057 1203 1096 1272 δὲ
1122 1207 1140 1272 ὃ

126 1326 196 1382 τῶν
232 1313 378 1401 ἀρχαίων
413 1325 545 1380 ναυτῶν
587 1311 712 1404 ἑκάστῳ
746 1312 941 1401 προσέθηκα
976 1309 1141 1396 δεηθέντι,

128 1421 244 1505 ἐπειδη
267 1443 324 1506 μοι
347 1419 366 1486 ό
388 1422 508 1505 χρόνος
525 1417 618 1504 ἐξῆκε
640 1428 698 1504 τῆς
719 1422 940 1507 τριηραρχίας,
963 1417 1018 1485 καὶ
1039 1419 1141 1485 τάλλα

128 1527 190 1593 όσα
212 1521 255 1611 ἦν
277 1523 416 1592 τάτάδ’
438 1523 564 1612 ἡμέραν
583 1522 723 1609 ἑκάστην
746 1523 990 1610 ἀναλισκόμενα
1011 1527 1059 1602 είς
1079 1525 1140 1609 την

127 1643 232 1717 ναῦν,
259 1631 320 1699 οὐκ
347 1630 490 1719 ἀπείρως
516 1635 614 1718 ἔχων·
642 1632 698 1698 διὰ
725 1631 789 1718 γάρ
812 1631 941 1698 ἐκείνου
963 1652 1141 1715 πεντηκον-
1150 1653 1218 1705 1215

85 1748 329 1826 εῦταρχοῦντος
355 1736 411 1804 καὶ
442 1739 619 1826 ἠγοράζετο
650 1735 707 1804 καὶ
734 1737 938 1823 ἀνηλίσκετο.
982 1735 1038 1804 καὶ
1064 1736 1141 1825 περὶ

127 1855 195 1911 τῶν
217 1855 345 1910 σκευῶν
368 1847 507 1931 ἔφραζεν
531 1844 638 1934 αὐτῷ,
664 1844 716 1912 ὅτι
739 1845 809 1910 ίδια
831 1846 938 1930 ἐηοιμι
960 1840 1017 1910 καὶ
1039 1845 1140 1929 δημό

128 1969 204 2018 σιον
227 1950 341 2017 οὐδέν·
370 1951 414 2028 ὡς
436 1945 515 2036 οὖν,
542 1954 622 2036 ἐφη,
647 1949 669 2035 ἦ
691 1954 816 2017 πείσων
839 1950 966 2017 ἐκεῖνον
990 1951 1141 2034 διανοοῦ,

127 2057 149 2142 ἢ
172 2059 272 2141 σκεύη
296 2059 381 2143 ἔχων
404 2065 513 2144 σαυτῷ
537 2056 685 2122 ἀνάπλει.
722 2052 813 2142 οἶμαι
837 2053 877 2123 δέ
897 2073 963 2138 σοι,
984 2059 1059 2141 ἐφη,
1081 2056 1140 2121 αῦ-

127 2165 188 2230 τὸν
218 2157 319 2228 οὐδὲν
348 2162 550 2227 διοίσεσθαι·
580 2161 707 2247 ὀφείλει
736 2162 799 2247 γάρ
830 2159 991 2247 ἀργύριον
1014 2161 1140 2245 ἐκεί,δ

129 2270 288 2335 διαλῦσαι
311 2268 508 2350 βουλήσεται
531 2265 567 2333 ἐκ
589 2275 646 2351 τῆς
667 2276 762 2351 τιμῆς
784 2277 850 2332 τῶν
873 2276 1012 2333 σκευῶν.
1043 2264 1141 2332 ἀκοό-

128 2391 190 2451 σας
213 2368 244 2438 δ’
272 2367 370 2449 οὗτος
391 2382 494 2438 ταῦτα
520 2380 581 2437 τοῦ
603 2368 631 2438 τ’
658 2371 873 2457 Εὐκτήμονος
898 2368 954 2437 καὶ
980 2380 1041 2436 τοῦ
1063 2374 1140 2436 Δει-

127 2483 205 2546 νίου
224 2487 285 2544 τοῦ
302 2478 464 2562 κηδεστοῦ
477 2487 538 2544 τοῦ
552 2475 645 2562 ἐμοῦ,
666 2474 742 2562 περὶ
764 2473 826 2562 μὲν
844 2471 892 2542 ὧν
914 2479 1030 2561 ἔλεγον
1052 2476 1140 2566 αὐτῶ

130 2580 230 2650 οὐδέν
254 2583 367 2662 αὐτοῖς
389 2583 612 2669 ἀποκρίνεται,
633 2583 819 2666 γελάσαντα
836 2579 866 2647 δ’
890 2584 1017 2668 ἔφασαν
1039 2582 1141 2650 αὐτὸν
1230 2592 1233 2600 “

129 2692 235 2757 εἰπεῖν
266 2689 357 2777 “άρτι
383 2699 447 2774 μῦς
473 2692 586 2773 κίττης
612 2689 754 2773 γεύεται·
782 2687 937 2773 ἐβούλετο
960 2689 1024 2775 γάρ
1043 2686 1141 2776 'm-

90 2813 115 2853 ιτ
129 2807 223 2874 ναίος
245 2792 357 2862 εἶναι’
402 2794 514 2881 ἐπειδη
542 2797 658 2862 τοίνυν
687 2804 747 2862 τοῦ
768 2795 983 2880 Εὐκτήμονος
1004 2795 1141 2863 καὶτοῦ

130 2905 270 2969 Δεινίου
289 2900 431 2979 ἀκούσας
449 2897 549 2968 οὐδὲν
567 2901 750 2988 ἐφρόντιζε,
771 2902 871 2968 πάλιν
889 2901 978 2991 αὐτῷ
1002 2900 1141 2989 προσέρ-

130 3030 245 3092 χονται
267 3006 408 3094 ὕστερον
425 3008 637 3095 Πυθόδωρός
658 3030 693 3074 τε
716 3007 735 3075 ό
755 3003 931 3094 Ἀχαρνεὺς
952 3005 1007 3074 καὶ
1027 3005 1141 3075 Ἀπολ-

131 3113 279 3199 λόδωρος
294 3111 313 3178 ὁ
327 3115 546 3197 Λευκονοεύς,
565 3113 744 3199 ἐπιτήδειοι
762 3115 855 3191 ὄντες
873 3111 946 3199 ἐμοὶ
964 3111 1020 3180 καὶ
1037 3119 1142 3201 φίλοι,

131 3215 187 3287 καὶ
209 3216 363 3284 ἐκέλευον
386 3218 488 3284 αὐτὸν
516 3217 573 3285 ἐπί
591 3243 626 3285 τε
653 3221 715 3304 την
740 3229 826 3286 ναῦν
849 3218 980 3286 ἀπιέναι
1003 3220 1048 3296 ὡς
1070 3221 1141 3286 διά-

132 3325 234 3409 δοχον
258 3325 355 3406 όντα,
377 3319 433 3390 καὶ
454 3323 531 3411 περὶ
552 3335 619 3391 τῶν
642 3335 769 3392 σκευῶν
791 3328 934 3412 ἔφραζον
957 3325 1063 3413 αὐτῷ,
1090 3327 1141 3392 ὅτι

93 3447 119 3488 2⁸
133 3431 201 3496 ἀδια
225 3431 332 3515 ἔχοιμι
359 3428 486 3496 ἅπαντα
512 3427 567 3495 καὶ
591 3432 752 3514 δημόσιον
778 3429 892 3497 οὐδέν·
926 3429 974 3496 ἐί
994 3427 1056 3515 μέν
1079 3426 1141 3496 οὖν

132 3534 270 3612 ἐκείνοις
294 3533 420 3612 ἐθέλεις
441 3541 597 3621 χρῆσθαι,
618 3535 790 3600 κατάλιπε’
813 3537 941 3618 ἔφασαν
964 3533 1141 3618 “άργόριον
