2650 3918
499 185 595 236 ΚΑΤΑ
613 185 776 240 ΝΕΑΙΡΑΣ.
1078 181 1144 249 329

132 363 228 428 ρηται
256 339 369 429 ἑταίρα
396 336 480 410 ούσα
506 341 562 410 καί
590 345 693 429 δούλη
721 343 907 431 Νικαρέτης
933 340 1143 432 γεγενημένη.

131 445 275 514 ἀλλὀὐ
304 461 446 532 γυναῖκα
475 445 562 516 είναι
591 449 714 533 αὐτοῦ,
745 449 829 516 ἀλλά
857 452 1028 536 παλλακῆν
1057 452 1144 535 ἔχειν

132 555 246 633 ἔνδον;
271 551 344 620 ἀλλ’
369 555 405 620 οί
419 555 535 632 παῖδες
551 555 673 639 ταύτης
695 556 789 633 ὄντες
809 553 865 622 καὶ
886 554 1076 642 εἰσηγμένοι
1097 555 1145 632 είς

131 662 210 738 τοὺς
237 659 402 746 φράτερας
430 659 495 726 ὑπὸ
519 661 716 745 Στεφάνου,
742 657 798 726 καί
823 660 845 746 ἡ
866 663 1018 747 θυγάτηρ
1045 657 1144 746 ἀνδρί

128 761 297 854 Ἀθηναίῳ
329 765 528 848 ἐκδοθεῖσα,
559 776 749 851 περιφανῶς
780 765 885 850 αὐτὴν
921 766 1145 852 ἀποφαίνουσι

75 891 118 931 11⁹
131 883 274 954 γυναῖκα
305 873 431 958 έχοντα.
468 871 513 948 ὡς
543 866 605 955 μὲν
635 873 752 938 τοίνυν
779 871 841 938 οὐκ
872 871 981 956 ἀληθῆ
1010 872 1079 939 ἐστι
1104 873 1144 939 τδ

131 974 382 1063 κατηγορημένα
412 973 468 1042 καὶ
500 974 791 1062 μεμαρτυρημένα,
826 973 897 1044 οὔτ’
930 977 1032 1044 αύτδυ
1063 975 1145 1043 Στέ-

131 1107 241 1169 φανον
271 1079 341 1150 οὔτ’
367 1083 471 1148 άλλον
497 1078 581 1165 ὑπὲρ
608 1083 729 1148 τούτου
756 1079 849 1166 οἶμαι
878 1080 1071 1165 ἐπιδείξειν,
1101 1083 1145 1159 ὡς

132 1193 222 1256 ἔστιν
251 1188 333 1273 άστῆ
356 1185 486 1272 Νέαιρα
515 1186 627 1271 αὑτηί·
659 1186 769 1253 ἀκούω
800 1183 837 1253 δὲ
864 1186 967 1253 αὐτὸν
992 1190 1145 1253 τοιοῦτόν

132 1319 163 1360 τι
186 1292 318 1380 μέλλειν
348 1292 605 1376 ἀπολογεῖσθαι,
634 1293 679 1370 ὡς
701 1292 742 1359 ού
769 1304 911 1375 γυναῖκα
941 1294 1008 1378 ἔχει
1030 1292 1146 1378 αύτῆν,
1217 1323 1224 1331 ·

132 1398 204 1467 ἀλλ’
232 1398 381 1484 ἑταίραν,
408 1396 464 1464 καί
487 1398 524 1464 οί
542 1398 658 1475 παῖδες
681 1398 743 1465 ούκ
765 1396 830 1465 είσλ
852 1400 989 1484 ταύτης,
1012 1394 1083 1464 ἀλλ’
1111 1398 1144 1477 ἐξ

133 1505 244 1590 ἑτέρας
265 1507 422 1590 γυναικὸς
444 1503 533 1594 αὐτῷ
553 1503 664 1590 ἀστῆς,
685 1505 729 1590 ἣν
747 1509 847 1590 φησει
863 1507 1026 1592 πρότερον
1043 1514 1146 1590 γῆμαι

76 1635 118 1675 ιεο
133 1621 277 1696 συγγενῆ
310 1611 422 1678 αὑτοῦ.
467 1614 550 1698 πρὸς
581 1611 623 1694 δὴ
655 1613 716 1696 τῆν
745 1610 918 1678 ἀναίδειαν
949 1612 1054 1678 αὐτοῦ
1084 1620 1145 1678 τού
1155 1630 1223 1682 1386

133 1723 236 1803 λόγου
267 1717 322 1785 καί
353 1720 415 1803 τὴν
445 1718 657 1804 παρασκευὴν
693 1726 751 1802 τῆς
782 1716 961 1802 ἀπολογίας
991 1716 1047 1784 καί
1077 1730 1145 1785 τῶν

133 1835 312 1911 μαρτυρεῖν
343 1823 432 1912 αὐτῷ
463 1821 799 1910 παρεσκευασμένων,
830 1827 1014 1910 πρόκλησιν
1042 1823 1145 1890 αὐτὸν

132 1931 401 2017 προεκαλεσάμην
429 1928 548 2015 ἀκριβῆ
575 1926 630 1994 καί
658 1929 805 2014 δικαίαν,
833 1927 877 1994 δι’
904 1925 944 2012 ῆς
966 1927 1042 2014 έξῆν
1063 1929 1144 2013 ὑμῖν

132 2038 240 2103 πάντα
257 2035 387 2119 τάληθῆ
405 2032 541 2118 είδέναι,
562 2034 770 2119 παραδοῦναι
788 2035 846 2111 τὰς
862 2037 1067 2120 θεραπαίνας
1087 2034 1145 2111 τδς

132 2144 263 2227 Νεαίρμ
291 2143 363 2206 τότε
392 2140 718 2225 προσκαρτερούσας,
747 2137 793 2206 ὅτ’
819 2135 926 2224 ῆλθεν
949 2141 993 2218 ὡς
1016 2137 1144 2226 Στέφα-

132 2269 196 2314 νον
225 2244 261 2310 έκ
282 2243 470 2328 Μεγάρων,
503 2248 655 2332 Θρᾷτταν
682 2243 737 2311 καὶ
764 2248 992 2332 Κοκκαλίνην,
1022 2242 1078 2312 καί
1107 2245 1146 2323 ἀς

133 2352 274 2436 ὕστερον
292 2350 379 2435 παρά
397 2350 503 2440 τούτῳ
522 2345 606 2416 οὖσα
625 2350 792 2435 ε’κτῆσατο,
816 2351 960 2428 Ξεννίδα
982 2350 1037 2417 καὶ
1056 2355 1145 2437 Δρο-

80 2479 119 2518 ιει
134 2458 224 2523 σίδα·
247 2459 285 2522 αδ
301 2461 411 2545 ίσασιγ
429 2454 573 2542 ἀκριβῶς
586 2454 760 2541 Πρόξενόν
776 2479 811 2522 τε
830 2458 890 2523 τὸν
907 2459 1145 2542 τελευτήσαντα

133 2562 189 2630 καί
206 2560 389 2649 Ἀρίστωνα
402 2563 461 2627 τὸν
479 2571 544 2626 νῦν
563 2562 644 2626 ὄντα
661 2559 717 2626 καὶ
734 2559 973 2648 Ἀυτιδοορίδην
991 2566 1051 2630 τὸν
1069 2581 1145 2631 στα-

134 2670 381 2756 διαδρομοῦντα
409 2663 464 2733 καί
488 2667 591 2733 Φανὼ
617 2669 679 2752 τὴν
701 2671 903 2754 Στρυβήλην
925 2669 1145 2757 καλουμένην,

133 2777 154 2860 ἣ
174 2773 328 2860 Θεογένει
345 2781 391 2862 τηδ
409 2773 643 2859 βασιλεύσαντι
662 2769 846 2862 συνῴκησε,
868 2777 1016 2859 Νεαίρας
1038 2779 1144 2856 ὄντας.

133 2880 188 2948 καὶ
211 2880 269 2946 έάν
292 2885 449 2967 φαίνηται
472 2879 508 2945 έκ
525 2888 583 2963 τῆς
600 2879 750 2964 βασάνου
768 2883 875 2964 γῆμας
893 2880 1066 2968 Στέφανος
1088 2884 1145 2950 οὑ·
1197 2929 1202 2940 ·

134 2983 207 3053 τοσί
229 2986 332 3070 ἀστὴν
353 2996 510 3070 γυναῖκα,
537 2982 592 3051 καί
619 2985 711 3062 ὄντες
740 2985 829 3074 αύτῷ
861 2986 897 3051 οί
916 2989 1030 3064 παῖδες
1052 2983 1146 3054 οὗτοι

135 3091 168 3171 ἐξ
202 3087 312 3177 έτέρας
341 3093 500 3175 γυναικὸς
531 3089 631 3175 ἀστῆς
659 3087 715 3157 καὶ
747 3092 791 3175 μῆ
821 3094 989 3176 Νεαίρας,
1019 3094 1145 3176 ῆθελον

136 3198 338 3284 ἀφίστασθαι
366 3207 438 3263 τοῦ·
456 3195 585 3280 ἀγῶνος
613 3193 669 3262 καί
696 3197 741 3280 μῆ
769 3194 906 3262 είσιέναι
928 3199 990 3282 τὴν
1013 3201 1145 3285 γραφὴν

84 3325 123 3364 τοι
136 3305 267 3388 ταύτην.
312 3303 436 3387 τὸγὰρ
459 3313 629 3369 συνοικεῖν
658 3299 747 3369 τοῦτ’
774 3305 879 3387 ἔστιν,
906 3303 943 3380 ὃς
965 3302 1008 3370 δν
1029 3305 1145 3370 παιδο-

136 3419 268 3496 ποιῆται
289 3407 345 3474 καὶ
367 3408 482 3494 είσάγη
506 3414 553 3486 είς
579 3432 614 3475 τε
640 3411 720 3486 τοὺς
740 3409 907 3494 φράτερας,
925 3405 981 3474 καί
1003 3410 1147 3493 δημότας

137 3520 215 3595 τοὺς
231 3516 326 3599 υίεῖς,
349 3512 479 3591 καὶτὰς
500 3513 686 3601 θυγατέρας
709 3514 829 3598 ἐκδιδῷ
853 3513 897 3590 ὡς
919 3511 1023 3578 αὑτοῦ
1045 3514 1147 3591 ου”σας
