2658 3922
422 172 522 225 111202
540 173 803 228 Νικοενεινοα.
1053 172 1118 237 207

513 399 713 466 ΜΑΡΤΤΡΕΣ.

59 561 86 600 22
129 598 130 602 ,
164 540 266 622 Ὅσας
280 539 341 628 μέν
354 548 471 643 τοίνυν
484 549 665 631 μαρτυρίας
681 543 910 630 παρασχέσθαι
924 541 1015 631 είχον
1028 543 1121 630 ὑμίν,

101 650 150 728 ὡς
166 647 485 737 ἐστινἈρεθουσίου
501 648 727 736 τάνδράποδα,
744 651 914 734 δεδήλωκα
929 650 1019 737 ὑμῖν.
1041 651 1121 736 βού-

100 762 204 841 λομαι
234 751 272 820 δὲ
300 751 356 820 καί
384 753 460 842 περὶ
488 765 547 840 της
568 757 786 841 προκλήσεως
813 757 937 840 είπείν,
963 755 1006 840 ἣν
1029 750 1125 821 οὗτοί

100 860 133 927 τ’
167 856 224 945 ἐμὲ
258 858 528 946 προύκαλέσαντο
558 857 614 942 καὶ
645 859 709 944 ἐγὼ
738 859 887 938 τούτους.
924 857 1032 928 ὀὗτοι
1061 855 1122 945 μὲν

100 969 170 1054 γὰρ
198 962 255 1051 ἐμὲ
281 963 574 1053 προύκαλέσαντο,
603 964 657 1030 ὅτε
684 965 705 1050 η
735 964 847 1051 πρώτη
876 964 1048 1052 ἀνάκρισις
1069 959 1124 1050 ἦν,

101 1073 289 1159 φάσκοντες
315 1069 440 1155 ἕτοιμοι
467 1065 553 1137 εἶναι
580 1071 802 1158 παραδιδόναι
830 1067 903 1157 ἐμοὶ
930 1070 1018 1158 αὐτῷ
1046 1069 1124 1135 τάν-

103 1177 258 1265 δράποδα
279 1179 469 1263 βασανίσαι,
492 1179 693 1260 βουλόμενοι
711 1181 897 1263 μαρτυρίαν
913 1177 989 1241 τινὰ
1012 1174 1124 1252 αὑτοῖς

58 1302 87 1341 23
101 1284 235 1367 ταύτην·
260 1278 427 1366 γενέσθαι.
471 1281 536 1366 ἐγὼ
567 1279 598 1347 δ’
629 1279 856 1368 ἀπεκρινάμην
887 1280 999 1357 αὐτοῖς
1028 1279 1124 1346 ε’ναν-

102 1394 178 1457 τίου
202 1389 392 1476 μαρτύρων,
415 1387 466 1454 ὅτι
489 1386 620 1471 ἕτοιμός
643 1388 711 1472 είμι
735 1384 821 1453 ἰέναι
843 1388 892 1464 είς
912 1387 974 1469 τὴν
995 1386 1123 1470 βουλὴν

103 1492 178 1581 μετ’
208 1495 318 1561 αὐτῶν
352 1490 408 1558 καὶ
438 1492 712 1580 παραλαμβάνειν
738 1489 807 1578 μετ’
841 1491 968 1576 ἐκείνης
994 1491 1015 1576 ἦ
1042 1491 1200 1577 μετδιοει

102 1613 173 1668 τῶν
196 1599 325 1684 ἕνδεκα,
347 1595 454 1682 λέγων
477 1599 541 1684 ὅτι,
563 1600 595 1664 εί
615 1594 677 1684 μέν
697 1599 787 1664 ίδίαυ
807 1598 904 1682 δίκην
927 1597 1123 1682 ἐδικαζόμην

103 1707 234 1790 αὐτοῖς,
264 1709 296 1784 εί
326 1703 399 1791 ἐμοὶ
432 1703 642 1790 ἐξεδίδοσαν,
678 1703 936 1790 παρελάμβανον
967 1704 1026 1788 ἀν,
1057 1712 1123 1770 νῦν

104 1811 145 1879 δὲ
166 1821 224 1897 τῆς
245 1815 448 1896 πόλεωςέίη
470 1810 687 1897 τάνδράποδα
713 1808 768 1875 καὶ
791 1809 811 1893 ἡ
837 1807 1026 1895 ἀπογραφή·
1050 1810 1123 1875 δεῖν

62 1937 90 1976 24
105 1915 170 1986 οὖν
202 1919 345 2004 δημοσία
376 1918 625 2001 βασανίζεσθαι.
678 1915 831 2000 ἡγούμην
862 1914 926 2000 γάρ
952 1913 995 1980 οὐ
1020 1931 1122 2000 προσ-

103 2029 200 2110 ηκειν
234 2020 308 2106 ἐμοὶ
342 2023 456 2106 ίδιώτη
490 2023 563 2088 ὄντι
594 2023 672 2096 τοὺς
705 2021 886 2104 δημοσίους
918 2021 1122 2102 βασανίζειν·

104 2131 183 2197 οὔτε
206 2127 271 2211 γδρ
293 2135 350 2210 τῆς
371 2125 522 2210 βασάνου
545 2125 661 2211 κάρτος
688 2123 886 2210 ἐγιγνόμην,
912 2124 990 2189 οὔτε
1016 2129 1124 2200 καλῶς

105 2238 195 2318 ἔχειν
223 2231 263 2295 τά
293 2232 453 2313 λεγόμενα
482 2229 548 2295 ὑπὸ
580 2240 648 2296 τῶν
678 2227 870 2316 ἀνθρώπων
900 2224 956 2313 ἐμὲ
985 2232 1124 2315 κρίνειν,

104 2337 258 2423 ηγοάμην
287 2357 322 2401 τε
352 2335 424 2400 δεῖν
452 2335 513 2418 τὴν
548 2333 654 2420 ἀρχὴν
682 2334 704 2419 ἢ
734 2336 813 2410 τοὺς
842 2331 1030 2421 ᾑρημένους
1057 2334 1129 2416 ὑπὸΙ

104 2453 162 2529 τῆς
195 2446 320 2527 βουλης
355 2440 565 2526 γράφεσθαι,
605 2436 661 2505 καὶ
696 2436 1033 2524 κατασημηναμένους
1065 2440 1124 2517 τὰς

105 2549 284 2635 βασάνους,
306 2546 326 2612 ό
347 2568 381 2612 τι
402 2551 528 2612 είποιεν
558 2543 595 2612 οί
619 2545 807 2631 ἀνθρωττοι,
833 2543 989 2631 παρέχειν
1016 2545 1064 2624 είς
1084 2549 1122 2612 τὸ

106 2655 338 2742 δικαστήριον,
372 2649 417 2719 ἵν’
451 2651 653 2727 ἀκούσαντες
689 2648 726 2715 ἐκ
754 2651 883 2716 τούτων
912 2649 1122 2736 ἐψηφίσασθε
1229 2671 1232 2677 “

65 2778 93 2821 25
107 2762 225 2829 ὁποῖόν
251 2747 285 2826 τι
311 2759 392 2852 ὑμῖν
420 2757 540 2824 ἐδόκει.
581 2757 651 2844 ίδίηι
674 2751 736 2840 μὲν
763 2755 828 2842 γδιρ
853 2755 1123 2844 βασανιζομένων

105 2878 173 2934 τῶν
201 2865 391 2954 ἀνθρώπων
420 2860 476 2930 ὑπ’
504 2862 587 2950 ἐμοῦ
620 2858 802 2946 ἀντελέγετ’
834 2860 877 2928 ἀν
905 2863 1033 2930 ἅπαντα
1055 2863 1122 2931 ὑπὸ

106 2975 250 3056 τούτων,
277 2974 309 3037 εί
329 2968 368 3036 δέ
391 2971 549 3058 δημοσίᾳ,
576 2968 671 3054 ἡμεῖς
698 2963 760 3053 μὲν
788 2967 831 3034 διν
855 2967 1063 3056 ἐσιωπῶμεν,
1091 2971 1127 3037 ολ

108 3078 138 3145 δ’
165 3081 320 3165 άρχοντες
342 3076 363 3161 ἢ
386 3079 422 3142 οί
441 3073 602 3163 ᾑρημένοι
619 3073 685 3140 ὑπὸ
703 3081 763 3160 τῆς
780 3077 907 3160 βουλῆς
929 3073 1123 3160 ἐβασάνιζον

107 3185 149 3250 ἀν
171 3182 266 3270 μέχρι
289 3177 330 3248 οὗ
353 3182 465 3258 αὐτοῖς
488 3181 605 3248 ἐδόκει.
641 3187 745 3245 ταῦτα
770 3177 801 3245 δ’
829 3179 912 3266 ἐμοῦ
935 3180 1124 3264 ἐθέλοντος,

108 3289 168 3355 οὐκ
186 3288 229 3354 ἀν
247 3290 374 3373 ἔφασαν
392 3295 432 3373 τῇ
450 3286 534 3374 ἀρχῇ
552 3287 773 3373 παραδοῦναι,
797 3281 871 3353 οὐδ’
894 3288 942 3362 είς
958 3288 1020 3372 τὴν
1041 3289 1121 3370 βον-

107 3395 170 3478 λὴν
194 3397 321 3479 ἤθελον
348 3392 558 3460 ἀκολουθεῖν.
600 3391 645 3470 ὡς
671 3386 734 3459 οὖν
762 3390 872 3477 ἀληθη
900 3389 1001 3476 λέγω,
1027 3390 1122 3456 κάλει

107 3523 164 3584 μοι
185 3501 312 3568 τούτων
334 3501 414 3576 τοὺς
436 3498 611 3585 μάρτυρας.
