2658 3914
189 167 254 231 130
465 167 588 220 ποντα.
611 165 916 237 [Δωιοεοενονε]

187 324 338 393 δικασταὶ
361 326 521 403 συνειδὼς
539 325 590 391 ὅτι
613 324 768 403 ἐψεύδετο
789 323 846 392 καί
869 325 1101 411 ἀναισχυντεῖν
1123 323 1194 390 ἐπε·
1236 383 1238 388 .

186 435 303 518 χείρει,
330 428 386 496 καλ
413 431 463 496 ὅτι
486 428 597 507 οὐδεὶς
617 426 661 515 ήν
684 432 784 508 ἀλλος
804 439 851 518 τῷ
873 433 1011 515 Κόμωνι
1032 427 1121 513 γένει
1143 429 1196 514 ἐγ-

185 533 312 620 γυτέρω
336 535 434 621 ἐμοῦ,
457 531 574 620 τὸμὲν
596 547 728 622 πρῶτον
751 538 796 614 ὡς
818 528 948 603 οἷόντε
971 536 1110 621 μάλιστα
1133 536 1196 621 ἀρ-

185 645 310 726 γίσθην
327 638 383 707 καὶ
400 641 610 726 ἠγανάκτησα
629 638 682 706 ἐπὶ
703 650 743 726 τῇ
761 640 978 730 ἀναισχυντίᾳ
998 652 1059 708 τοῦ
1082 643 1197 724 λόγον,

186 750 296 813 ἔπειτα
323 745 353 813 δ’
381 747 579 832 ἐλογισάμην
601 750 683 834 πρὸς
710 747 852 833 ἐμαυτὸν
874 747 925 814 ότι
948 747 1010 814 οὐκ
1031 746 1068 814 ἐν
1090 751 1283 836 καιρῷ1169

186 853 396 940 ὀργιζοίμην,
426 852 482 919 καὶ
511 855 617 944 τούτῳ
648 852 892 940 ἀπεκρινάμην,
923 853 974 919 ότι
1001 852 1038 920 ἐν
1065 849 1126 938 μὲν
1148 861 1194 940 τῷ

185 961 324 1044 παρόντι
341 960 500 1046 προσήκει
516 960 658 1024 θάπτειν
676 959 735 1026 τὸν
752 961 1002 1043 τετελευτηκότα
1020 955 1075 1023 καὶ
1093 959 1195 1024 πόλλα

185 1076 293 1131 ποιεῖν
311 1065 351 1130 τδι
368 1066 578 1149 νομιζόμενα,
600 1064 736 1131 ἐπειδάν
755 1060 792 1130 δλ
809 1066 936 1131 τούτων
954 1063 1108 1130 ἀπάντων
1127 1063 1194 1129 ἐπι-

161 1176 396 1255 ιμεληθῶμεν,
417 1168 492 1238 τόθ’
518 1169 599 1254 ἡμῖν
621 1170 734 1247 αὐτοῖς
757 1169 984 1255 διαλεξόμεθα.
1020 1167 1076 1236 καὶ
1099 1165 1194 1246 οὗτος

187 1272 354 1362 ὦάνδρες
384 1273 534 1341 δικασταὶ
562 1277 841 1361 προσωμολόγησε
872 1286 974 1342 ταῦτα
1005 1273 1060 1340 καλ
1088 1280 1195 1352 καλῶς

186 1378 219 1465 μ’
242 1385 304 1468 ἐφη
322 1379 441 1465 λέγειν.
477 1380 589 1464 ἐπειδή
609 1378 640 1446 δ’
662 1379 896 1465 ἀπηλλάγημεν
917 1379 972 1446 καλ
995 1379 1193 1466 ἐποιήσαμεν

187 1487 313 1552 ἅπαντα
342 1487 383 1551 τά
410 1488 622 1570 νομιζόμενα,
651 1483 728 1550 καθ’
754 1485 896 1570 ἡσυχίαν
923 1487 989 1571 ήδη
1011 1485 1193 1570 παρακαλέ-

187 1607 302 1668 σαντες
318 1592 396 1666 τοὺς
414 1592 555 1666 οἰκείους
573 1590 718 1666 ἅπαντας
739 1591 957 1674 διελεγόμεθα
979 1590 1059 1675 ἡμῖν
1081 1592 1194 1668 αὐτοῖς

186 1692 261 1781 περὶ
284 1689 331 1760 ὧν
354 1689 451 1772 οὗτος
472 1693 567 1779 ἠξίου
590 1691 695 1782 ἑαυτῷ
719 1689 814 1761 εἶναι.
850 1694 913 1761 ὅσα
930 1692 992 1780 μέν
1010 1691 1072 1764 οὖν
1091 1692 1118 1763 ὦ
1135 1698 1193 1763 άν-

187 1802 263 1886 δρες
294 1799 443 1866 δικασταὶ
474 1799 566 1885 ἡμεῖς
596 1802 679 1886 πρὸς
706 1799 791 1884 ἡμᾶς
821 1800 942 1878 αὐτοὺς
971 1800 1193 1887 διηνέχθημεν

186 1904 261 1991 περὶ
279 1906 406 1972 τούτων
425 1907 665 1990 διαλεγόμενοι,
687 1908 723 1970 τί
742 1904 784 1971 ἀν
807 1905 871 1990 ἐγὼ
894 1915 996 1973 ταῦτα
1019 1909 1193 1993 διηγούμε-

186 2035 244 2088 νος
265 2011 287 2096 ή
309 2012 389 2096 ὑμῖν
406 2012 579 2096 πράγματα
596 2009 770 2098 παρέχοιμι
791 2011 954 2101 ήέμαντςό
976 2012 1191 2099 [ἐνοχλοίην];

160 2119 223 2183 ετὸ
256 2113 293 2184 δέ
323 2116 417 2196 τέλος
442 2117 461 2185 δ
488 2116 618 2202 ἐγένετο
625 2168 635 2203 ,
666 2116 762 2184 τοῦθ’
797 2119 882 2204 ὑμᾶς
912 2118 1097 2204 ἀναγκαίως
1125 2122 1192 2206 ἔχει

168 2209 333 2291 ἀκοῦσαι.
379 2224 477 2302 αὐτὸς
507 2224 570 2311 γάρ
603 2223 667 2308 ἐγὼ
700 2223 835 2292 ἐδίκασα
866 2226 973 2315 τούτῳ
1005 2224 1061 2292 καὶ
1095 2222 1191 2304 οὗτος

186 2329 276 2415 ἐμοί,
306 2331 346 2396 τά
376 2321 494 2416 ἡμίσεα
525 2327 679 2417 ἑκάτερον
705 2329 799 2415 ήμῶν
826 2334 940 2415 λαβεῖν
968 2325 1016 2397 ὧν
1041 2330 1190 2398 κατέλιπε

164 2440 327 2522 ΙΚόμων,
358 2434 412 2503 καί
444 2438 607 2522 μηδεμίαν
636 2436 756 2521 ἀηδίαν
787 2431 873 2503 εἶναι
902 2435 1091 2524 περαιτέρω.
1135 2435 1191 2503 καὶ

184 2546 385 2629 προειλόμην
403 2538 429 2608 ὦ
447 2544 567 2629 ἀνδρες
585 2541 735 2609 δικασταὶ
757 2540 842 2609 ἐνὼν
864 2546 1063 2628 μεταδοῦναι
1084 2546 1190 2634 τούτῳ

185 2653 323 2733 μᾶλλον,
344 2647 366 2733 ή
384 2651 431 2727 είς
449 2650 660 2736 δικαστήριον
677 2649 791 2715 είσιδνν
808 2651 1017 2716 κινδυνεύειν
1038 2652 1121 2735 πρὸς
1143 2652 1190 2717 οί-

185 2765 276 2821 κεῖον
297 2756 377 2820 ὄντα
399 2764 534 2839 τοῦτον,
562 2754 618 2820 καὶ
640 2758 745 2821 εἰπεῖν
768 2779 800 2822 τι
822 2753 921 2840 ἀηδὲς
942 2755 1088 2842 ἀδελφὸν
1110 2758 1190 2823 ὄντα

184 2871 241 2946 τῆς
267 2860 344 2946 ἐμής
369 2862 526 2944 γυναικὸς
551 2857 607 2926 καὶ
632 2867 729 2926 θεῖον
757 2871 824 2927 τῶν
848 2861 935 2946 ἐμῶν
958 2863 1103 2946 παίδων,
1134 2859 1189 2928 καὶ

157 2968 248 3033 νδπὸ
271 2967 389 3033 τούτου
412 2966 555 3033 ἀκοῦσαί
572 2989 604 3032 τι
622 2964 858 3051 ἀνεπιτήδειον.
893 2978 995 3035 ταῦτα
1016 2965 1110 3034 πάντ’
1137 2967 1189 3034 ἐν·

182 3074 396 3159 θυμούμενος
413 3069 613 3159 σννεχώρησ
633 3071 731 3160 αὐτῷ.
767 3070 822 3140 καὶ
840 3073 920 3157 μετὰ
938 3083 1040 3140 ταῦτα
1063 3075 1189 3156 συνθή-

181 3199 241 3256 κας
263 3178 450 3265 ἐγράψαμεν
477 3179 560 3264 πρὸς
586 3176 670 3261 ἡμᾶς
696 3177 816 3254 αὐτοὺς
837 3176 913 3266 περὶ
935 3178 1104 3264 ἁπάντων,
1133 3176 1187 3244 καὶ

182 3286 302 3368 ὅρκους
315 3286 471 3370 ἰσχυροὺς
485 3284 657 3368 ὠμόσαμεν
671 3281 836 3368 ἀλλήλοις,
852 3278 874 3368 ή
892 3284 958 3369 μήν
975 3285 1016 3351 τά
1032 3308 1067 3351 τε
1085 3284 1187 3370 ὑπάρ·

181 3412 282 3474 χοντα
310 3389 439 3474 φανερὰ
467 3391 546 3454 όντα
573 3392 679 3465 καλῶς
705 3386 760 3455 καὶ
789 3390 923 3468 δικαίως
945 3393 1187 3475 διαιρήσεσθαι,

180 3491 235 3558 καὶ
262 3490 339 3578 μηδ’
366 3494 479 3560 ὁτιοῦν
505 3494 754 3576 πλεονεκτήσειν
774 3495 834 3560 τὸν
855 3493 969 3578 ἕτερον
990 3505 1051 3561 τοῦ
1073 3493 1186 3583 ἑτέρου
