2658 3914
446 209 547 263 ΠΡΟΣ
564 209 777 264 nomm
1049 207 1111 272 181

103 341 225 434 κέσθαι
248 364 389 454 δεομένη
412 367 530 454 αὐτόν,
559 371 591 436 εί
616 370 661 454 μή
687 379 726 456 τῇ
754 371 880 457 τριήρει
904 359 977 436 οίόν
999 365 1028 434 τ’
1054 373 1115 449 είη.

63 470 125 556 ωή
149 469 187 539 δέ
209 474 311 558 γυνή,
332 473 375 558 ἣν
398 473 462 558 ἐγὼ
489 472 565 560 περὶ
590 480 746 542 πλείστου
768 483 942 560 ποιοῦμαι,
964 472 1115 552 ἀσθενῶς

104 575 245 645 διέκειτο
274 581 383 645 πολύν
410 583 534 666 χρόνον
568 578 605 646 ἐν
633 589 673 666 τῇ
703 580 763 666 ἐμῇ
800 579 979 668 ἀποδημίᾳ·
1008 581 1048 646 τὰ
1078 575 1116 647 δὲ

103 684 221 749 παιδία
254 684 371 771 μικρά,
402 684 424 770 ή
454 681 485 751 δ
519 685 617 752 οὐσία
648 685 831 772 ὑπόχρεως·
864 685 887 770 ή
916 683 954 753 δὲ
982 695 1024 771 γή
1054 686 1115 773 αύχ

105 789 195 866 ὅπως
216 789 292 856 τινδ
313 791 441 876 καρπόν
462 791 613 876 ήνεγκεν,
635 788 719 857 ἀλλὰ
741 789 797 858 καὶ
814 793 851 858 τὸ
868 791 961 877 ὕδωρ
980 791 1017 858 ἐν
1035 790 1116 858 ἐκεί-

104 919 154 983 νφ
177 903 223 984 τῷ
247 893 399 984 ἐνιαυτῷ,
421 896 466 974 ὡς
482 895 602 974 πάντες
620 902 701 981 ίστε,
723 895 760 962 ἐκ
781 907 848 963 τόν
870 897 1022 982 φςεάτων
1045 895 1116 964 ἐπέ-

105 1007 213 1085 λιπεν,
242 1001 325 1068 ὥστε
352 997 437 1086 μηδὲ
463 1001 610 1088 λάχανον
635 998 794 1085 γενέσθαι
819 1000 858 1069 ἐν
884 1009 930 1090 τῷ
953 1004 1060 1092 κήπφ·
1083 1001 1120 1069 οί

106 1102 144 1172 δέ
166 1107 392 1184 δεδανεικότες
412 1103 496 1192 ήκον
514 1105 567 1174 ἐπὶ
584 1108 662 1183 τοῦς
678 1109 808 1190 τόκους,
830 1105 942 1190 ἐπειδή
965 1106 984 1172 δ
1007 1105 1117 1172 ἐνιαυ-

104 1214 161 1290 τὸς
184 1211 334 1298 ἐξῆλθεν,
357 1215 389 1280 εί
409 1216 454 1298 μή
476 1236 526 1290 τις
548 1210 689 1296 ἀποδοίη
716 1211 829 1290 αὐτοῖς
854 1212 937 1277 κατὰ
958 1211 1016 1287 τὰς
1038 1227 1114 1295 συγ

63 1341 92 1383 ιι
106 1319 244 1404 γραφείς.
280 1313 329 1384 ὧν
347 1317 513 1385 ἀκούοντά
530 1341 571 1404 με
587 1315 643 1384 καὶ
664 1318 753 1402 παρὰ
774 1327 842 1384 τῶν
864 1314 1117 1403 ἀφικνουμένων

105 1427 212 1514 λόγῳ,
246 1425 286 1489 τδ
316 1419 353 1490 δὲ
381 1421 437 1490 καὶ
467 1421 510 1490 δι’
545 1423 727 1490 ἐπιστολῶν
760 1423 849 1508 παρὰ
876 1432 944 1489 τῶν
974 1424 1117 1508 οίκείων,

104 1535 181 1597 τίνα
202 1552 243 1616 με
265 1536 378 1596 οἴεσθε
400 1527 512 1616 ψυχήν
534 1531 639 1616 ἐχειν,
665 1527 687 1614 ή
708 1532 795 1597 πόσα
818 1527 946 1615 δάκμυα
972 1525 1117 1615 ἀφιέναι,

104 1636 146 1702 τὰ
168 1631 229 1720 μὲν
252 1635 504 1721 ἐκλογιζόμενον
530 1633 695 1722 περὶτῶν
716 1635 908 1720 παρόντων,
933 1635 975 1702 τὰ
1001 1629 1040 1701 δέ
1061 1633 1117 1702 καὶ

104 1748 279 1809 ποθοῦντα
308 1742 394 1808 ίδεϊν
421 1743 538 1807 παιδία
566 1737 623 1807 καλ
650 1751 792 1824 γυναῖκα
820 1739 876 1806 καὶ
904 1739 1045 1828 μητέρα,
1073 1740 1117 1826 ήν

107 1849 172 1932 ἐγὼ
202 1847 243 1914 ού
271 1848 395 1924 πολλὰς
428 1847 562 1924 ἐλπίδας
594 1841 686 1932 είχον
721 1848 826 1924 ζῶσαν
854 1850 1115 1933 καταλήψεσθαις

107 1950 156 2021 ὧν
172 1958 209 2021 τί
221 1955 319 2039 ήδιόν
338 1953 429 2020 ἐστιν
447 1951 627 2042 ἀυθρόπφ,
644 1950 666 2036 ή
683 1961 743 2018 τοῦ
762 1948 845 2018 ἕνεκ’
863 1953 906 2018 ἀν
924 1975 973 2030 τις
986 1952 1116 2033 εὔξαιτο

106 2062 234 2128 τούτων
257 2057 428 2145 στερηθεὶς
453 2062 524 2143 ζήνς

63 2188 93 2229 τε
180 2166 349 2232 Τοιούτων
371 2168 487 2231 τοίνυν
514 2186 571 2248 μοι
598 2165 853 2248 συμβεβηκότων
880 2173 947 2228 τῶν
968 2163 1117 2250 πραγμά·

104 2295 188 2354 των,
210 2269 251 2336 οῦ
272 2267 348 2356 περὶ
369 2272 522 2347 πλείονος
549 2267 750 2353 ἐποιησάμην
777 2268 818 2333 τὰ
840 2267 983 2353 ἐμαυτοῦ
1006 2267 1118 2352 ίδιαή

106 2378 148 2445 τὰ
170 2371 324 2461 ὑμέτερα,
347 2371 418 2441 ἀλλ’
444 2374 596 2460 ἡγούμην
624 2376 696 2440 δεῖν
723 2372 778 2440 καλ
804 2373 980 2460 χρημάτων
1006 2373 1119 2439 ἀναλι-

108 2478 280 2567 σκομένων
302 2483 459 2567 κρείττων
488 2473 655 2545 εἶναικαὶ
681 2489 748 2544 τῶν
775 2484 861 2545 οἴκοι
883 2475 1118 2564 ἀμελουμένων

107 2587 164 2655 καλ
185 2587 343 2672 γυναικός
363 2583 420 2651 καὶ
437 2587 559 2672 μητρὸς
576 2585 752 2670 νοσούσης,
774 2585 857 2650 ὥστε
879 2586 959 2670 μήτε
981 2586 1041 2669 τήν
1063 2585 1118 2652 τό·

109 2693 162 2774 ξιν
190 2693 402 2760 αἰτιάσασθαι
431 2689 474 2776 μέ
499 2713 574 2756 τινα
603 2696 712 2757 λιπεῖν
741 2692 821 2775 μήτε
847 2691 909 2775 τήν
934 2694 1051 2778 τριήρη
1078 2701 1196 2780 τήιικσ

67 2819 95 2861 τι
108 2803 203 2867 πόλει
221 2801 385 2886 ἄχρηστον
403 2794 571 2881 γενέσθαι.
603 2793 681 2862 ἀνθ’
704 2789 751 2862 ὧν
770 2794 924 2863 ἀπόντων
941 2807 1006 2863 νῦν
1022 2797 1118 2883 ὑμῶν

109 2904 237 2990 δέομαι,
260 2905 368 2991 ὥσπερ
392 2903 456 2987 ἐγὼ
479 2903 560 2988 ῦμίν
578 2902 736 2968 εὔτακτον
758 2899 813 2968 καί
834 2905 997 2989 χρήσιμον
1020 2903 1118 2989 ἐμαυ-

108 3012 168 3078 τόν
189 3011 366 3098 παρέσχον,
388 3009 475 3075 οῦτω
497 3004 552 3074 καὶ
569 3007 655 3093 ὑμᾶς
670 3005 749 3074 νυνί
765 3006 841 3094 περὶ
859 3007 940 3092 ἐμοῦ
957 3011 1118 3095 πρόνοιαν

109 3115 363 3202 ποιησαμένους,
385 3113 441 3182 καλ
459 3111 731 3199 ἀναμνησθέντας
749 3111 903 3180 ἀπόντων
921 3109 969 3180 ὧν
990 3136 1025 3179 τε
1048 3116 1119 3197 διη-

110 3222 261 3308 γησάμηυ
283 3223 366 3309 πρὸς
387 3222 488 3306 ὑμᾶς,
515 3230 582 3286 τῶν
609 3243 643 3285 τε
673 3231 863 3308 μαρτυριῶν
890 3213 937 3284 ὧν
959 3221 1119 3305 παρεσχό-

110 3351 177 3414 μην
198 3326 343 3394 καὶτῶν
364 3326 596 3412 ψηφισμάτων,
618 3328 784 3410 βοηθήσαι
807 3320 868 3410 μὲν
892 3321 964 3408 ἐμοὶ
986 3322 1118 3389 ἀδικου-

111 3430 212 3523 μένφ,
234 3435 485 3520 τιμωρήσασθαι
513 3427 543 3497 δ’
569 3426 653 3517 ὑπὲρ
679 3430 774 3516 ὑμῶν
801 3431 927 3513 αὐτῶν,
950 3426 1118 3513 εἰσπρᾶξαι

111 3535 149 3606 δδ
171 3540 212 3604 τδ
233 3534 316 3623 ὑπὲρ
338 3539 460 3604 τούτου
482 3533 686 3621 ἀνηλωμένα.
727 3536 748 3620 ή
770 3538 819 3611 τίς
846 3534 997 3615 ἐθελήσει
1024 3535 1118 3614 φιλο-
