2658 3922
228 247 295 316 272
517 249 616 303 Lvm
644 243 950 319 [ΔΗιιοεοεαοωΣ]

676 423 797 476 mm.

203 558 216 598 ⁸
301 542 432 626 Ταύτην
454 542 516 625 την
538 541 642 626 φάσιν
665 535 691 606 ὦ
715 541 834 625 ἀνδρες
861 539 1029 622 δικασταί,
1055 539 1160 604 ἔδωκε
1186 530 1252 622 μὶν

229 643 327 724 οὗτος
348 647 657 731 προσκαλεσάμενος
679 648 738 712 τὸν
756 648 910 730 Μίκωνα,
933 647 1029 729 ἔλαβε
1049 642 1080 709 6’
1102 644 1121 710 6
1141 667 1251 730 γραμ·

225 749 349 838 Ιματεὺς
372 752 390 819 6
413 763 479 818 τῶν
506 761 567 819 τοῦ
594 751 754 837 ἐμπορίου
784 749 1003 834 ἐπιμελητῶν,
1025 748 1250 834 Εὐθύφημος.

230 857 369 942 ἐξέκειτο
398 854 436 924 ἀέ
462 861 572 925 πολὺν
603 861 727 944 χρόνον
758 859 948 943 ἔμπροσθεν
974 865 1035 922 τοῦ
1063 856 1252 942 συνεδρίου

232 965 266 1049 [ἡ
290 965 419 1050 φάσις],
446 963 509 1042 ἕως
535 965 647 1049 λαβὼν
675 961 837 1052 ἀργύριον
865 957 963 1038 οὗτος
989 967 1079 1027 είασε
1107 963 1250 1048 διαγρα-

229 1080 334 1156 φῆναι
355 1071 549 1138 καλούντων
572 1070 674 1137 αὐτὸν
692 1071 739 1147 είς
756 1070 818 1154 την
836 1066 1012 1155 ἀνάκρισιν
1034 1078 1101 1134 τῶν
1124 1066 1249 1155 ἀρχόν·
1301 1127 1302 1144 ,

229 1200 306 1243 των.
352 1175 404 1243 ὅτι
433 1171 472 1270 66
499 1172 591 1243 ταῦτ’
624 1174 733 1260 ἀληθῆ
764 1172 867 1258 λέγω,
899 1184 1031 1261 πρῶτον
1060 1167 1122 1258 μὲν
1152 1173 1249 1239 κάλει

230 1281 266 1360 ὃς
289 1281 513 1370 ἐγραμμάτευε
535 1289 575 1368 τῇ
598 1280 694 1368 ἀρχῇ,
720 1280 937 1364 Εὐθύφημον.

644 1471 835 1546 MAPT‘I'PIA

205 1613 219 1652 ο
299 1588 385 1674 Λέγε
418 1591 460 1674 δὴ
493 1585 549 1655 καὶ
578 1591 642 1686 τὴν
677 1599 744 1655 τῶν
782 1589 924 1655 ἰδόντων
960 1585 1153 1672 ἐκκειμένην
1183 1591 1247 1674 τὴν

230 1694 336 1779 φάσιν
357 1696 554 1783 μαρτυρίαν.
1303 1705 1304 1742 ³

641 1818 832 1871 ΜΑΡΓΤΡΙΑ.

225 1939 227 1944 ’
303 1932 403 2001 Κάλει
431 1883 472 2020 ἀη
499 1932 555 2003 καλ
582 1937 659 2012 τοὺς
688 1943 748 2001 τοῦ
775 1932 935 2020 ἐμπορίου
958 1932 1170 2020 ἐπιμελητάς,
1190 1931 1244 2002 καὶ
1304 1964 1305 2034 η

232 2038 335 2105 αὐτὸν
356 2040 416 2107 τὸν
438 2036 571 2109 Μίκων’
598 2037 639 2107 οὗ
663 2042 764 2128 ἔφηνε
791 2041 829 2105 τὸ
851 2044 984 2105 πλοῖον·
1006 2037 1142 2116 καὶτὰς
1164 2063 1245 2128 μαρ-
1304 2103 1305 2108 ,

231 2149 346 2232 τυρίας
368 2145 607 2232 ἀναγίγνωσκε.

637 2305 842 2362 mmm,
908 2270 923 2342 ’-
952 2273 955 2282 ’

194 2443 221 2482 ιο
294 2419 350 2499 Ὡς
377 2417 440 2506 μέν
465 2424 583 2488 τοίνυν
605 2415 632 2486 ὦ
655 2421 776 2507 ἀνδρες
802 2418 953 2486 δικασταὶ
978 2422 1081 2506 ἐφηνε
1109 2423 1244 2506 Θεοκρί·

232 2551 293 2612 νης
317 2528 356 2593 τὸ
383 2535 444 2593 τοῦ
466 2529 626 2602 Μίκωνος
652 2531 787 2610 πλοίου,
813 2523 869 2591 καὶ
896 2525 940 2603 ὡς
972 2523 1111 2604 ἐξέκειτο
1137 2529 1244 2593 πολὺν

232 2634 355 2718 χρόνον
372 2631 394 2715 ἡ
413 2631 525 2716 φάσις,
547 2628 603 2698 καὶ
626 2631 670 2709 ὡς
691 2633 740 2709 είς
761 2632 823 2716 τὴν
845 2630 1020 2718 ἀνάκρισιν
1042 2632 1246 2718 καλούμενος

233 2736 294 2821 οὐχ
320 2736 507 2814 ὑπήκουσεν
530 2733 603 2804 οὐδ’
632 2735 829 2822 ἐπεξῆλθεν,
856 2736 1016 2822 ἀκηκόατε
1039 2739 1245 2825 μαρτυρούν-

232 2865 300 2910 των
328 2841 387 2919 οὓς
414 2840 546 2907 εἰδέναι·
566 2842 707 2926 μάλιστα
739 2851 917 2931 προσῆκεν.
962 2842 1013 2908 ὅτι
1042 2839 1077 2908 6'
1108 2843 1150 2909 ού
1175 2855 1246 2921 ταῖς

232 2949 353 3033 χιλίαις
384 2949 490 3031 μόνον
522 2949 636 3033 ἔνοχός
667 2948 774 3033 ἐστιν,
795 2947 889 3015 ἀλλά
920 2946 975 3014 καὶ
1007 2947 1164 3035 ἀπαγωγῇ
1191 2947 1246 3015 καί

232 3063 302 3129 τοϊς
334 3053 465 3137 ἀλλοις,
495 3051 516 3117 ἃ
545 3054 672 3119 κελεύει
703 3053 842 3140 πάσχειν
865 3054 884 3121 6
906 3057 1010 3140 νόμος
1042 3053 1155 3121 οὑτοσὶ
1178 3052 1245 3122 ’τάν

233 3167 508 3244 συκοφαντοῦντα
538 3159 617 3236 τοὺς
645 3157 810 3246 ἐμπόρους
841 3157 896 3228 καὶ
922 3162 1002 3238 τοὺς
1027 3164 1245 3250 ναυκλήρους,
1256 3171 1305 3224 ιευ

194 3282 217 3324 ιι
234 3264 358 3352 ῥηιδίως
386 3261 419 3342 ἐξ
450 3263 554 3329 αὐτοῦ
583 3274 644 3331 τοῦ
677 3268 784 3350 νόμου
817 3267 999 3350 γνώσεσθε.
1042 3270 1246 3352 βουλόμενος

233 3373 295 3457 γάρ
325 3370 343 3437 6
370 3371 429 3435 τὸν
455 3372 563 3455 νόμον
589 3374 711 3456 τιθείς,
743 3374 823 3458 μήτε
850 3374 928 3449 τοὺς
955 3370 1153 3451 ἀδικοῦντας
1179 3385 1245 3440 τῶν

234 3475 387 3563 ἐμπύρων
414 3471 550 3564 ἀθῴους
577 3471 679 3559 εἶναι,
711 3479 791 3561 μήτε
823 3481 901 3555 τοὺς
933 3478 1054 3556 ἀλλους
1080 3477 1240 3565 πράγματ’

234 3583 331 3666 ἐχειν,
354 3579 465 3658 ἁπλῶς
487 3579 602 3647 ἀπεῖπε
624 3592 695 3658 τοῖς
712 3583 875 3660 τοιούτοις
896 3593 964 3649 τῶν
987 3583 1177 3671 ἀνθρώπων
1199 3587 1244 3670 μὴ
