2658 3922
154 191 219 260 262
464 196 547 246 nvn„
574 192 853 246 ΔΗΜοεοιιιιονε

151 358 345 442 τρυγήτριαι
370 350 524 438 γεγόνασ’
555 353 622 420 ὑπὸ
650 365 717 419 τῶν
744 363 802 437 τής
829 355 954 429 πόλεως
981 348 1049 416 κατ’
1082 349 1181 416 ἐκεί-

151 483 233 538 νους
253 463 330 536 τοὺς
352 462 494 546 χρόνους
517 470 700 545 συμφορῶν
730 456 826 524 ιἰσταὶ
849 449 1018 542 γυναῖκες,
1043 453 1181 522 πολλαὶ

153 563 182 631 δ
209 565 246 632 ἐκ
266 561 418 650 πενήτων
443 566 600 631 πλούσιαι
631 574 704 630 νῦν.
750 561 822 631 ἀλλ’
850 560 955 650 αὐτίχ’
982 558 1065 648 ὑπὲρ
1088 563 1180 628 τού-

151 695 228 738 των.
263 681 328 738 νῦν
351 666 389 736 δέ
410 673 489 750 τοὺς
512 671 681 758 μάρτυρας
701 669 803 736 κάλει.

556 863 758 921 ΜᾹΡΓΤΡΕΣ.

113 1003 139 1044 ⁴⁶
221 988 354 1055 Οὐκοῦν
383 989 435 1056 δτι
464 987 525 1073 μὲν
553 986 609 1054 καὶ
636 989 677 1054 τὰ
705 989 788 1074 πρὸς
820 990 941 1074 μητρός
972 983 1034 1071 εἰμ’
1067 983 1179 1063 ἀστὸς

153 1092 208 1160 καὶ
233 1096 273 1160 τδι
299 1097 383 1181 πρὸς
409 1097 547 1181 πατρός,
573 1095 615 1160 τὰ
642 1091 703 1179 μὲν
731 1092 764 1173 ἐξ
794 1087 841 1160 ὧν
864 1095 937 1180 ἄρτι
960 1092 1177 1178 μεμαρτύρη-

152 1223 205 1265 ται
232 1203 441 1286 μεμαθήκατε
469 1201 607 1286 πάντες,
636 1200 677 1266 τὰ
707 1196 737 1266 δ’
765 1198 797 1277 ἐξ
826 1192 874 1265 ὧν
901 1201 1063 1284 πρότερον
1089 1195 1176 1285 περὶ

152 1316 213 1372 τοῦ
235 1310 365 1393 πατρός.
410 1307 528 1373 λοιπὸν
557 1304 598 1371 δέ
622 1329 680 1390 μοι
706 1303 783 1388 περὶ
811 1304 954 1390 ἐμαυτοῦ
976 1304 1059 1390 πρὸς
1080 1303 1175 1388 ὑμᾶς

154 1413 273 1495 εἰπεῖν,
309 1413 346 1477 τὸ
379 1406 440 1495 μὲν
471 1408 701 1476 ἁπλούστατον
734 1405 826 1494 οἶμαι
858 1406 914 1474 καί
945 1409 1172 1495 δικαιότατον,

154 1514 186 1595 ἐξ
218 1513 412 1602 ἀμφοτέρων
441 1516 549 1581 ἀστῶν
582 1517 662 1581 ὄντα
690 1539 749 1600 με,
776 1517 1082 1601 κεκληρονομηκότα
1111 1514 1173 1582 καὶ

153 1630 211 1705 τῆς
241 1620 356 1698 οὐσίας
387 1619 442 1686 καὶ
473 1631 534 1687 τοῦ
566 1618 700 1706 γένους,
732 1615 818 1686 εἶναι
848 1623 1001 1706 πολίτην·
1029 1619 1070 1686 ού
1099 1622 1170 1706 μὴν

154 1725 238 1792 ἀλλὰ
272 1723 327 1791 καὶ
362 1726 403 1790 τὰ
433 1729 643 1812 προσήκοντα
678 1722 774 1792 πάντ’
812 1725 963 1805 ἐπιδείξω
1000 1725 1170 1813 μάρτυρας

154 1832 394 1918 παρεχόμενος,
431 1831 477 1908 ὡς
511 1833 674 1918 εἰσήχθην
710 1834 758 1909 είς
786 1815 871 1908 Ιτοὺς
906 1832 1070 1918 φράτερας
1077 1881 1087 1917 ,
1123 1834 1170 1910 ὡς

155 1937 343 2024 ἐνεγράφην
368 1939 416 2014 είς
441 1939 520 2014 τοὺς
547 1938 705 2021 δημότας,
737 1936 782 2014 ὡς
811 1933 869 2003 ὑπ’
901 1937 1011 2002 αὐτῶν
1038 1939 1169 2004 τούτων

154 2047 359 2131 προεκρίθην
395 2042 433 2108 ἐν
473 2053 542 2119 τοῖς
582 2043 827 2127 εὐγενεστάτοις
867 2047 1075 2128 κληροῦσθαι
1110 2053 1169 2128 τῆς

155 2152 338 2238 ίερωσύνης
360 2159 404 2238 τῷ
423 2147 595 2236 Ἡρακλεῖ,
622 2149 667 2227 ὡς
693 2144 797 2235 ήρχον
820 2146 921 2234 δρχδς
943 2149 1168 2234 δοκιμασθείς.

155 2261 213 2324 καί
232 2283 288 2343 μοι
310 2257 403 2323 πόλει
426 2256 555 2334 αὐτούς.
1118 2272 1122 2277 ·

559 2413 775 2502 mmm?

116 2591 142 2631 4⁷
224 2573 359 2640 Οὐκοῦν
383 2575 496 2640 δεινὸν
519 2569 545 2638 ὦ
568 2574 688 2660 ἄνδρες
715 2573 883 2658 δικασταί,
910 2574 942 2639 εί
963 2569 1025 2658 μὲν
1048 2575 1169 2660 ἔλαχον

157 2681 274 2765 ἱερεὺς,
297 2679 406 2764 ὥσπερ
428 2681 652 2765 προεκρίθην,
681 2679 753 2744 δεῖν
776 2679 818 2744 ἄν
840 2701 880 2762 με
902 2677 957 2744 καὶ
980 2677 1082 2744 αὐτὸν
1103 2680 1169 2744 θύ-

156 2810 206 2852 ειν
229 2780 312 2870 ὑπὲρ
335 2785 463 2850 τούτων
486 2783 541 2850 καὶ
563 2794 683 2850 τοῦτον
707 2780 775 2868 μετ’
804 2783 885 2868 ἐμοῦ
908 2785 1082 2870 συνθύειν,
1104 2795 1169 2851 νῦν

156 2888 193 2956 δὲ
216 2892 294 2967 τοὺς
316 2888 437 2966 αὐτοὺς
459 2889 597 2967 τούτους
615 2913 655 2974 με
675 2885 752 2974 μεθ’
776 2889 885 2956 αὐτῶν
903 2886 988 2975 μηδὲ
1007 2891 1170 2958 συνθύειν

157 2997 231 3076 ἐῦν;
263 2997 424 3082 φαίνομαι
455 2999 577 3061 τοίνυν.
603 2991 629 3060 δι
658 2997 778 3082 ἄνδρες
807 2993 995 3081 Ἀθηναῖοι,
1025 2998 1086 3063 τὸν
1107 2993 1169 3080 μὶν

156 3104 260 3168 ἄλλον
287 3101 414 3166 ἅπαντα
445 3102 569 3186 χρόνον
603 3101 692 3186 παρὰ
724 3111 805 3167 πᾶσι
836 3113 905 3180 τοῖς
935 3112 999 3168 νῦν
1032 3125 1170 3188 κατηγο-

117 3225 143 3266 48
157 3215 254 3293 ροῦσι
281 3210 416 3291 πολίτης
444 3203 711 3292 ὡμολογημένος·
746 3206 787 3273 ού
813 3207 876 3293 γὰρ
905 3205 947 3273 δν
974 3209 1083 3291 δήπου
1109 3211 1168 3274 τόν

156 3335 194 3396 γε
226 3309 321 3390 ξὲνον
353 3310 408 3378 καὶ
441 3310 612 3396 μέτοικον,
644 3312 689 3388 ὡς
719 3321 783 3378 νῦν
815 3309 918 3396 φησιν
949 3312 1169 3400 Εὐβουλίδης,
1179 3329 1243 3379 1³14

157 3415 238 3482 οῦτή
254 3417 359 3504 ἀρχὰς
386 3418 501 3502 δίρχειν
529 3413 606 3481 οὔθ’
640 3416 826 3502 ἱερωσύνην
854 3421 1062 3503 κληροῦσθαι
1088 3415 1163 3503 μεθ’

159 3518 282 3587 ἑαυτοῦ
318 3518 529 3604 προκριθέντ’
566 3526 668 3585 είασε·
705 3517 760 3584 καὶ
797 3521 859 3604 γδιρ
897 3517 994 3599 οὗτος
1028 3519 1071 3606 ήν
1102 3535 1168 3590 τῶν
1295 3561 1297 3570 ‹
