2650 3918
454 171 456 176 ’
550 164 741 220 ammon.
1088 167 1154 232 345

130 346 209 389 ιτων
232 323 393 408 διελθεῖν,
416 325 463 388 ἐτι
487 317 517 388 δ’
541 321 889 409 ἐπικινδυνότεροντὸ
914 326 1154 412 συμβουλεύειν

138 425 299 516 μέλλονθ’
328 427 430 496 αὑτὸν
457 427 653 496 ὑπεύθυνον
679 438 725 518 τῷ
752 429 924 496 πεισθέντι
946 440 1154 516 καταστῆσαι.

141 534 225 601 ἀλλδι
253 537 377 619 νομίζω
407 545 481 613 τοῖς·
505 531 567 619 μέν
595 538 729 612 δικαίως
756 535 926 621 ἐγκωμίων
946 539 1154 626 -τυγχάνουσι

140 637 375 726 περιγενέσθαι
388 649 446 725 τῆς
459 651 526 706 τῶν
545 639 772 706 ἐπαινούντων
790 641 962 726 δυνάμεως
974 647 1154 731 προσήκειν

139 754 179 830 τῇ
203 753 261 829 τῆς
282 745 442 830 ἀληθείας
462 745 644 832 ὑπερβολῇ,
665 754 723 829 της
746 740 783 812 δὲ
807 750 996 833 συμβουλῆς
1018 750 1059 816 οὐ
1083 753 1153 817 δια-

140 854 381 938 μαρτήσεσθαι,
401 852 564 928 συνειδὼς
585 852 636 918 ὅτι
659 853 715 917 διὰ
738 847 799 937 μὲν
821 851 973 937 ἀνοήτων
995 853 1051 922 καὶ
1071 877 1154 923 παν-

8 951 10 1014 ἒ
139 962 243 1034 τελῶς
255 954 312 1023 ὑπ’
330 957 489 1044 ἀκρασίας
503 954 761 1042 διεφθαρμένων
777 955 858 1024 οὐδὲ
875 970 942 1025 τῶν
959 957 1036 1024 καθ’
1054 961 1154 1046 οπερ-

139 1062 246 1145 βολην
261 1061 372 1151 ὀρθῶς
385 1061 640 1148 βουλευθέντων
659 1059 761 1129 οὐδὲν
774 1061 818 1130 ἀν
831 1068 939 1140 καλῶς
956 1063 1153 1151 ἐξενεχθείη,

140 1168 197 1233 διὰ
221 1163 259 1233 δὲ
288 1178 356 1234 τῶν
385 1170 568 1255 σωφρόνως
595 1164 651 1234 καί
680 1176 836 1255 καθαρῶς
866 1171 923 1253 ζῆν
946 1167 1153 1255 αίρουμένων

140 1270 221 1341 οὐδὲ
247 1275 288 1340 τὰ
317 1277 456 1361 μετρίως
485 1272 666 1360 ἐσκεμμένα
694 1275 976 1362 διαμαρτάνεσθαι
998 1273 1153 1360 πέφυκεν.
1193 1307 1195 1311 ·

110 1381 198 1456 ετδις
221 1375 282 1464 μὲν
305 1375 367 1446 οὖν
386 1379 521 1458 ἐλπίδας
544 1383 628 1466 ἔχων
646 1383 799 1459 τοιαύτας
821 1379 957 1468 ἐγχειρῶ
979 1389 1024 1470 τῷ
1049 1382 1153 1469 λόγφ·

138 1487 284 1570 ἡγοῦμαι
306 1482 344 1552 δὲ
366 1485 490 1564 πάντας
517 1486 560 1553 δν
582 1487 788 1572 ὁμολογῆσαί
804 1510 886 1572 μοι,
909 1497 981 1574 τοῖς
1002 1487 1153 1570 τηλικού-

138 1615 208 1669 τοις
235 1591 375 1676 μάλιστα
401 1595 605 1676 κατεπείγειν
631 1593 752 1669 κάλλος
778 1588 839 1677 μὲν
867 1590 920 1659 ἐπὶ
948 1599 1006 1676 τῆς
1035 1593 1153 1676 ὄψεως,

140 1699 363 1784 σωφροσύνην
387 1696 417 1765 δ’
440 1694 493 1764 ἐπὶ
516 1705 572 1782 τῆς
593 1707 711 1783 ψυχῆς,
734 1696 893 1785 ἀνδρείαν
916 1694 947 1786 δῖ
970 1695 1019 1764 ἐπ’
1046 1697 1152 1786 ἀμφο-

139 1801 244 1889 τέρων
279 1803 422 1888 τούτων,
458 1804 556 1890 χάριν
593 1800 623 1869 δ’
658 1800 711 1869 ε’πλ
746 1814 814 1869 τῶν
849 1806 961 1886 λόγων
988 1805 1155 1870 διατελεῖν.

140 1913 282 1995 ἔχουσιν.
328 1903 376 1974 ὧν
398 1910 438 1974 τδι
461 1905 522 1994 μὲν
544 1918 602 1992 της
624 1911 755 1994 φύσεως
785 1908 871 1978 οὕτω
893 1913 1002 1985 καλῶς
1025 1909 1046 1992 ἡ
1069 1910 1151 1994 τύχη

140 2031 194 2080 σοι
216 2012 470 2100 παραδέδωκεν,
501 2015 584 2080 ὥστε
613 2018 832 2102 περίβλεπτον
861 2012 916 2080 καὶ
944 2017 1151 2099 θαυμαζόμε-

140 2143 202 2185 νον
225 2121 406 2204 διατελεῖν,
437 2120 477 2184 τδι
509 2117 540 2185 δ’
567 2119 666 2196 αὐτὸς
688 2121 777 2206 παρὰ
805 2121 867 2204 την
895 2117 1082 2204 ἐπιμέλειαν
1104 2121 1152 2197 είς
1162 2143 1230 2196 1404

139 2233 238 2289 τοῦτο
260 2226 459 2310 προαγαγὼν
488 2224 594 2310 ἥκεις,
626 2224 709 2291 ὥστε
727 2222 842 2310 μηδέν’
869 2226 911 2291 ἀν
942 2241 995 2291 σοι
1023 2236 1090 2291 τῶν
1112 2220 1151 2290 εὖ

113 2331 359 2416 εφρονούντων
389 2330 584 2416 ἐπιτιμῆσαι.
630 2335 737 2398 καίτοι
766 2333 802 2397 τί
826 2331 889 2418 χρὴ
916 2332 975 2398 τὸν
1001 2341 1068 2396 τῶν
1095 2354 1151 2414 με·

138 2439 262 2518 γίστων
288 2434 433 2503 ἐπαίνων
458 2436 566 2516 &enom
599 2436 664 2523 οὐχ
687 2436 753 2503 ὑπὸ
780 2432 842 2521 μέν
868 2446 936 2502 τῶν
958 2441 1049 2502 θεῶν
1071 2435 1151 2520 ηγα-

138 2540 286 2628 πημένον
312 2546 509 2629 φαίνεσθαι,
538 2543 627 2628 παρὰ
646 2537 693 2610 ,δὲ
719 2553 788 2619 τοις
814 2541 1007 2629 ἀνθρώποις
1026 2541 1067 2608 τό
1089 2538 1150 2626 μὲν

139 2646 181 2713 δι’
209 2648 328 2734 αὑτὸν,
354 2648 394 2714 τὰ
422 2644 460 2714 δὲ
487 2649 543 2713 διδι
574 2648 636 2732 την
662 2648 766 2732 τύχην
794 2647 1040 2732 θανμάξεσθαις
1067 2645 1145 2714 καθ’

139 2753 219 2820 ὅλου
232 2765 235 2772 ’
248 2750 310 2839 μδν
322 2787 327 2796 ¹·
339 2757 455 2821 τοίνυν
486 2764 554 2820 τῶν
584 2753 801 2839 ὑπαρχόντων
835 2768 888 2820 σοι
918 2755 1001 2840 πρὸς
1029 2753 1149 2840 ἀρετὴν

140 2863 218 2936 ίσως
234 2860 375 2946 ὕστερον
394 2859 531 2949 ἁρμόσει
553 2860 593 2926 τὰ
611 2862 688 2925 πλεί
687 2882 712 2925 ω
673 2859 903 2926 ίδιελθείν
917 2859 938 2928 δ
957 2857 986 2926 δ’
1009 2857 1149 2928 ἐκάστου

139 2965 265 3030 τούτων
283 2965 405 3050 ε’γκῶμι
407 2961 541 3036 ἐἰπεῖν
565 2968 640 3050 ἔχω,
662 2973 764 3030 ταῦτα
784 2965 930 3088 δηλῶσαι
951 2966 1149 3052 πειράσομαι

138 3065 206 3154 μετ’
233 3067 399 3153 ἀληθείας.

102 3194 126 3234 10
196 3171 355 3261 ’Ἀρξομαι
374 3171 411 3241 δὲ
428 3187 560 3263 πρῶτον
579 3174 737 3259 ἐπαινεῖν,
760 3173 840 3261 ὅπερ
862 3187 993 3261 πρῶτον
1016 3132 1147 3243 ίδοῦσιν

138 3282 259 3347 ἅπασιν
292 3283 361 3346 ἐστι
392 3285 522 3363 γνῶναί
550 3299 628 3366 σου,
655 3283 692 3348 τὸ
720 3281 857 3366 κᾶλλος,
883 3278 939 3349 καὶ
967 3282 1086 3348 τούτου
1109 3283 1147 3346 τὸ

137 3399 266 3474 χρῶμα,
294 3383 340 3454 δι’
368 3409 409 3452 ου
394 3381 487 3460 ,καί
509 3387 549 3452 τὰ
572 3384 652 3472 μέλη
676 3384 731 3454 καὶ
755 3387 836 3453 ὅλον
857 3388 913 3453 τὸ
919 3397 1011 3470 σῶμα
1033 3388 1147 3472 φαίνε-

137 3516 198 3560 ται.
244 3485 270 3581 95
298 3487 361 3558 τίν’
388 3489 616 3577 ἁρμόττουσαν
644 3488 745 3561 εἰκόν’
772 3489 895 3575 ἐνέγκω
923 3501 1056 3557 σκοπῶν
1086 3492 1155 3576 οὐχ
