2658 3914
198 155 264 220 174
524 156 556 206 L.
582 149 890 224 [ΛΗποΣοεπονα]

192 318 375 404 ὑπηρεσίαν
403 315 469 381 ὑπὸ
499 319 626 399 μισθοῦ
654 316 782 378 πολλοῦ
810 308 866 376 καὶ
893 308 1061 386 έντελοῦςς
1092 316 1206 371 κακῶν

194 419 247 490 δ”
270 425 332 507 ἐφη
355 419 573 496 (διδάσκαλος
594 415 734 502 γέγονας
756 415 794 482 ἐν
815 422 861 504 τῷ
887 413 1120 500 στρατεύματι,
1147 409 1206 476 καὶ

194 534 298 604 αἴτιος
319 520 352 592 εἶ
368 524 466 612 μέρος
482 549 515 590 τι
536 521 592 590 καὶ
610 535 680 601 τοῖς
696 524 809 600 ἄλλοις
831 520 1040 608 τριηράρχοις
1061 540 1205 603 πονηρο-

194 632 310 720 τέρους
340 627 531 708 εἶναιτοὺς
557 630 772 717 στρατιώτας,
805 631 980 712 ζητοῦντας
1005 625 1107 692 ταύτὰ
1135 634 1206 700 τοῖς

194 739 283 822 παρὰ
306 741 375 805 σοί·
398 739 466 803 ἔδει
488 738 552 824 γὰρ
575 733 613 803 σὲ
634 736 737 802 ταῦτὰ
758 745 867 801 ποιεῖν
888 744 958 810 τοις
979 732 1093 808 ἄλλοις
1113 745 1275 816 τριη-ιειε
1300 825 1301 832 ρ

154 866 181 906 ιι
195 843 354 931 ρύρχοις.’
386 843 541 927 λέγοντος
559 839 590 908 δ’
613 842 717 908 αύτοῦ
734 851 848 925 ταῦτα,
870 837 1097 926 ἀπεκρινάμην
1115 834 1204 923 αύτῷ

195 949 245 1015 δτι
269 950 369 1034 σκεύη
391 946 453 1035 μὲν
479 950 536 1015 διὰ
563 958 661 1015 τοῦτο
685 948 725 1014 ού
753 948 887 1033 λάβοιμι
909 945 946 1012 έκ
967 953 1028 1011 τοῦ
1049 946 1204 1031 νεωρίου,

195 1055 262 1122 ’ὅτι
289 1059 331 1122 σὺ
358 1054 501 1139 ἀδόκιμα
526 1054 682 1139 ἐποίησας
708 1053 799 1120 αύτά.
839 1049 910 1119 ἀλλ’
937 1054 970 1118 εἰ
994 1047 1055 1136 μὰν
1077 1051 1204 1136 βούλει,

194 1171 297 1228 ταῦτα
318 1162 500 1248 παράλαβε·
521 1163 555 1227 εί
576 1157 613 1228 δὲ
636 1162 693 1246 μη,
714 1160 814 1242 σκεύη
838 1167 947 1246 σαντρλ
970 1157 1203 1244 παρασκεύαζε.
1302 1158 1303 1248 λ

195 1266 271 1352 περὶ
293 1265 331 1335 δὲ
346 1279 416 1334 τῶν
432 1279 565 1334 ναυτῶν
582 1265 638 1333 καὶ
656 1278 723 1332 τῶν
745 1264 910 1350 ἐπιβατῶν
931 1261 988 1330 καὶ
1008 1271 1066 1348 τῆς
1081 1262 1203 1349 ύτηρε-
1302 1253 1303 1256 “

197 1376 280 1457 σίας,
302 1375 334 1440 εί
354 1372 420 1460 φῂς
437 1370 493 1438 ὑπ’
516 1373 598 1458 ἐμοῦ
620 1373 741 1450 αύτούς
762 1370 982 1458 διεφθάρθαι,
1002 1371 1203 1456 παραλαβὼν
1303 1420 1304 1467 ,

197 1481 258 1563 τὴν
280 1481 397 1565 τριήρη
420 1477 518 1555 αύτδς
536 1487 645 1566 σαυτῷ
666 1479 908 1544 κατασκεύασαι
928 1475 985 1544 καλ
1005 1477 1129 1553 ναύτας
1149 1473 1204 1541 καὶ

197 1583 352 1667 ἐπιβάτας
377 1581 433 1648 καὶ
459 1583 660 1669 ὑπηρεσίαν,
691 1583 811 1661 οἵτινές
837 1601 891 1650 σοι
917 1578 1021 1668 μηδὲν
1048 1585 1205 1667 λαβόντες

198 1690 472 1772 συμπλεύσονται.
508 1690 569 1772 τὴν
600 1685 637 1755 δὲ
668 1699 754 1756 ναῦν
784 1690 967 1776 παράλαβε·
999 1689 1040 1755 οὐ
1066 1688 1130 1773 γὰρ
1157 1689 1204 1754 ἐτι
1304 1682 1305 1732 ¹

197 1817 255 1878 μοι
276 1797 434 1880 προσήκει
454 1806 677 1882 τριηραρχειν·
700 1794 771 1862 ὅτε
793 1797 857 1882 γὰρ
880 1799 999 1882 χρόνος
1020 1793 1126 1878 ἐξήκει
1148 1817 1205 1879 μοι

197 1907 255 1983 τῆς
271 1903 493 1986 τριηραρχίας,
509 1898 565 1966 καὶ
583 1900 893 1989 ἐπιτετριηράρχηκα
909 1899 1063 1988 τέτταρας
1079 1898 1206 1986 μῆνας.’
1305 1944 1306 1978 η

157 2026 184 2066 ιτ
198 2003 353 2088 λέγοντος
378 2004 420 2071 δέ
443 2029 509 2090 μου
540 2018 661 2092 ταῦτα,
691 2007 905 2092 ἀποκρίνεταί
930 2030 987 2092 μοι
1013 2007 1065 2073 ότι
1086 2007 1104 2073 ὁ
1128 2023 1205 2074 σνν-

198 2114 394 2198 τριηραρχος
407 2111 496 2200 αύτῷ
514 2111 575 2198 οὐχ
588 2112 663 2196 ἥκοι
681 2110 735 2179 ἐπὶ
747 2114 809 2196 την
826 2122 926 2179 ναῦν·
949 2112 1090 2178 “ούκονν
1103 2133 1206 2200 παρα·

199 2220 344 2304 ληψομαι
357 2221 460 2304 μόνος
472 2220 534 2304 τὴν
547 2217 686 2306 τρνόρηῖ
721 2220 766 2297 ὡς
783 2213 847 2284 οὖν
865 2217 974 2302 ἀληθῆ
997 2228 1099 2285 ταῦτα
1121 2218 1206 2304 λέγω

198 2327 281 2411 πρὸς
305 2324 408 2410 ὑμᾶς,
436 2321 492 2391 καὶ
518 2323 556 2390 ἐν
578 2321 640 2410 μὰν
666 2333 705 2411 τῇ
733 2324 839 2412 ἀγορᾷ
864 2322 1062 2411 ἀπεκρίνατό
1087 2348 1146 2410 μοι
1166 2327 1207 2392 τὰ

199 2434 374 2518 πρότερον,
395 2431 447 2496 ὅτι
469 2426 570 2496 ούδὰν
592 2430 681 2519 αύτῷ
704 2429 799 2515 μέλοι
817 2425 865 2496 ὧν
887 2428 1028 2515 λέγοιμι,
1050 2429 1086 2496 ἐν
1109 2428 1147 2498 δδ
1168 2442 1206 2518 τῇ

200 2540 289 2626 οἰκία
316 2532 398 2603 οὗδ
426 2539 614 2622 Τιμόμαχος
638 2539 813 2621 κατήγετο,
841 2535 893 2602 ὅτι
919 2539 1020 2620 μόνος
1042 2537 1083 2602 ού
1105 2558 1208 2625 παρα-

201 2644 338 2725 λήψεται
354 2643 416 2727 την
434 2651 532 2728 ναῦν,
553 2643 681 2710 τούτων
699 2644 780 2728 ὑμίν
803 2642 1028 2727 ἀναγνώσεται
1049 2643 1107 2722 τὰς
1128 2669 1208 2732 μαρ.

201 2751 323 2833 τυρίας.

605 2837 812 2890 MAPTTPIAI.

162 2977 188 3018 ιε
268 2959 364 3024 Μετὰ
392 2968 495 3025 ταῦτα
523 2963 640 3026 τοίνυν
666 2956 692 3026 ὦ
720 2961 839 3048 ἄνδρες
867 2963 1035 3047 δικασταί,
1067 2962 1111 3039 ὡς
1133 2955 1208 3029 ούτε

203 3059 300 3140 οὗτος
321 3062 426 3148 ἤθελέ
446 3086 502 3148 μοι
525 3066 586 3149 τὴν
608 3073 694 3131 ναῦν
718 3065 943 3152 διαδέχεσθαι,
965 3067 1042 3134 οὔτε
1063 3066 1208 3135 τάναλόι-

203 3166 277 3255 ματ’
303 3167 462 3236 ἀπεδίδου
488 3180 548 3237 τοῦ
576 3170 946 3259 ἐπιτετριηραρχημένου
968 3175 1107 3260 χρόνον,
1134 3175 1208 3242 διε

204 3278 383 3362 στρατηγὸς
399 3275 600 3363 προσέταττέ
613 3300 671 3362 μοι
684 3276 884 3362 ἀνάγεσθαι,
905 3280 1104 3366 προσελθὼν
1121 3279 1207 3367 αύτῷ

204 3381 241 3449 έν
264 3381 363 3470 Θάσῳ
388 3380 425 3448 ἐν
447 3390 492 3470 τῷ
516 3382 626 3468 λιμένι
648 3382 802 3450 ἐναντίον
822 3394 884 3450 τοῦ
906 3395 1108 3472 στρατηγοῦ,
1129 3387 1209 3469 πλύ-

204 3511 283 3572 ρονς
307 3489 407 3572 οὔσης
428 3495 486 3572 τῆς
502 3491 668 3576 τριήρους,
690 3491 805 3573 ἔλεγον
823 3489 844 3555 δ
863 3491 973 3557 δίκαια
990 3487 1052 3576 μὰν
1073 3490 1135 3558 οῦκ
1155 3485 1210 3577 ἦν,
