2654 3926
501 149 600 201 ΠΡΟΣ
618 149 801 204 mama.
1112 149 1155 213 59

80 327 114 368 ³5
132 305 216 376 ἀλλ’
244 309 310 374 ὑπὸ
337 319 404 373 τῶν
431 307 692 394 εἰσποιουμένων
724 313 954 376 καθίστανται·
982 309 1065 374 ἀλλά
1093 309 1155 394 γάρ

131 411 236 499 οἶμαι
260 413 388 480 διπλοῦν
411 416 688 500 τιβιελογίσατο,
719 417 790 481 δεῖν
819 416 921 482 αὑτὸν
944 413 999 481 καὶ
1023 417 1157 491 δικαίως

131 519 199 587 καὶ
222 519 345 596 ἀδίκως
373 518 593 606 ἀμφισβητεῖν
620 532 687 587 τῶν
715 520 907 607 ἀλλοτρίων.
948 519 1003 586 καὶ
1025 531 1156 597 πρῶτον

134 623 204 693 μὲν
239 625 349 690 ἐλθὼν
382 617 451 703 οἷος
482 621 525 710 ῆν
557 629 604 704 είς
639 630 698 693 τὸν
726 625 909 713 Ὀτρυνέων
944 631 1067 692 πίνακα
1098 628 1156 692 τὸν

135 734 415 816 ἐκκλησιαστικὸν
443 731 621 818 ἐγγράφειν
654 733 756 800 αὑτὸν
779 730 980 810 Ἐλευσίνιος
1007 733 1070 815 ἀν,
1102 730 1157 797 καί

135 847 242 904 τοῦτο
270 839 439 928 διφκεῖτο,
467 841 592 922 ἔπειτα,
624 836 704 922 πρὶν
732 837 937 923 ἐγγραφῆναι
963 836 1019 903 καὶ
1047 838 1083 904 ἐν
1110 848 1156 926 τῷ

138 941 342 1032 ληξιαρχικῷ
372 946 582 1032 γραμματείφ
611 952 656 1030 τῷ
687 955 754 1030 τῶν
779 941 982 1028 Ὀτρυνέων,
1012 943 1157 1030 μετέχειν

137 1061 211 1116 τῶν
242 1060 385 1133 κοινῶν,
417 1049 616 1132 τηλικαύτην
652 1052 862 1134 παρανομίαν
898 1051 1159 1135 προαιρούμενος

93 1174 124 1216 aa
139 1167 351 1241 παρανομεῖν
388 1154 484 1220 ἕνεκα
519 1152 717 1232 πλεονεξίαις.
768 1155 964 1238 αἰσθόμενοι
1001 1150 1031 1218 δ’
1066 1155 1159 1238 ἡμεῖς

140 1263 323 1348 μαρτύρων
355 1259 508 1326 ἐναντίον
547 1258 757 1343 ἐκωλύσαμεν
788 1261 826 1326 τὸ
858 1263 1073 1343 γιγνόμενον,
1104 1258 1159 1325 καὶ

141 1365 284 1455 ιρόμεθα
313 1368 384 1432 δεῖν
411 1372 569 1450 κριθῆναι
591 1377 723 1449 πρῶτον
750 1367 811 1450 τῆν
834 1368 1057 1452 κληρονομίαν
1079 1361 1155 1448 παρ’

141 1474 238 1558 ὑμῖν,
255 1470 336 1558 πρὶν
354 1470 408 1537 ἐπὶ
425 1473 463 1537 τὸ
483 1471 588 1556 όνομά
605 1495 680 1537 τινα
698 1474 735 1538 τὸ
754 1481 814 1538 τοῦ
825 1469 1000 1557 Ἀρχιάδου
1014 1473 1159 1555 είσποιη·

141 1583 258 1662 θῆναι.
294 1576 460 1654 κωλυθεὶς
488 1574 525 1644 δέ
552 1576 606 1642 καί
634 1576 838 1664 ἐξελεγχθεὶς
864 1581 947 1663 πρὸς
972 1586 1017 1666 τῷ
1045 1581 1158 1642 πίνακι

143 1683 201 1750 καί
230 1683 267 1750 ἐν
296 1693 335 1769 τῆ
364 1696 432 1750 τῶν
461 1683 632 1770 ἀρχόντων
666 1683 771 1771 ἀγορᾷ
805 1685 856 1749 ότι
888 1685 995 1768 ῆδίκει
1025 1687 1158 1749 πολλῶν

143 1787 310 1874 ἐναντίον,
333 1789 414 1879 ᾤετο
439 1792 511 1857 δεῖν
534 1787 638 1875 μηδὲν
661 1785 759 1874 ἦττον
782 1791 955 1875 βιάζεσθαι
976 1789 1031 1856 καί
1054 1794 1158 1872 κρείτ-

144 1918 213 1960 των
236 1907 307 1973 ταῖς
329 1909 551 1980 παρασκευαῖς
573 1908 640 1962 τῶν
662 1895 831 1981 ὑμετέρων
853 1898 968 1980 νόμων
990 1895 1158 1980 γενέσθαι.

103 2023 130 2063 ιι
146 2003 181 2064 τί
201 2001 323 2066 τούτου
346 2004 537 2086 τεκμηριον;
562 2004 758 2086 συναγαγών
776 2025 868 2078 τινας
889 2012 956 2068 τῶν
975 1999 1159 2087 Ὀτρυνέων

146 2105 282 2187 ὀλίγους
304 2103 360 2170 καὶ
381 2109 441 2172 τὸν
460 2109 630 2191 δήμαρχον
653 2111 775 2190 πείθει,
799 2107 933 2172 ε’πειδάν
957 2106 1098 2192 ἀνοιχθῆ
1121 2109 1158 2172 τὸ

17 2239 18 2253 ¹
145 2221 389 2294 γραμματεῖον,
419 2209 580 2296 ἐγγράψαι
613 2212 724 2277 αὑτόν.
770 2211 824 2277 καί
857 2213 937 2297 μετά
968 2222 1071 2277 ταῦτα
1102 2207 1159 2294 ἧκε

148 2317 400 2398 Παναθηναίων
428 2317 536 2380 όντων
562 2325 629 2380 τῶν
658 2317 810 2400 μεγάλων
837 2326 876 2402 τῆ
905 2318 1053 2382 διαδόσει
1079 2319 1160 2402 πρὸς

147 2422 185 2486 τὸ
208 2424 387 2506 θεωρικόν,
410 2419 464 2485 καὶ
489 2419 601 2504 ἐπειδὴ
626 2421 661 2486 οί
681 2423 776 2487 ἀλλοι
800 2424 939 2506 δημόται
962 2420 1160 2506 ἐλάμβανον,

147 2525 243 2611 ἠξίου
266 2525 321 2592 καί
345 2526 433 2614 αύτῷ
454 2527 613 2591 δίδοσθαι
630 2524 685 2591 καί
705 2525 910 2612 ἐγγραφῆναι
928 2528 976 2604 είς
997 2529 1034 2592 τὸ
1058 2551 1159 2612 γραμ-

149 2626 282 2717 ματεῖον
301 2631 354 2698 ἐπὶ
371 2635 409 2699 τὸ
426 2642 487 2699 τοῦ
502 2629 678 2717 Ἀρχιάδοο
698 2635 812 2718 ὄνομα.
845 2631 1160 2720 διαμαρτυρομένων

149 2735 186 2804 δὲ
208 2739 313 2825 ἡμῶν,
334 2737 390 2805 καὶ
417 2750 484 2805 τῶν
512 2740 622 2804 ἀλλων
651 2740 763 2805 δεινὸν
790 2743 986 2825 φασκόντων
1014 2735 1159 2806 εἶναιτὸ

148 2847 358 2929 γιγνόμενον,
381 2843 531 2929 ἀπῆλθεν
549 2841 619 2910 οὔτ’
643 2844 817 2932 ἐγγραφεὶς
835 2847 911 2912 οὔτε
933 2847 971 2912 τὸ
993 2849 1159 2930 θεωρικὸν

113 2967 139 3008 ⁸8
151 2953 269 3036 λαβών.
303 2953 363 3016 τὸν
382 2947 419 3016 δέ
437 2951 525 3036 παρὰ
543 2952 581 3016 τὸ
600 2953 753 3036 ψῆφισμα
771 2954 807 3018 τὸ
825 2951 986 3038 ὑμέτερον
1005 2950 1159 3030 ἀξιοῦντα
1172 2973 1238 3022 ιοευ

151 3057 185 3122 τὸ
215 3057 383 3142 θεωρικὸν
415 3056 614 3140 λαμβάνειν,
650 3055 730 3144 πρὶν
769 3057 973 3144 ἐγγραφῆναι
1004 3060 1052 3134 είς
1082 3060 1160 3134 τοὺς

149 3158 332 3247 Ὀτρυνέας,
360 3163 439 3227 ὄντα
466 3160 500 3240 ἐξ
529 3159 641 3246 ἑτέρου
670 3165 794 3248 δήμου,
820 3174 939 3230 τοῦτον
963 3164 1024 3229 οὐκ
1047 3169 1159 3230 οἴεσθε

153 3278 207 3332 τοῦ
237 3272 363 3353 κλήρου
394 3269 482 3353 παρά
514 3271 591 3345 τοὺς
626 3272 752 3353 νόμους
783 3269 1016 3355 ἀμφισβητεῖν;
1048 3270 1069 3354 ῆ
1100 3273 1159 3336 τὸν

152 3375 210 3458 πρὸ
229 3382 286 3457 τῆς
303 3382 364 3439 τοῦ
384 3373 596 3458 δικαστηρίου
615 3375 769 3457 γνώσεως
788 3375 892 3450 οὕτως
910 3373 1046 3451 ἀδίκους
1063 3381 1158 3441 πλεο-

152 3471 255 3556 νεξίας
283 3479 530 3562 διοικούμενον,
558 3488 678 3544 τοῦτον
707 3492 776 3556 πῶς
804 3479 890 3555 εἰκὸς
919 3489 964 3567 τῷ
995 3481 1158 3566 πράγματι
