2654 3926
458 162 556 214 Πεοε
574 161 755 212 οοοΧεΡΗ.
928 123 931 128 ’
1070 161 1110 224 61

104 319 238 388 ἐπειδὰν
269 317 344 407 περὶ
375 321 496 387 τούτου
528 331 589 387 τοῦ
620 319 749 405 άγῶυος
779 319 873 406 ὑμεῖς
908 320 969 406 τῆν
1001 315 1115 404 ψῆφον

103 424 268 512 ἐνέγκητε,
286 436 466 511 τηνικαῦτα
484 426 520 493 ἐκ
537 439 604 494 τῶν
622 429 703 493 κατὰ
722 425 818 518 γένος
836 426 1002 510 ἐγγυτάτω
1020 426 1115 510 ἡμῶν

102 535 251 598 είσποεῖν
277 533 354 598 υίδν
381 542 426 621 τῷ
454 537 712 620 τετελευτηκότι,
740 533 828 610 ὅπως
850 531 892 598 άν
915 533 933 598 ό
957 528 1046 609 οίκος
1069 533 1113 616 μῆ

102 637 306 724 ἐξερημωθῇ.

57 767 89 807 ιε
170 749 313 829 Πρῶτον
338 741 399 828 μὲν
427 739 491 810 οὖν
514 741 540 809 ὦ
566 745 686 830 ἄνδρες
708 745 877 827 δικασταί,
909 745 954 821 ὡς
976 743 1115 827 ἐπανῆλ-

101 856 167 916 θεν
185 852 233 926 είς
251 852 330 927 τοὺς
348 848 573 926 Ἐλευσινίους
597 849 633 915 ἐκ
654 861 721 915 τῶν
741 847 924 934 Ὀτρυνέων
942 850 1115 932 Λεώστρα-

101 981 159 1034 τος
184 952 298 1022 οὑτοσὶ
321 957 509 1021 καταλιπὼν
531 957 608 1022 υίδν
634 965 680 1044 τῷ
702 953 857 1041 ’Λρχιάδη
880 959 1035 1038 γνήσιον,
1060 950 1115 1018 καὶ

103 1063 155 1128 ὅτι
182 1062 201 1127 ό
228 1062 334 1145 πατὴρ
363 1061 466 1127 αὐτοῦ
494 1063 542 1126 ἐτι
568 1064 730 1146 πρότερον
757 1061 794 1124 τὸ
822 1059 902 1124 αύτδ
929 1057 1017 1125 τοῦτ’
1045 1058 1116 1125 έπε-
1224 1097 1225 1100 ¹

101 1169 245 1252 ποιῆκει,
267 1165 322 1232 καὶ
346 1167 391 1244 ὡς
413 1167 432 1234 δ
454 1164 687 1252 καταλειφθεὶς
704 1167 802 1241 δίπαις
822 1166 1041 1250 τετελεύτηκε,
1061 1163 1116 1230 καὶ

103 1275 149 1352 ὡς
162 1273 181 1340 δ
196 1283 261 1339 νῦν
284 1273 599 1360 διαμεμαρτυρηκὼς
622 1275 783 1357 πρότερον
806 1273 853 1348 είς
875 1275 953 1348 τοὺς
975 1274 1117 1357 δημότας
1187 1315 1195 1322 -

102 1379 123 1464 ἢ
148 1381 194 1456 είς
216 1381 294 1456 τοὺς
316 1379 480 1465 φράτερας
508 1377 689 1463 ἐνεγράφη,
717 1378 845 1443 τούτων
867 1377 948 1462 ύμῖν
970 1379 1027 1454 τάς
1048 1388 1116 1442 τῶν

102 1484 277 1572 φρατέρων
298 1482 353 1550 καί
376 1486 434 1562 τὰς
460 1496 528 1550 τῶν
552 1487 705 1570 δημοτῶν
727 1485 908 1568 μαρτυρίας
930 1482 1116 1566 άναγνάισε·

102 1615 174 1674 ται,
196 1588 250 1656 καὶ
272 1601 339 1657 τῶν
363 1593 475 1656 ἄλλων
504 1586 541 1654 δὲ
563 1601 630 1655 τῶν
652 1587 852 1674 εἰρημένων,
876 1582 923 1654 ὧν
946 1584 1038 1655 οὗτοι
1060 1609 1116 1656 πε-

102 1699 282 1782 ποῆκασιν,
309 1696 464 1763 ἁπάντων
492 1697 574 1781 ύμῖν
596 1697 654 1772 τάς
677 1697 858 1781 μαρτυρίας
880 1693 957 1760 καθ’
983 1697 1021 1762 ’έν
1043 1695 1116 1760 ἕκα-

103 1819 185 1869 στον
206 1801 395 1889 παρέξομαι.
440 1806 499 1870 καί
522 1827 580 1888 μοι
608 1803 700 1867 κάλει
723 1804 801 1878 τοὺς
823 1801 990 1888 μάρτυρας
1013 1803 1115 1887 δευρί.

510 1970 712 2023 ΜΑΡΤΤΡΕΣ.

58 2085 89 2126 4⁵
177 2072 251 2134 Τῶν
273 2064 334 2152 μὲν
356 2070 473 2133 τοίνυν
500 2065 701 2150 πραγμάτων
731 2064 886 2130 ἁπάντων
908 2064 1116 2149 άκηκόατεῶ

103 2176 226 2262 ἄνδρες
249 2173 416 2254 δικασταί,
445 2168 500 2236 καί
523 2181 590 2234 τῶν
613 2169 645 2248 ἐξ
670 2168 770 2255 ἀρχῆς
792 2169 1021 2253 γεγενημένων
1043 2169 1118 2256 περί

100 2283 165 2348 τὸν
179 2282 302 2362 κλῆρον
320 2283 440 2340 τοῦτον
454 2272 509 2339 καί
526 2283 595 2340 τῖον
612 2272 753 2358 ὕστερον
772 2273 983 2358 συμβάντων,
1006 2273 1117 2360 ἐπειδὴ

100 2384 243 2470 τάχιστα
264 2381 325 2466 την
349 2377 442 2462 λῆξιν
466 2378 559 2462 ἡμεῖς
582 2377 815 2462 ἐποιησάμεθα.
852 2381 969 2446 λοιπὸν
992 2375 1023 2444 δ’
1050 2379 1118 2447 ἐστὶ
1129 2403 1197 2454 1094

102 2492 187 2576 περί
210 2510 245 2553 τε
272 2494 329 2572 τῆς
356 2486 595 2570 διαμαρτυρίας
622 2483 722 2566 αὐτῆς
751 2485 855 2548 εἰπεῖν
877 2481 933 2550 καί
955 2483 1118 2571 περὶτῶν

102 2601 240 2682 νόμων,
271 2588 349 2658 καθ’
381 2590 441 2668 οὓς
470 2588 627 2674 ἀξιοῦμεν
653 2594 885 2675 κληρονομεῖν·
914 2593 961 2656 ἔτι
989 2588 1045 2676 δὲ,
1076 2592 1118 2658 ολν

105 2703 233 2788 ἐγχωρῆ
256 2702 295 2766 τὸ
318 2698 410 2784 ύδωρ
434 2694 489 2763 καὶ
513 2698 557 2784 μῆ
576 2693 746 2780 μέλλωμεν
768 2695 849 2782 ὑμῖν
871 2696 1031 2783 ἐνοχλεῖν,
1053 2697 1118 2776 ἐξε-

106 2807 218 2892 λέγξαι
245 2807 285 2873 τά
312 2805 378 2872 ὑπὸ
407 2805 535 2870 τούτων
564 2803 795 2888 ῥηθησόμενα,
827 2803 877 2868 ὅτι
904 2805 980 2870 ούτε
1008 2805 1119 2870 δίκαια

107 2910 185 2980 οὔθ’
211 2913 289 2996 ύγιῆ
312 2910 418 2977 ἐστιν.
463 2908 519 2976 καὶ
546 2919 678 2995 πρῶτον
706 2904 766 2992 μὲν
795 2909 856 2994 τῆν
880 2910 1119 2996 διαμαρτυρίαν

109 3018 301 3102 ἀναγνώτω,
323 3014 379 3083 καί
397 3017 528 3102 σφόδρα
546 3017 605 3081 τὸν
627 3024 711 3080 νοῦν
731 3014 811 3102 αύτῆ
834 3013 1021 3102 προσέχετε·
1044 3012 1120 3100 περὶ

108 3125 171 3212 γάρ
194 3126 314 3210 ταύτης
335 3123 356 3210 η
380 3131 491 3206 ψῆφος
515 3123 706 3206 οἰσθήσεται
727 3123 815 3186 νυνί.

488 3287 739 3342 ΔΙΑΜΔΡΤΤΡῙΑ.

70 3423 97 3464 ες
178 3387 312 3454 Ούκοῦν
331 3390 438 3473 δήπου
463 3386 769 3470 διαμεμαρτύρηκεν
792 3380 905 3468 οὗτος,
933 3383 978 3460 ὡς
1001 3383 1119 3468 άκηκό-

109 3515 177 3578 ατε,
191 3493 251 3578 ’μη
269 3491 417 3559 ἐπίδικον
434 3485 520 3557 εἶναι
533 3491 594 3555 τὸν
607 3494 731 3574 κλῆρον
744 3491 803 3556 τὸν
810 3485 997 3574 Ἀρχιάδου,
1012 3489 1118 3553 όντων
