2658 3922
441 153 538 205 xm
554 153 851 212 Διοωνεοωεεου.
1084 149 1149 217 241
1253 227 1260 254 r

138 312 371 399 μετενέθεσθε,
394 311 478 379 ἀλλά
495 315 555 380 τὸν
577 324 669 380 σῖτον
692 313 796 381 αὐτοῦ
818 312 855 380 έν
878 321 917 400 τῇ
935 310 1038 403 Ῥόδφ
1060 335 1154 378 κατε-

138 423 264 499 λίπετε;
289 419 341 486 ότι
363 413 390 484 ὦ
413 421 534 504 ἄνδρες
560 417 711 486 δικασταὶ
737 429 857 486 τοῦτον
885 415 947 504 μέν
970 416 1154 505 συνέφερεν

138 527 252 604 αὐτοῖς
275 523 379 592 έκεῖσε
401 530 540 592 πωλεῖν·
564 526 622 602 τὰς
643 526 707 612 γὰρ
731 526 828 611 τιμάς
843 526 902 603 τὰς
920 524 1042 592 ένθάδε
1065 521 1154 591 ἀνει-

138 628 232 698 κέναι
250 633 390 715 ἤκουον·
407 631 447 697 τά
466 629 497 697 δ’
516 628 588 698 ἀλλ’
607 631 759 717 ἀγώγιμα
776 632 822 709 ὡς
839 631 925 716 ὑμᾶς
941 629 1154 714 ἀπέστελλον,

140 735 197 822 ἀφ’
229 731 276 802 ὧν
303 739 477 824 κερδανεῖν
505 739 652 821 ἤλπιζον.
693 738 776 804 ὥστε
803 738 865 823 τὴν
891 739 1059 823 μίσθωσιν
1085 747 1153 804 τῶν

139 846 267 908 πλοίων
289 841 371 909 όταν
393 841 506 930 λέγης,
534 843 576 910 οὐ
598 853 658 909 τοῦ
681 843 823 929 ῥαγῆναι
845 843 907 928 τὴν
928 853 1015 916 ναῦν
1035 845 1154 928 τεκμή-

140 973 217 1034 ριον
239 948 354 1034 λέγεις,
377 949 461 1015 ἀλλά
483 959 543 1016 τοῦ
567 947 793 1036 συμφέροντος
814 950 905 1034 ὑμῖν.
939 1013 941 1019 ,
966 986 968 990 ·

95 1071 125 1112 2⁶
207 1054 294 1142 Περὶ
316 1052 378 1141 μδν
401 1049 464 1121 οὖν
485 1056 614 1121 τούτων
633 1055 730 1121 ἱκανά
748 1079 805 1141 μοι
817 1056 863 1123 -τά
886 1053 1055 1142 είρημένα·
1077 1054 1153 1142 περὶ

138 1159 177 1228 δέ
203 1173 271 1229 τῶν
289 1163 498 1245 δανειστῶν,
530 1161 588 1239 οὕς
614 1177 697 1247 φασι
724 1159 1010 1248 συγκεχωρηκέναι
1037 1165 1152 1248 λαβεῖν

136 1264 214 1354 παρ’
242 1268 354 1334 αὐτῶν
382 1269 461 1345 τοὺς
489 1269 538 1345 είς
561 1264 677 1334 Ῥόδον
706 1270 824 1344 τόκους
831 1316 842 1353 ,
871 1269 941 1333 ἔστι
968 1263 1030 1353 μέν
1053 1263 1153 1334 οὐδέν

136 1377 221 1459 πρὸς
250 1373 338 1460 ἡμᾶς
367 1382 474 1439 τοῦτο.
518 1375 551 1438 εί
577 1373 644 1459 -γάρ
679 1396 730 1451 τις
765 1373 848 1459 ὑμῖν
882 1370 992 1466 ἀφῆκέ
1024 1396 1057 1439 τι
1086 1383 1154 1438 τῶν
1164 1388 1230 1439 1291

138 1481 258 1565 αὑτοῦ,
280 1475 382 1546 οὐδὲν
404 1477 565 1545 ἀδικεῖται
587 1476 668 1546 οὔθ’
694 1479 713 1546 δ
741 1480 822 1557 δοὺς
844 1477 924 1546 οὔθ’
951 1479 970 1546 δ
992 1482 1153 1556 πεισθείς·

138 1583 213 1652 ἀλλ’
243 1585 338 1672 ἡμεῖς
364 1582 436 1652 οὔτ’
463 1583 644 1671 ἀφείκαμέν
671 1603 726 1652 σοι
753 1581 855 1654 οὐδὲν
882 1585 960 1652 οὔτε
988 1601 1153 1672 συγκεχω-

138 1694 285 1778 ρήκαμεν
305 1701 353 1781 τῷ
375 1696 447 1780 πλῷ
467 1701 513 1781 τῷ
533 1695 581 1772 είς
597 1690 725 1777 Ῥόδον,
748 1690 821 1759 οὐδ’
845 1690 936 1759 έστὶν
952 1691 1033 1777 ἡμῖν
1052 1687 1153 1758 οὐδέν

96 1813 124 1854 2⁷
138 1799 341 1885 κυριώτερον
348 1808 407 1884 τῆς
416 1808 617 1885 συγγραφῆς.
636 1797 718 1882 αὕτη
730 1795 814 1865 δδτί
823 1796 911 1882 λέγει
920 1796 975 1864 καὶ
985 1809 1046 1865 ποῖ
1051 1819 1153 1884 προσ-

137 1905 246 1970 τάττει
269 1907 329 1971 τὸν
351 1910 459 1971 πλοῦν
481 1911 666 1985 ποιεῖσθαι;
695 1901 886 1990 Ἀθηνηθεν
909 1906 957 1982 είς
979 1911 1152 1988 Αἴγυπτον

137 2009 193 2076 καὶ
207 2009 241 2089 ἐξ
254 2010 428 2094 Αἰγύπτου
442 2011 491 2087 είς
498 2006 656 2095 Ἀθήνας·
671 2012 703 2076 εί
716 2007 754 2077 δέ
767 2012 825 2096 μὴ,
842 2009 1013 2077 ἀποτίνειν
1026 2010 1153 2076 κελεύει

140 2116 297 2183 διπλάσια
309 2116 349 2181 τὰ
363 2119 520 2201 χρήματα.
538 2113 628 2182 ταῦτ’
643 2117 676 2181 εί
688 2110 750 2200 μέν
762 2119 953 2200 πεποίηκας,
967 2111 1068 2182 οὐδὲν
1081 2113 1153 2180 ἀδι·

139 2232 221 2303 κεῖς,
243 2222 275 2285 εί
296 2217 335 2286 δέ
357 2222 402 2305 μὴ
420 2225 598 2304 πεποίηιιας
617 2217 701 2306 μηδδ
718 2225 974 2306 κατακεκόμικας
985 2222 1047 2304 τὴν
1067 2227 1153 2286 ναῦν

136 2327 283 2410 Ἀθήναζ
281 2348 315 2410 ε,
341 2327 501 2412 προσήκει
524 2342 561 2391 σε
585 2329 784 2411 ζημιοῦσθαι
805 2335 851 2415 τῷ
875 2326 1026 2415 έπιτιμίφ
1047 2334 1093 2414 τῷ
1117 2325 1154 2392 εἰι

139 2441 198 2516 τῆς
215 2440 424 2517 συγγραφῆς·
442 2440 540 2498 τοῦτο
554 2432 618 2518 γὰρ
632 2433 669 2499 τὸ
689 2432 875 2538 δίκριιου’
837 2457 899 2499 ουκ
916 2433 1016 2509 ἄλλος
1032 2431 1152 2516 οὐδείς,

139 2535 211 2604 ἀλλ’
239 2538 339 2615 αῦτδς
365 2540 416 2604 σὺ
435 2545 544 2625 σαυτῷ
572 2538 702 2624 ὥρισας.
743 2513 920 2616 δεῖξον
881 2563 944 2605 ουν
970 2547 1040 2616 τοῖς
1062 2539 1154 2606 δικα-

140 2656 231 2721 σταῖς
254 2644 351 2711 δυοῖν
372 2643 530 2729 θάτερον,
553 2642 575 2728 ἢ
595 2644 659 2726 τὴν
681 2645 889 2776 συγγραφὴν,
912 2645 958 2722 ὡς
979 2644 1041 2711 οὐκ
1063 2646 1152 2711 ἔστιν

138 2750 219 2835 ἡμῖν
247 2754 358 2837 κυρία,
387 2750 409 2836 ἢ
438 2749 484 2827 ὡς
512 2749 555 2815 οὐ
584 2751 712 2827 δίκαιος
733 2746 766 2816 εί
785 2749 891 2816 πάντα
909 2751 1001 2818 Ικατδ
1030 2752 1153 2836 ταύτην

99 2871 125 2912 2⁸
139 2857 305 2940 πρέπειν.
344 2857 376 2920 εί
401 2853 442 2921 δέ
466 2877 554 2932 τινες
587 2853 744 2940 ἀφείκασί
769 2859 804 2920 τί
828 2872 882 2922 σοι
907 2854 963 2924 καὶ
989 2875 1152 2944 συγκεχω-

140 2962 260 3046 ρηκασι
281 2964 359 3039 τοὺς
381 2963 428 3039 είς
445 2957 562 3027 Ῥόδον
579 2964 698 3038 τόκους
719 2960 785 3052 ότφ
808 2962 930 3046 δήποτε
949 2966 1062 3053 τρόπφ
1083 2985 1153 3028 πει-

141 3065 293 3152 σθέντες,
325 3067 382 3133 διδ
412 3063 505 3134 ταῦτ’
542 3062 643 3133 οὐδέν
675 3064 800 3144 ἀδικεῖς
829 3067 929 3154 ἡμᾶς,
961 3068 1019 3146 οὓς
1049 3090 1153 3156 παρα-

140 3173 415 3260 συγγεγράφηκας
441 3174 490 3250 είς
509 3169 627 3240 Ῥόδον
652 3173 847 3259 καταγαγὼν
874 3176 937 3260 τὴν
961 3184 1063 3254 υαῦνς
1090 3175 1153 3242 οὐκ

140 3283 256 3364 οίομαί
274 3299 327 3363 γε·
349 3278 390 3345 οὐ
408 3279 472 3364 γὰρ
489 3278 530 3344 τά
547 3275 607 3364 ὑφ’
629 3276 1043 3366 ἕτέρωυσυγκεχωρημένα
1062 3281 1152 3346 δικολ-

142 3387 259 3463 ζουσιν
279 3380 373 3452 οὗτοι
394 3393 475 3469 νῦν,
497 3383 581 3450 ἀλλά
603 3382 725 3452 ταῦτ’
752 3386 858 3454 αὐτοῦ
880 3395 945 3452 σοῦ
964 3387 1050 3472 πρὸς
1068 3384 1153 3468 ἡμᾶς

141 3486 424 3645 συγγεγραμμένα.
465 3485 537 3556 έπελ
563 3486 615 3554 ὅτι
640 3511 679 3576 γε
706 3487 821 3559 καὶτὸ
842 3487 920 3576 περὶ
945 3491 1006 3645 clm
1033 3489 1152 3571 ἄφεσιν

294 3602 394 3647 πται
406 3602 452 3644 111.
