2654 3926
169 225 212 290 88
473 231 555 280 XLV.
578 229 857 282 ΔΗΜΟΣΘΕΝΟΤΣ

169 386 275 469 διάγει
298 387 357 454 τὸν
374 391 462 472 βίον,
484 399 604 455 τοῦτον
622 389 766 475 ήγοῦμαι
789 389 1106 477 συνεωρακέναικαὶ
1125 398 1177 458 λε-

169 495 324 574 λογίσθαι
341 489 419 578 παρ’
442 493 543 581 αὐτῷ,
562 494 611 560 ὅτι
629 507 698 572 τοῖς
716 491 777 579 μὲν
796 494 915 581 διπλόος,
938 496 983 574 ὡς
1000 500 1178 584 πεφύκασι,

168 599 338 681 βαδίζουσι
360 597 415 665 καὶ
438 601 608 685 φαιδροῖς,
631 598 686 667 καὶ
707 600 888 687 προσέλθοι
910 625 960 680 τις
982 601 1024 668 διν
1047 602 1102 669 καὶ
1124 606 1177 670 δε-

168 707 265 787 ηθείη
288 703 343 770 καὶ
366 704 588 789 ἐπαγγείλειεν
616 703 716 772 οὐδὲν
744 708 869 792 ὀκνῶν,
896 719 965 785 τοῖς
992 704 1029 774 δέ
1055 714 1177 774 πεπλα-

169 806 302 892 σμένοις
324 808 378 876 καί
406 812 819 897 σκυθρωποῖςόκνήσειεν
840 837 890 892 τις
912 813 954 879 ἀν
976 819 1178 901 προσελθεῖν

128 929 154 970 ⁶⁹
168 925 307 1000 πρῶτον.
344 913 445 983 οὐδὲν
472 912 535 983 οὐν
562 915 634 982 ἀλλ’
661 917 681 1002 ή
704 921 879 1005 πρόβλημα
905 930 965 988 τοῦ
992 923 1117 1005 τρόπου
1139 923 1177 987 τὸ

169 1029 276 1106 σχήμα
297 1017 386 1086 τοῦτ’
412 1021 574 1107 ἐστι,.καδ
596 1025 634 1090 τὸ
656 1031 714 1106 τῆς
737 1024 886 1101 διανοίας
908 1025 1026 1112 άγριον
1048 1023 1103 1091 καὶ
1124 1047 1178 1092 πι-

167 1128 249 1211 κρὸν
264 1125 408 1194 ἐνταῦθα
423 1130 528 1213 δηλοῖ.
564 1141 701 1214 σημεῖον
721 1129 773 1194 δέ·
789 1132 965 1197 τοσούτων
982 1132 1046 1219 γάρ
1070 1133 1178 1198 ὄντων

167 1233 204 1298 τὸ
236 1219 365 1316 πλῆθος
390 1231 597 1320 Ἀθηναίων,
628 1235 780 1320 πράττων
811 1238 897 1302 πολὺ
929 1235 1060 1322 βέλτιον
1090 1236 1112 1322 ή
1140 1233 1178 1302 σὲ

167 1347 336 1424 προσηκον
358 1336 412 1424 ἦν,
434 1349 479 1429 τῷ
498 1338 621 1406 πώποτ’
645 1343 846 1425 εἰσήνεγκας,
868 1341 889 1426 ή
907 1346 974 1409 τίνι
993 1342 1178 1428 συμβέβλη-

169 1447 227 1508 σαί
245 1466 312 1528 πω,
334 1443 355 1530 ἢ
378 1443 441 1510 τίν’
467 1441 505 1512 εὖ
528 1453 720 1530 πεποίηκας;
743 1443 856 1534 οὐδέν’
883 1447 926 1513 δν
948 1450 1053 1514 εἰπεῖν
1076 1449 1176 1534 ἔχοις·

128 1564 155 1604 ⁷⁰
169 1547 251 1614 άλλδι
274 1548 482 1632 τοκίζωνκαὶ
500 1553 557 1628 τὰς
579 1563 646 1618 τῶν
670 1553 782 1618 ἀλλων
801 1554 973 1638 συμφοράς
990 1551 1046 1619 καὶ
1068 1555 1178 1640 χρείας

168 1654 373 1740 εὐτυχήματα
397 1667 520 1723 σαυτοῦ
538 1660 693 1742 νομίζων,
716 1655 865 1742 ἐξέβαλες
887 1655 948 1744 μὲν
969 1661 1030 1725 τὸν
1053 1669 1177 1726 σαυτοῦ

167 1767 264 1826 θείου
282 1765 406 1828 Νικίαν
425 1762 462 1828 ἐκ
483 1771 546 1845 τῆς,
556 1759 709 1852 πατρῴας
727 1766 842 1848 οίκίας,
864 1762 1032 1852 ἀφῄρησαι
1056 1762 1094 1831 δὲ
1116 1768 1256 1850 τήνιιεε

169 1875 292 1930 σαυτοῦ
319 1867 487 1951 πενθεράν
514 1864 603 1933 ταῦτ’
630 1865 688 1953 ἀφ’
715 1862 762 1933 ὧν
785 1871 856 1953 ἔζη,
880 1869 1034 1955 ἀοίκητον
1058 1867 1095 1936 δὲ
1117 1873 1177 1938 τὸν

165 1967 366 2060 Ἀρχεδήμου
389 1973 492 2037 παῖδα
514 1974 551 2039 τὸ
575 1984 698 2040 σαυτοῦ
722 1973 820 2060 μέρος
841 1979 1030 2060 πεποίηκας.
1066 1975 1177 2055 οὐδεὶς

169 2072 206 2141 δὲ
233 2075 364 2143 πώποθ’
390 2077 476 2143 οὕτω
504 2090 628 2164 πικρῶς
654 2077 727 2144 οὐδ’
751 2079 961 2167 ὑπερήμερον
987 2080 1176 2168 εἰσέπραξεν

168 2183 213 2260 ὡς
243 2185 285 2249 σύ
316 2185 395 2260 τούς
426 2183 618 2269 ὀφείλοντας
649 2187 727 2262 τοὺς
757 2188 883 2263 τόκους.
928 2183 994 2252 εἶθ’
1020 2187 1060 2254 δν
1083 2185 1175 2274 ὁρᾶτ’

168 2286 222 2354 ἐπὶ
250 2289 384 2355 πάντων
407 2290 518 2367 οὕτως
546 2293 664 2377 άγριον
691 2288 746 2356 καὶ
775 2294 912 2378 μιαρόν,
941 2304 1062 2360 τοῦτον
1083 2295 1177 2380 ὑμεῖς

167 2392 335 2482 ἠδικηκότ’
370 2393 420 2461 ἐπ’
454 2395 638 2488 αὐτοφώρῳ
671 2400 829 2482 λαβόντες
861 2398 902 2464 οὐ
932 2403 1176 2484 τιμωρήσεσθες

169 2498 252 2567 δείν’
277 2497 330 2588 ἄρ’
356 2496 382 2566 ὦ
405 2503 525 2588 ἀνδρες
547 2501 698 2569 δικασταί
720 2505 872 2588 ποιήσετε
894 2502 989 2589 κούχὶ
1012 2507 1132 2571 δίκαια.

129 2625 154 2665 υ
226 2605 339 2686 ’Ἀξιον
357 2593 473 2674 τοίνυν
492 2603 518 2688 ὦ
536 2610 656 2694 ἀνδρες
675 2606 846 2692 Ἀθηναῖοι
863 2607 919 2674 καὶ
938 2614 1112 2695 Φορμίωνι
1129 2621 1175 2700 τῷ

167 2713 406 2803 παρασχομένῳ
420 2712 553 2782 τουτονὶ
566 2724 744 2798 νεμεσήσαι
761 2727 830 2792 τοῖς
847 2713 1097 2800 πεπραγμένοις,
1114 2719 1177 2801 τήν

168 2820 339 2886 ἀναίδειαν
357 2829 418 2887 τοῦ
435 2823 560 2905 τρόπου
578 2819 633 2885 καὶ
652 2821 714 2903 τήν
737 2820 929 2907 ἀχαριστίαν
952 2821 1092 2899 ίδόντας.
1129 2819 1177 2888 οἶ-

168 2952 226 3013 μαι
244 2927 307 3012 γάρ
326 2926 471 3002 ἅπαντας
487 2926 573 3010 ὑμᾶς
591 2924 726 3009 είδέναι,
749 2926 799 2992 ὅτι
816 2937 948 3010 τοῦτον,
970 2924 1057 3009 ἡνίκ’
1079 2925 1177 3006 ὤνιος

168 3028 222 3118 ήν,
245 3034 277 3098 εί
298 3029 420 3116 συνέβη
440 3031 598 3117 μάγειρον
615 3033 637 3115 ή
655 3055 745 3109 τινος
763 3033 864 3116 άλλης
881 3029 997 3119 τέχνης
1020 3034 1177 3122 δημιουρ-

168 3143 230 3223 γὸν
259 3141 438 3224 πρίασθαι,
469 3136 530 3219 τήν
556 3146 616 3203 τοῦ
644 3138 806 3204 δεσπότου
838 3136 957 3224 τέχνην
986 3138 1028 3204 άν
1058 3143 1178 3225 μαθὼν

129 3261 153 3301 ⁷2
167 3247 281 3329 πόρρω
308 3253 376 3308 τῶν
402 3250 466 3307 νῦν
492 3244 666 3327 παρόντων
693 3238 735 3326 ἦν
768 3241 915 3325 ἀγαθῶν.
960 3243 1073 3331 ἐπειδή
1102 3246 1133 3313 δ’
1158 3249 1176 3315 δ

168 3350 274 3432 πατήρ
303 3349 320 3416 ὁ
348 3344 503 3432 ήμέτερος
529 3349 718 3432 τραπεζίτης
745 3347 793 3412 ὢν
823 3346 973 3432 ἐκτήσατ’
999 3351 1100 3418 αὐτὸν
1122 3353 1177 3419 καὶ

169 3452 330 3539 γράμματ’
355 3453 549 3520 ἐπαίδευσεν
570 3453 624 3519 καὶ
647 3455 707 3538 τήν
730 3453 848 3540 τέχνην
872 3455 1000 3535 ἐδίδαξε
1022 3456 1077 3522 καὶ
1099 3483 1177 3544 χρη-

170 3558 281 3642 μάτων
305 3557 437 3642 ἐποίησε
455 3561 571 3644 κύριον
589 3564 733 3643 πολλῶν,
756 3560 922 3646 εὐδαίμων
944 3559 1094 3646 γέγονεν,
1116 3567 1177 3648 τήη
