2658 3922
467 173 566 226 111202:
584 173 816 228 mfflmou.
972 153 974 156 ’
1080 170 1145 236 193

134 336 224 417 σιαί,
254 329 325 399 ἀλλ’
353 325 457 400 δτοῦ
485 336 608 421 πατρὸς
636 335 779 420 ἤκουον,
814 334 1013 418 διηγήσομαι
1040 329 1145 416 ὑμῖν.)

133 426 259 517 ’ἔξεστί
279 427 349 506 σοι’
372 442 435 526 ἔφη
458 438 534 524 εέμέ
553 463 588 506 τε
612 434 650 505 εὖ
676 448 812 526 ποιησαι
838 437 894 505 καὶ
916 437 1018 504 αὐτὸν
1041 431 1146 521 μηδὲν

133 548 307 630 βλαβῆναι.
343 544 515 633 προξενῶν
537 541 599 631 μὲν
621 546 685 631 γὰρ
708 546 860 631 τυγχάνω
878 555 945 611 τῶν
959 540 1147 629 Ἡρακλεω-

131 661 216 734 τῶν,
245 651 382 735 βούλοιο
413 649 443 717 δ’
471 651 531 736 ἀν,
561 652 605 729 ὡς
634 647 725 736 οἶμαι
755 650 838 734 ἐγὼ,
867 645 924 734 ἐμὲ
952 653 1080 734 μᾶλλον
1107 649 1146 716 τὸ

132 756 296 842 ἀργύριον
325 760 459 841 λαβεῖν,
492 755 513 840 ἢ
543 758 602 823 τὸν
631 754 785 841 μέτοικον
814 755 996 842 άνθρυπον
1024 751 1080 822 καὶ
1109 753 1147 820 έν

132 862 256 950 Σκύρῳ
278 872 496 928 κατοικοῦντα
517 857 574 926 καὶ
596 861 735 938 οὐδενὸς
757 860 860 940 ἀξιον.
901 858 1085 946 συμβέβηκε
1108 855 1146 926 δδ

131 969 286 1033 τοιοῦτόν
318 987 362 1032 τι·
395 967 414 1033 6
446 968 569 1032 Λάκων
606 967 762 1053 τυγχάνει
798 967 848 1032 διν
877 963 932 1033 καλ
962 967 1060 1044 ἀπαις
1091 963 1147 1032 καὶ

132 1075 344 1158 κληρονόμον
363 1071 486 1139 οὐδένα
504 1080 591 1139 οἴκοι
608 1074 808 1156 καταλιπόν,
831 1072 877 1149 ὡς
893 1071 957 1156 ἐγὼ
975 1071 1146 1138 πυνθάνο-

92 1195 119 1236 ¹⁰
133 1201 201 1262 μαι.
237 1179 321 1264 πρὸς
340 1173 378 1243 δὲ
395 1179 513 1268 τούτῳ,
536 1177 648 1262 ἐπειδὴ
668 1175 846 1264 εἰς”Αργος
863 1179 1011 1263 κατήχθη
1029 1199 1146 1262 τετρω-

132 1281 241 1368 μένος,
255 1292 301 1371 τῷ
315 1282 466 1373 προξένῳ
480 1295 547 1350 τῶν
555 1281 794 1370 Ἡρακλεωτῶν
807 1292 853 1371 τῷ
864 1281 1000 1372 Ἀργείφ
1014 1285 1147 1368 Σαραμ-

132 1388 221 1480 μένφ
251 1389 292 1454 τά
320 1392 469 1476 χρηματα
503 1387 666 1475 δέδοικεν,
700 1388 721 1455 ά
750 1391 898 1476 κατήχθη
932 1385 999 1474 μετ’
1034 1388 1146 1456 αὐτοῦ.

133 1487 202 1572 οἷος
225 1489 289 1561 οὖν
311 1497 379 1580 εἰμι
402 1491 458 1561 καὶ
480 1494 545 1580 ἐγὼ
563 1495 603 1560 τὰ
621 1495 744 1562 ἐνθάδε
763 1496 862 1572 αὐτὸς
883 1493 999 1574 ἀξιοῦν
1022 1493 1147 1579 λαμβά-

132 1619 219 1668 νειν·
247 1601 392 1686 ἡγοῦμαι
416 1594 484 1688 ’γὰρ
518 1603 645 1679 δίκαιος
676 1597 762 1668 εἶναι
793 1603 888 1688 ἔχειν.
934 1603 976 1666 σὺ
1004 1595 1085 1684 οὖν,
1115 1601 1149 1666 εἰ

133 1707 197 1792 άρα
229 1707 274 1793 μη
304 1705 483 1792 ἀπείληφε,
515 1705 589 1792 λέγε
617 1708 668 1774 ὅτι
695 1707 759 1791 ἐγὼ
787 1706 994 1794 ἀμφισβητῶ,
1017 1705 1060 1772 δν
1081 1707 1146 1792 ἄρα
1155 1719 1224 1770 12³9

133 1814 216 1900 ἔλθη
240 1812 258 1878 6
282 1802 499 1898 Κηφισιάδης.
536 1816 569 1880 εἰ
585 1810 616 1880 δ’
638 1813 703 1901 ἀρα
720 1813 892 1898 ἀπείληφε,
913 1812 988 1896 λέγε
1011 1813 1062 1878 ὅτι
1080 1811 1144 1897 ἐγὼ

133 1919 300 2005 μάρτυρας
322 1919 407 2004 ἔχων
425 1917 543 2001 ἠξίουν
561 1917 691 2004 ἐμφανῆ
714 1927 913 2002 καταστῆσαι
935 1918 975 1984 ιδ
997 1920 1146 2005 χρήματα

132 2023 154 2108 ἢ
176 2025 236 2090 τὸν
258 2022 507 2109 κεκομισμένον,
529 2021 585 2089 καὶ
603 2031 638 2089 εἰ
651 2028 701 2101 τίς
719 2046 758 2108 με
777 2026 932 2109 βούλεται
951 2022 1146 2109 ἀφελέσθαι,

94 2147 119 2186 11
132 2127 297 2214 πρόξενον
318 2130 399 2195 ὄντα
426 2128 670 2214 ἀφαιρεθηναι.’
703 2128 823 2214 ’ἐπειδὴ
847 2126 886 2195 δὲ
907 2129 995 2218 αὐτῷ
1023 2135 1146 2216 εἴρητο,

133 2233 234 2316 ‘376’
262 2235 325 2318 ἔφη
346 2233 367 2300 6
389 2234 496 2320 πατὴρ
520 2229 565 2298 ’ὦ
588 2233 760 2299 Κάλλιππε
786 2237 977 2321 χαρίζεσθαι
1004 2231 1064 2318 μέν
1092 2250 1147 2301 σοι

133 2339 297 2426 βούλομαι
327 2334 397 2426 (καὶ
425 2339 489 2424 γάρ
519 2337 562 2403 δν
590 2336 646 2404 καὶ
675 2343 873 2424 μαινοίμην,
902 2341 934 2404 εἰ
961 2336 1032 2424 μή),
1059 2338 1145 2406 οὕτω

134 2442 265 2530 μέντοι,
292 2441 382 2520 ὅπως
408 2442 507 2520 αὐτός
532 2466 568 2509 τε
595 2445 639 2528 μη
666 2448 788 2530 χείρων
815 2442 901 2523 δόξα
924 2438 1087 2509 εἶναικαὶ
1110 2444 1147 2512 ἐκ

133 2560 193 2616 τοῦ
211 2549 402 2634 πράγματος
420 2545 526 2634 μηδὲν
547 2550 757 2635 ζημιώσομαι.
794 2551 898 2615 εἰπεῖν
921 2545 982 2634 μὲν
1004 2543 1067 2615 οὖν
1089 2573 1146 2635 μοι

132 2666 235 2723 ταῦτα
257 2658 341 2743 πρὸς
368 2657 428 2721 τόν
446 2652 663 2741 Ἀρχεβιάδην
689 2653 745 2721 καὶ
770 2657 829 2722 τὸν
851 2651 1064 2742 Ἀριστόνουν
1090 2653 1146 2722 καὶ

133 2763 215 2847 πρὸς
244 2760 348 2826 αὐτὸν
377 2755 415 2825 δὲ
443 2760 503 2826 τὸν
526 2759 741 2844 Κηφισιάδην
770 2755 871 2826 οὐδέν
901 2759 1064 2847 διαφέρει·
1086 2760 1145 2827 έάν

134 2864 247 2950 μέντοι
270 2867 314 2950 μὴ
336 2863 464 2932 θέλωσι
485 2875 588 2932 ταῦτα
615 2877 724 2931 ποιεῖν
746 2867 897 2943 εἰπόντος
924 2864 1021 2950 έμοῦ,
1047 2866 1147 2946 αὐτὸς

133 2973 198 3056 ἤδη
223 2956 380 3054 διαλέγου
402 2971 536 3050 αὐτοῖς’
575 2969 719 3056 ’άμέλεά
742 2974 805 3058 ἔφη
824 2967 921 3049 οὗτος
939 2967 977 3038 ’,ὦ
996 2977 1147 3058 Πασίων,

135 3077 193 3143 έδιν
217 3079 322 3164 βούλη
346 3080 388 3143 σὺ
411 3077 609 3162 ἀναγκάσεις
631 3078 751 3154 αὐτοὺς
768 3087 869 3144 ταῦτα
890 3078 1046 3163 ποιησαι]

96 3198 121 3239 1²
195 3179 235 3248 “A
258 3179 319 3267 μὲν
342 3180 496 3269 διελέχθη
520 3178 546 3248 ὦ
570 3185 689 3270 ἀνδρες
716 3182 866 3249 δικασταὶ
892 3179 991 3261 οὗτος
1016 3181 1077 3270 μὲν
1099 3194 1145 3274 ιφ

133 3292 250 3374 πατρί,
280 3288 405 3365 ἐκεῖνος
434 3285 472 3355 δὲ
501 3299 549 3377 τῷ
573 3286 769 3377 Ἀρχεβιάδη
801 3288 856 3356 καὶ
884 3298 930 3378 τῷ
953 3291 1145 3379 Κηφισιάδῃ

133 3395 254 3460 τούτου
278 3391 461 3478 δεηθέντος
476 3392 533 3460 καὶ
554 3396 660 3485 τούτῳ
682 3399 905 3482 χαριζόμενος,
926 3392 1017 3462 ταῦτ’
1043 3399 1145 3479 ἔστιν,

135 3497 168 3577 ἐξ
192 3492 240 3564 ὧν
268 3499 350 3565 κατὰ
379 3501 500 3585 μικρὸν
520 3499 542 3584 ἡ
566 3501 641 3585 δίκη
671 3501 752 3584 αότη
778 3496 975 3578 πέπλασται*
1003 3494 1051 3563 ὧν
1067 3497 1144 3580 έγδ)

188 3612 224 3652 na
225 3621 314 3653 ιιιιιι
339 3611 391 3652 vom
404 3611 447 3652 ιιι
951 3605 985 3655 13
