2654 3926
429 195 528 246 ΠΡΟΣ
548 193 766 246 ΦΑΙΝΙΠΠΟΝ.
1063 190 1103 256 13

106 352 154 418 ὅτι
174 351 276 430 οὐδεὶς
299 354 376 439 ὅρος
398 356 529 419 ἔπεστιν
557 350 610 419 ἐπὶ
637 363 676 439 τη
704 352 850 440 ἐσχατιᾷ·
873 355 905 418 εί
931 349 972 418 δέ
990 368 1105 437 φησιν,

104 459 200 523 εἰπεῖν
221 457 372 525 ἐκέλευον
396 459 498 527 αὐτὸν
519 461 584 544 ἤδη
608 456 662 525 καὶ
686 459 806 543 δεῖξαι,
834 459 921 536 ὅπως
944 459 988 542 μὴ
1011 457 1104 523 ύστε-

105 587 161 646 ρον
180 562 322 632 ἐνταῦθα
344 563 448 651 χρέως
474 568 656 650 γενόμενον
681 563 747 647 [ἐπὶ
765 574 810 653 τῷ
829 567 952 655 χοιρίφ]
977 563 1104 648 ἀναφα-

80 672 233 754 ευησεται.
262 673 372 737 ἔπειτα
385 672 667 758 παρεσημηνάμην
680 673 721 737 τά
735 673 907 756 οἰκήματα,
920 669 975 736 καὶ
984 680 1104 736 τοῦτον

104 774 244 843 ἐκέλευον
275 781 323 856 είς
352 777 438 862 τάμὰ
469 780 624 865 βαδίζειν.
671 779 751 863 μετὰ
779 775 816 844 δὲ
842 774 932 843 ταῦτ’
964 777 1104 863 ηρόμην,

103 882 178 947 ὅπου
200 884 218 949 ὁ
242 895 331 961 σῖτος
358 891 408 968 εῖη
437 884 455 951 ὁ
483 883 724 970 ἀπηλοημένος·
753 880 839 970 ἦσαν
866 885 929 970 γὰρ
956 884 998 968 νη
1026 885 1105 960 τοὺς

99 991 195 1065 θεοὺς
214 987 269 1054 καὶ
291 991 350 1066 τὰς
370 991 453 1068 θεὰς
475 992 594 1077 ἀνδρες
617 988 768 1057 δικασταὶ
791 987 843 1056 δύ’
867 992 953 1066 ἅλοις
973 988 1104 1072 αὐτόθι,

99 1104 212 1180 μικροῦ
233 1093 385 1183 πλέθρου
409 1093 553 1182 ἑκατέρα.
594 1095 612 1162 ὁ
641 1092 674 1160 δ’
701 1094 899 1180 ἀπεκρίνατό
922 1119 989 1179 μοι,
1012 1094 1103 1160 ὄτιὸ

97 1197 156 1284 μὲν
172 1199 376 1287 πεπραμένος
395 1208 445 1287 εἴη
464 1213 524 1268 τοῦ
544 1205 649 1286 σίτου,
668 1201 686 1268 ὁ
706 1199 739 1267 δ’
762 1199 863 1267 ἔνδον
882 1199 1104 1284 ἀποκείμενος.

25 1311 26 1316 ’
78 1305 184 1384 ῖτέλος
212 1304 261 1391 δ’,
291 1307 347 1372 ἵνα
377 1307 421 1391 μὴ
451 1311 665 1392 μακρολογῶ,
693 1307 897 1390 καταστήσας
925 1305 1105 1390 φυλάττειν

96 1415 191 1478 ἔνδον
217 1412 325 1496 τινάς,
351 1409 406 1477 καὶ
433 1413 475 1497 νη
504 1408 562 1477 Δί’
594 1410 743 1477 ἀπειπὼν
769 1409 825 1477 καὶ
851 1412 1003 1488 κωλύσας
1028 1413 1106 1488 τοὺς

97 1519 253 1603 ὀνηλάτας
276 1520 320 1604 μὴ
345 1517 473 1601 ἐξάγειν
500 1519 561 1601 την
588 1517 673 1601 ύλην
695 1516 733 1583 ἐκ
755 1525 813 1600 τῆς
835 1516 986 1602 ἐσχατιᾶς
1003 1515 1105 1604 Ι(πρὸς

94 1626 153 1712 γάρ
177 1635 216 1710 τῇ
239 1626 323 1712 άλλη
347 1624 446 1711 οὐσίᾳ
472 1633 511 1710 τῇ
537 1627 727 1690 Φαινίππου
750 1618 777 1688 ὧ
800 1625 921 1710 ἄνδρες
943 1626 1104 1706 δικασταί,
1115 1639 1181 1690 1041

95 1729 145 1796 καλ
174 1731 258 1815 αὕτη
288 1731 453 1816 πρόσοδος
483 1731 608 1814 μεγάλη
638 1727 728 1795 ἐστὶν
758 1730 859 1816 αύτῷ·
886 1729 919 1809 ἓξ
950 1732 1023 1796 ὄνοι
1053 1728 1100 1794 δι’

97 1837 247 1904 ἐνιαυτοῦ
264 1836 488 1920 ύλαγιογοῦσι,
510 1833 565 1902 καὶ
583 1837 743 1921 λαμβάνει
762 1831 858 1912 οὗτος
875 1834 976 1903 πλέον
996 1835 1018 1920 ἣ
1041 1838 1104 1902 δύ-

97 1944 169 2008 ύεκα
200 1943 349 2029 δραχμάς
377 1951 434 2026 τῆς
467 1939 603 2029 ἡμέρας)
637 1943 766 2019 τούτοις
799 1941 965 2026 ἀπειπὼν,
995 1943 1103 2029 ὥσπερ

97 2047 187 2134 λέγω,
214 2058 274 2132 τῆς
299 2049 381 2134 ύλης
408 2050 452 2134 μὴ
480 2050 654 2133 ἅπτεσθαι,
681 2046 737 2114 καὶ
764 2047 957 2132 ἐπαγγείλας
984 2047 1037 2113 ἐπὶ
1064 2051 1104 2114 τά

97 2156 162 2241 ἱερά
200 2159 379 2245 Φαινίππῳ
415 2156 497 2221 κατὰ
533 2157 592 2221 τὸν
628 2158 734 2239 νόμον
769 2153 934 2239 ἀπαντᾶν,
971 2151 1104 2242 ᾠχόμην

97 2372 273 2454 μαρτυρίας
295 2365 591 2453 ὑμῖν.παρέξομαι,
613 2369 723 2432 ἔπειτα
743 2363 890 2452 καὶπερὶ
908 2376 974 2431 τῶν
993 2367 1104 2431 ἄλλων

98 2470 277 2541 ἀκούσεσθε
295 2473 401 2550 πάσας
420 2473 478 2550 τὰς
500 2472 670 2557 ἀληθείας·
694 2470 827 2538 τουτονὶ
849 2473 912 2558 γάρ
936 2467 962 2536 ὦ
985 2473 1104 2558 ἄνδρες

98 2578 242 2646 δικασταὶ
273 2582 462 2645 Φαίνιππον
490 2575 641 2664 εὑρήσετ’
674 2579 777 2655 εὐθὺς
804 2577 868 2644 ἀπὸ
896 2587 953 2663 της
974 2581 1104 2665 πρώτης

98 2681 210 2769 ἡμέρας
234 2683 422 2773 ἀρξάμενον
445 2695 505 2752 τοῦ
528 2681 633 2769 μηδὲν
656 2686 787 2750 δίκαιον
809 2695 926 2750 ποιεῖν.
962 2701 1103 2771 παρεση-

100 2794 246 2878 μηνάμην
270 2792 311 2857 τὰ
333 2793 505 2876 οίκηματα,
532 2801 592 2857 τοῦ
619 2793 726 2875 νόμον
748 2815 806 2875 μοι
829 2793 1022 2868 δεδωκότος·
1047 2787 1103 2858 οὗ·

100 2917 146 2972 τος
165 2896 300 2988 ἀνέφξε.
336 2895 451 2963 καὶτὸ
474 2894 535 2981 μὲν
558 2896 693 2981 ἀφελεῖν
715 2898 753 2962 τὸ
777 2909 914 2982 σημεῖον
938 2898 1102 2982 ὁμολογεῖ,

100 3001 131 3064 τὸ
152 3000 190 3080 δ’,
209 3002 342 3081 ἀνοῖξαι
365 3003 426 3086 τὴν
449 3004 560 3088 θύραν
584 3001 645 3087 οὐχ
668 3000 839 3086 ὁμολογεῖ,
866 3003 975 3090 ὥσπερ
999 3004 1102 3069 ἀλλον

101 3109 180 3185 τινὸς
201 3109 301 3177 ἕνεκα
322 3109 363 3174 τά
386 3105 493 3193 σημεῖ’
521 3105 760 3192 ἀφαιροῦντας,
786 3107 807 3193 η
835 3118 895 3174 τοῦ
917 3109 974 3185 τὰς
995 3115 1104 3195 θύρας

82 3207 227 3292 ’ἀνοῖξαι
267 3212 368 3280 ἔπειτ’
397 3213 535 3280 ἀπεῖπον
558 3214 619 3298 την
641 3213 727 3297 ύλην
750 3215 794 3298 μὴ
818 3212 958 3297 ἐξάγειν·
989 3212 1102 3298 ἐξῆγεν

103 3310 188 3396 οὗτος
216 3321 347 3398 ἁπάσας
375 3321 431 3397 τὰς
466 3318 607 3405 ἡμέρας,
634 3321 722 3403 πλην
761 3318 886 3402 ἐκείνης
916 3318 952 3384 ἐν
986 3313 1007 3405 ᾗ
1039 3319 1102 3403 ε’γὼ

104 3416 239 3494 ἀπεῖπον.
276 3424 381 3514 χρέοις
399 3423 474 3492 οὐδ’
501 3425 615 3492 ὁτιοῦν
639 3421 790 3509 ἀφείλετ’
818 3422 871 3488 ἐπὶ
893 3433 934 3509 τῇ
956 3423 1101 3510 ἐσχατιᾷ·

102 3533 158 3591 νῦν
174 3528 269 3612 οὗτος
288 3532 465 3618 ἀποφαίνει
482 3531 597 3597 πολλά.
635 3529 745 3606 ἁπλῶς
762 3541 852 3595 ποιεῖ
873 3529 891 3594 ὅ
914 3552 946 3593 τι
964 3528 1005 3593 ἀν
1024 3529 1101 3610 βού-
