2658 3914
471 198 567 251 κιαι
587 195 893 253 οαααΠιοΔαΡου.
1118 193 1185 260 ’135

174 359 286 445 ἀρχων
308 359 508 435 Πυθόδοτος
528 358 611 424 κατὰ
628 359 687 425 τὸν
704 360 810 443 νόμον
833 357 894 441 τήν
916 352 1051 424 τουτουί
1068 353 1185 440 ’Ὀλυμ

174 465 343 550 πιοδόιρου
366 463 621 550 ἀμφισβήτησιν.
662 465 898 550 διαγραφείσης
925 458 964 528 δὲ
989 462 1125 546 ταύτης,
1146 459 1185 539 ἐξ

174 568 318 654 ἀνάγκης
343 568 443 654 κάμοὶ
463 566 507 654 ἡν
530 569 675 636 ἐκλιπεῖν
697 570 759 655 τήν
780 579 841 635 τοῦ
863 567 1060 654 ἡμικληρίου
1087 565 1186 652 ἀμφι-

175 675 343 760 σβήτησιν.
379 671 570 758 γενομένων
593 670 631 740 δέ
652 674 796 758 τούτων,
819 673 1011 740 ἐπεδίκασεν
1033 674 1052 740 δ
1075 674 1186 759 ἀργων

174 792 243 857 τοῖς
257 779 438 857 ἀντιδίκοις
450 790 520 857 τοῖς
536 778 709 865 ἡμετέροις
724 781 784 845 τὸν
801 783 926 864 κλήρον
938 780 999 846 τὸν
1012 781 1186 864 Κόμωνος·

133 901 160 944 ετ
173 894 276 950 ταῦτα
304 884 368 970 γὰρ
396 885 432 951 οί
456 887 555 970 νόμοι
582 885 686 951 αὐτὸν
713 883 897 969 ἠνάγκαζον
919 895 1037 950 ποιεῖν.
1073 884 1185 967 ἐπειδή

175 988 205 1055 δ’
239 989 494 1075 ἐπεδικάσαντο,
523 990 628 1068 εὐθὺς
657 992 706 1066 είς
733 994 877 1076 Πειραιᾶ
906 988 1061 1067 ἐλόόντες
1088 1010 1187 1075 παρε-

174 1095 346 1180 λάμβανον
368 1093 488 1182 πάνθ’,
511 1095 574 1161 ὅσα
595 1097 690 1180 ἡμῶν
708 1091 797 1181 εἶχεν
820 1093 971 1182 ἑκάτερος
992 1095 1188 1180 νειμάμενος

173 1200 211 1267 έν
239 1210 279 1288 τῇ
308 1202 427 1287 μερίδι.
476 1199 567 1285 κάγὼ
597 1196 659 1286 μὲν
689 1200 858 1286 ἐπιδημῶν
887 1200 987 1277 αὐτὸς
1012 1199 1187 1286 παρέδωκα

174 1305 315 1394 (ἀνάγκη
339 1307 403 1393 γάρ
425 1302 469 1390 ἡν
491 1311 671 1372 πείθεσθαι
693 1317 763 1383 τοῖς
784 1303 932 1394 νόμοις),
954 1305 995 1371 τὰ
1017 1302 1048 1371 δ’
1071 1302 1188 1391 Ὀλυμ-

172 1413 354 1498 πιοδώρου,
368 1411 620 1499 ἀποδημοῦντος
636 1413 770 1496 τούτου,
785 1413 914 1477 ἅπαντα
928 1409 1055 1500 ᾤχοντο
1069 1413 1189 1496 λαβόν-

169 1515 241 1603 τες,
271 1519 359 1604 πλήν
390 1529 451 1586 τοῦ
482 1517 647 1604 ἀργυρίου
683 1513 724 1584 οὗ
761 1513 850 1604 εἶχεν
880 1517 979 1594 αὐτὸς
1008 1516 1097 1602 παρὰ
1127 1526 1188 1583 τοῦ

174 1622 356 1710 ἀνθρώπου
383 1634 445 1690 τοῦ
472 1621 619 1709 οἰκέτου,
645 1623 686 1690 ὃν
713 1623 924 1709 ἐβασάνισεν·
947 1623 988 1689 οὐ
1011 1622 1074 1708 γὰρ
1096 1618 1187 1709 εἶχον

134 1749 160 1790 κε
175 1728 259 1794 ὅπου
277 1728 489 1815 ἐπιλάβοιντο
504 1739 565 1796 τοῦ
583 1728 756 1817 ἀργυρίου.
787 1727 900 1796 καὶτὰ
918 1724 980 1814 μέν
997 1728 1187 1816 πραχθέντα

172 1833 263 1902 ταῦτ’
279 1831 334 1921 Ιήν
356 1835 394 1902 ἐν
416 1844 456 1923 τή
479 1834 648 1924 ἀποδημίᾳ
674 1844 714 1922 τῇ
733 1832 1022 1920 Ὀλυμπιοδώρου,
1048 1833 1104 1901 καὶ
1129 1845 1187 1920 της

172 1944 348 2019 κοινωνίας
360 1950 418 2026 τῆς
434 1943 517 2027 πρὸς
534 1951 654 2008 τοῦτον
672 1938 763 2008 ταῦτ’
781 1940 845 2025 ἐγὼ
864 1938 1041 2006 ἀπέλαυσα.
1073 1940 1185 2025 ἐπειδή
1197 1959 1265 2012 ιιῖο

173 2043 203 2111 δ’
222 2044 428 2132 ἐπεδήμησεν
442 2042 540 2124 οὗτος
552 2044 609 2113 καί
621 2048 658 2113 οί
669 2048 765 2114 ἀλλοι
783 2055 990 2133 στρατιῶται,
1011 2047 1187 2130 ἠγανάκτει

168 2149 438 2237 Ὀλυμπιόδωρος
455 2149 571 2218 οὑτοσὶ
588 2146 615 2217 δι
634 2153 754 2238 ἀνδρες
772 2149 924 2218 δικασταὶ
942 2149 996 2216 ἐπὶ
1013 2162 1083 2230 τοῖς
1105 2169 1187 2238 συμ·
1243 2223 1250 2251 t

174 2257 347 2340 βεβηκόσι,
377 2253 433 2320 καὶ
463 2255 575 2340 ἡγεῖτο
612 2257 706 2322 δεινὰ
742 2254 955 2323 πεπονθέναι.
1005 2255 1118 2343 ἐπειδή
1150 2256 1188 2325 δέ

173 2362 291 2445 μεστὸς
310 2358 439 2444 ἐγένετο
454 2359 660 2446 ἀγανακτῶν,
677 2361 883 2448 ἐσκοποῦμεν
900 2363 1002 2428 πάλιν
1019 2361 1074 2428 καὶ
1092 2362 1187 2448 έβου·

94 2483 101 2496 ·
174 2468 341 2551 λευόμεδα
359 2475 454 2555 κοινή
474 2466 538 2552 ἐγὼ
561 2465 616 2532 καὶ
636 2464 902 2555 Ὀλυμπιόδωρος
925 2468 1049 2554 οὑτοσί,
1073 2469 1188 2537 ὅντινα

132 2593 165 2634 ιι·
173 2575 298 2659 τρόπον
319 2573 449 2639 τούτων
471 2597 503 2640 τι
525 2572 627 2639 πάλιν
648 2575 866 2659 κομιούμεθα.
901 2572 957 2640 καί
979 2573 1084 2642 ἐδόκει
1107 2575 1187 2663 ἡμῖν

172 2675 431 2763 βουλευομένοις
464 2684 727 2766 προσκαλεῖσθαι
763 2682 841 2758 τοὺς
878 2677 1188 2767 ἐπιδεδικασμένους

173 2784 254 2850 κατὰ
271 2786 331 2851 τὸν
348 2788 466 2870 νόμον,
488 2783 544 2851 καὶ
562 2784 684 2851 ἐκτῶν
702 2786 920 2872 ὑπαρχόντων
938 2785 1187 2872 ἀσφαλέστατον

172 2885 271 2973 εἶναι,
293 2889 338 2974 μή
361 2888 398 2955 ἐν
421 2899 466 2979 τῷ
490 2890 580 2980 αὐτῷ
607 2891 693 2976 ἡμᾶς
715 2889 922 2978 ἀμφοτέρους
943 2894 1003 2961 τὸν
1024 2895 1186 2960 κίνδυνον

171 3001 342 3061 ποιεῖσθαι
364 2997 446 3081 πρὸς
468 2999 546 3074 τοὺς
568 2995 870 3082 ἀμφισβητοῦντας,
893 2998 977 3065 ἀλλά
994 2997 1095 3087 χωρὶς
1113 2997 1186 3066 ἐκά-

171 3123 280 3187 τερον,
298 3099 353 3167 καὶ
371 3100 505 3169 τουτονὶ
519 3100 581 3188 μὲν
591 3100 863 3190 ’Ὀλυμπιόδωρον
882 3105 963 3172 ὅλου
980 3116 1042 3173 τοῦ
1059 3107 1185 3192 κλήρου

171 3212 300 3294 λαχεῖν,
333 3208 442 3294 ὥσπερ
474 3210 512 3277 τὸ
548 3213 725 3297 πρότερον,
761 3209 816 3276 καὶ
853 3210 1073 3296 ἀγωνίζεσθαι
1103 3209 1180 3276 καθ’

171 3314 285 3398 αὑτόν,
309 3311 365 3399 ἐμὲ
389 3310 427 3380 δέ
448 3324 510 3382 τοῦ
531 3315 746 3402 ἡμικληρίου,
772 3315 885 3402 ἐπειδή
912 3315 969 3383 καί
991 3318 1185 3392 Κάλλιππος

170 3419 357 3503 δάδελφὸς
383 3420 402 3486 δ
429 3418 506 3505 ἐμὸς
532 3430 593 3487 τοῦ
618 3420 816 3507 ἡμικληρίου
839 3425 945 3505 μόνον
971 3422 1184 3507 ήμφεσβήτει,

131 3523 280 3608 νόπως,
315 3523 374 3590 ἐάν
410 3519 472 3609 μὲν
500 3522 767 3611 ’Ὀλυμπιόδωρος
802 3523 917 3591 οὑτοσὶ
953 3523 1088 3608 ἐπιτόγη
1124 3531 1185 3586 τοῦ
