2650 3918
475 189 571 241 RATA
588 189 753 243 ΝΕΑΙΡΑΣ.
1054 187 1120 252 331

165 351 228 414 δαν
245 361 305 414 τῶν
323 350 418 416 ὄντων
432 353 557 437 Νεαίρμ,
575 351 619 416 ὅτι
637 353 693 416 οψκ
711 351 744 415 ίκ
756 353 915 433 Στεφάνου
932 353 998 434 είσί,
1017 352 1128 434 Πρόξε-

163 447 216 522 νός
229 471 259 510 τε
274 447 290 511 ὁ
303 450 474 530 τελευτήσας
486 447 537 512 καί
548 443 687 530 Ἀρίστων
701 447 718 511 δ
730 459 788 512 νῦν
806 447 849 512 ἀν
861 450 912 512 καὶ
921 443 1129 531 Ἀντιδωρίδης

162 543 179 607 ὁ
202 547 424 630 σταδιαδρομῶν
453 545 503 609 καλ
527 547 635 627 Φανώ,
664 540 714 626 ἐφ’
739 533 763 632 ᾧ
789 569 819 608 τε
845 548 1003 628 βασανίσαι
1029 545 1128 618 αὐτάς,

161 641 212 702 καλ
235 643 262 704 εί
283 640 530 726 ράνδμολογοῖεν
553 643 600 723 [έκ
618 643 790 724 Στεφάνου]
813 637 890 706 είναι
907 645 1039 727 Νεαίρας
1060 642 1128 706 τού-

159 762 230 814 τους
252 740 322 816 τοὺς
343 743 463 823 παῖδας,
485 747 657 824 πεπρᾶσθαι
674 739 808 824 Νέαιραν
830 740 903 804 κατὰ
925 741 994 816 τοὺς
1016 739 1128 821 νόμους

157 836 209 900 καλ
238 837 308 911 τοὺς
335 839 446 911 παῖδας
474 835 577 912 ξένους
605 831 694 900 εἶναι·
725 838 754 902 εί
774 835 807 900 δέ
835 837 875 918 μή
905 835 1073 920 ὁμολογοῖεν
1095 835 1128 899 έιτ

158 936 268 1014 ταύτης
286 929 362 996 είναι
380 935 498 1014 αὐτούς,
521 927 583 996 ἀλλ’
603 933 633 1008 έξ
652 931 751 1018 ἑτέρας
771 935 913 1018 γυναικὸς
935 933 1035 1015 ἀστής,
1057 932 1128 1014 ἀφί-

159 1037 286 1093 στασθαι
314 1040 368 1093 τοῦ
397 1029 513 1113 ἀγῶνος
541 1029 653 1112 ήθελον
675 1042 728 1094 τοῦ
750 1033 898 1113 Νεαίρας,
927 1029 978 1093 καί
1000 1031 1030 1092 εί
1046 1055 1074 1092 τι
1095 1030 1128 1093 έκ

158 1137 218 1190 τῶν
240 1127 380 1208 βασάνων
408 1128 616 1208 βλαφθείησαν
638 1130 672 1190 αί
691 1127 863 1212 ἅνθρωποι,
890 1125 1040 1190 ἀποτίνειν
1062 1125 1080 1188 ὅ
1100 1149 1129 1188 τι

158 1223 347 1306 βλαβείησαν.

54 1388 100 1430 ιττ
186 1366 296 1430 Ταῦτα
317 1361 609 1448 προκαλεσαμένου
629 1362 710 1448 έμοῦ
733 1364 854 1449 ἀνδρες
876 1359 1028 1428 δικασταί
1046 1359 1205 1439 >ld-1888

111 1493 224 1555 φανον
255 1470 392 1535 τουτονί
396 1515 407 1551 ,
439 1467 500 1534 οὐκ
527 1467 671 1554 ήθέλησε
702 1468 870 1549 δέξασθαι.
916 1469 1040 1535 οὔκουν
1062 1469 1127 1552 ήδη

113 1576 210 1641 δοκεῖ
235 1573 315 1659 ὑμῖν
346 1574 543 1640 δεδικάσθαι
572 1571 629 1639 ὑπ’
656 1574 762 1642 αὐτοῦ
788 1574 965 1660 Στεφάνου
993 1572 1128 1640 τουτουὶ

113 1676 141 1746 ὦ
164 1681 285 1766 ἀνδρες
307 1679 474 1766 δικασταί,
502 1680 553 1747 ὅτι
575 1681 690 1767 ένογός
713 1679 783 1747 ἐστι
804 1689 843 1766 τή
866 1689 976 1766 γραφή
998 1679 1129 1767 Νέαιρα

113 1786 157 1870 ἣν
181 1785 246 1870 έγδε
269 1785 375 1871 αὐτὴν
398 1786 605 1872 ἐγραψάμην,
626 1783 683 1853 καλ
705 1786 757 1852 ὅτι
779 1785 844 1869 έγδο
866 1782 927 1871 μέν
950 1785 1060 1871 ἀληθή
1083 1793 1128 1854 εἴ·

114 1915 200 1979 ρηκα
226 1893 310 1979 πρὸς
336 1891 422 1978 ὑμᾶς
450 1889 506 1958 καλ
535 1893 594 1969 τὰς
615 1895 796 1979 μαρτυρίας
817 1895 1027 1978 παρεσχόμην
1049 1891 1128 1975 ἀλη-

113 2005 206 2082 θεῖς,
242 1991 340 2074 οὗτος
367 1993 397 2063 δ’
428 1998 447 2063 ὅ
478 2021 511 2064 τι
542 1996 584 2064 ἀν
613 1994 692 2084 λέγη
727 1997 835 2064 πάντα
869 1999 1042 2081 ψεύσεται,
1073 1995 1129 2064 καλ

114 2101 274 2186 ἐξελέγξει
297 2101 397 2178 αὐτὸς
418 2101 522 2168 αὑτὸν
542 2102 593 2168 ὅτι
613 2099 714 2169 οὐδέν
735 2098 827 2187 ὑγιλς
849 2101 949 2189 λέγει,
971 2103 1033 2170 οάκ
1055 2101 1128 2169 έθε-

114 2211 219 2291 λήσας
249 2207 459 2292 παραδοῦναι
491 2208 539 2283 είς
570 2207 738 2292 βασάνους
768 2209 827 2286 τὰς
856 2213 1062 2296 θεραπαίνας
1090 2208 1129 2288 ἀς

114 2313 182 2398 έγδι
204 2308 341 2398 έξήτονν
364 2310 481 2391 αὐτόν;

56 2447 99 2490 ιεο
178 2415 262 2503 Ἐγὼ
292 2413 354 2503 μέν
385 2411 447 2484 οὖν
470 2413 496 2484 ἀ
520 2419 640 2505 ἀνδρες
667 2417 817 2487 δικασταί
844 2418 901 2486 καὶ
927 2431 997 2497 τοῖς
1023 2427 1128 2505 θεοῖς,

114 2527 163 2604 είς
185 2524 245 2603 οὓς
267 2518 360 2591 οὗτοι
382 2523 581 2609 ἠσεβήκασι,
610 2523 666 2591 καὶ
689 2525 817 2616 ἐμαυτῷ
840 2539 1010 2613 τιμωρῶν,
1036 2525 1128 2594 κατέ-

115 2631 219 2718 στησά
245 2654 280 2697 τε
309 2627 465 2696 τουτουσί
492 2632 540 2707 είς
567 2629 680 2714 ἀγῶνα
706 2630 762 2698 καλ
791 2632 856 2698 ὑπὸ
877 2635 940 2718 τήν
965 2631 1127 2720 ὑμετέραν

114 2747 229 2824 ψήφον
256 2739 392 2822 ήγαγον.
437 2733 493 2802 καλ
519 2737 604 2822 ὑμᾶς
632 2733 670 2803 δέ
696 2739 760 2824 χρή
782 2741 982 2824 νομίσαντας
1003 2742 1048 2826 μή
1071 2743 1128 2825 λή-

116 2860 188 2911 σειν
209 2845 289 2921 τοὺς
309 2843 423 2928 θεούς,
445 2844 493 2921 είς
515 2842 575 2921 οὓς
597 2838 690 2910 οὗτοι
710 2848 1032 2932 παρανενομήκασιν,
1054 2847 1073 2912 ὅ
1095 2869 1128 2912 τι

116 2948 159 3014 ἀν
186 2947 321 3026 ἕκαστος
349 2949 444 3035 ὑμῶν
469 2951 673 3038 ψηφίσηται,
703 2953 915 3036 ψηφίσασθαι
941 2952 982 3018 τά
1005 2952 1127 3036 δίκαια,

115 3055 171 3134 καί
200 3064 357 3139 τιμωρεῖν
386 3054 527 3140 μάλιστα
556 3050 619 3140 μέν
644 3066 715 3133 τοῖς
735 3062 847 3142 θεοῖς,
878 3058 989 3123 ἔπειτα
1012 3053 1050 3123 δέ
1071 3055 1127 3123 καλ

115 3161 196 3245 ὑμῖν
219 3159 340 3237 αὐτοῖς.
376 3157 552 3227 καὶταῦτα
568 3163 764 3245 ποιήσαντες
786 3160 896 3242 δόξετε
917 3171 999 3229 πᾶσι
1021 3167 1128 3240 καλῶς

115 3262 171 3332 καί
195 3266 329 3342 δικαίως
352 3264 483 3330 δικάσαι
504 3267 628 3351 ταύτην
654 3267 715 3352 τήν
737 3271 886 3354 γραφήν,
911 3267 955 3352 ήν
976 3266 1127 3352 Νέαιραν

117 3371 181 3456 έγδν
204 3370 416 3458 ἐγραψάμην,
437 3368 536 3456 ξένην
559 3366 664 3439 οὖσαν
687 3371 774 3461 ἀστῷ
798 3385 975 3440 συνοικεῖν.

513 3556 723 3570 —ss-—u—
