2654 3926
170 177 212 242 72
474 183 556 238 XLV.
579 181 857 236 ΔΗΜΟΣΘΕΝΟΤΣ

168 339 362 429 τυρημένων
383 335 427 425 ἦν
445 340 539 407 τάκεῖ
554 339 774 427 γεγραμμένα,
797 341 963 427 μάρτυρας
985 342 1090 418 εὐθὺς
1111 353 1177 408 τῶν

98 515 101 520 ,
168 451 428 533 περιεστηκότων
454 450 599 524 πολλοὺς
625 447 861 531 ποιησάμενος,
888 450 1050 536 τεκμηρίῳ
1071 448 1195 536 τούτῳ·

168 551 223 618 καλ
245 551 320 639 περὶ
338 565 404 618 τῶν
423 554 545 638 άλλων,
569 553 613 630 ὡς
630 553 939 635 κατασκευάζουσιν,
961 552 1125 638 ἐχρώμην·
1148 555 1180 618 εί

169 655 207 724 δὲ
233 655 324 725 ταῦτ’
352 657 447 744 ένίγν,
473 660 533 724 τόν
558 656 758 744 παρασχόντ’
785 658 886 725 αὐτὸν
913 656 1030 742 ἠξίουν
1055 682 1179 746 μαρτυ-

169 777 249 851 ρεῖν.
287 765 506 848 ἐθελήσαντος
524 762 584 848 μέν
602 761 633 847 γ’
655 764 850 832 ὑπεύθυνον
873 763 1071 849 ἐλάμβανον,
1093 767 1125 830 εί
1143 759 1175 829 δ’

169 873 326 956 ἔφευγεν,
352 870 453 936 πάλιν
483 870 564 935 αὐτὸ
591 867 687 936 τοῦθ’
716 872 831 936 ίκανὸν
857 872 1034 955 τεκμήριον
1055 865 1098 955 ἦν
1121 896 1179 956 μοι

168 986 228 1043 τοῦ
246 976 435 1042 πεπλάσθαι
452 977 489 1042 τὸ
507 985 650 1061 πρᾶγμα.
686 973 742 1042 καὶ
762 979 803 1061 δὴ
817 974 872 1043 καλ
886 975 1082 1062 συνέβαινεν
1097 977 1178 1044 έκεί-

168 1105 234 1158 νως
265 1078 326 1166 μὲν
357 1077 405 1147 ἕν’
440 1076 545 1164 εἶναι,
576 1083 659 1167 πρὸς
692 1081 731 1146 δν
759 1083 799 1147 τά
830 1081 993 1169 πράγματ’
1030 1082 1178 1168 ἐγίγνετό

168 1210 236 1272 μοι,
260 1187 303 1263 ὡς
326 1184 357 1252 δ’
385 1182 478 1253 οὗτοι
496 1188 774 1273 μεμαρτυρήκασι,
796 1191 879 1272 πρὸς
900 1191 1052 1266 πολλούς.
1089 1191 1178 1256 ἔστιν

169 1286 232 1357 οὖν
250 1292 339 1369 ὅστις
357 1291 398 1358 διν
416 1293 511 1377 ὑμῶν
529 1289 627 1358 ταῦθ’
649 1293 768 1370 είλετο;
789 1291 852 1376 έγὼ
871 1290 932 1378 μὲν
951 1293 1061 1361 οὐδέν’
1078 1296 1178 1380 ἡγοῦ-

130 1416 156 1458 ιι
169 1421 237 1482 μαι.
274 1397 314 1463 οὐ
332 1401 447 1464 τοίνυν
466 1393 545 1464 οὐδὲ
563 1395 632 1463 κατ’
651 1399 755 1464 άλλον
773 1399 939 1463 πιστεύειν
958 1395 1029 1464 ἐστὲ
1048 1401 1177 1466 δίκαιοι.

169 1499 304 1587 καὶγὰρ
324 1497 349 1566 ὦ
368 1503 487 1588 άνδρες
506 1499 690 1588 Ἀθηναῖοι,
713 1503 804 1580 ὅσοις
821 1491 883 1588 μὲν
900 1507 1076 1590 πρόσεστιν
1095 1506 1177 1592 ὀργὴ

168 1618 236 1674 τῶν
262 1606 495 1692 πραττομένων
521 1609 542 1693 ἦ
569 1608 680 1693 λῆμμά
707 1633 739 1674 τι
767 1595 907 1695 κέρδους
928 1609 949 1695 ἣ
971 1610 1179 1697 παροξυσμὸς

169 1711 190 1798 ἣ
213 1715 397 1798 φιλονικία,
419 1723 521 1779 ταῦτα
544 1710 606 1798 μὲν
627 1715 727 1791 ἄλλος
749 1713 791 1780 άν
814 1715 922 1792 άλλως
943 1715 1074 1800 πράξειε
1097 1719 1179 1802 πρὸς

169 1819 228 1883 τὸν
252 1817 354 1884 αὑτοῦ
381 1821 518 1904 τρόπον·
542 1819 632 1897 ὅσοις
659 1816 696 1884 δὲ
720 1821 848 1887 τούτων
866 1817 928 1905 μὲν
950 1821 1065 1906 μηδέν,
1089 1828 1179 1905 λογι-

170 1925 251 2008 σμὸς
265 1919 295 1987 δ’
314 1920 364 2007 ἐφ’
387 1924 524 2011 ἡσυχίας
542 1935 602 1991 τοῦ
621 1925 858 2012 συμφέροντος,
876 1929 925 2002 τίς
942 1927 1048 2003 οὕτως
1061 1928 1179 2012 δίφρων

170 2029 259 2106 ὅστις
287 2027 329 2094 άν
355 2030 395 2094 τά
422 2028 609 2096 συνοίσοντ’
637 2029 745 2117 άφείς,
773 2030 805 2110 ἐξ
830 2025 877 2097 ὧν
899 2031 1016 2098 κάκιον
1037 2035 1179 2117 ἤμελλεν

169 2135 404 2218 ἀγωνιεῖσθαι,
433 2132 525 2201 ταῦτ’
553 2135 704 2222 έπραξεν;
738 2137 759 2202 δ
786 2139 849 2223 γάρ
877 2134 946 2204 οὔτ’
981 2136 1078 2205 εἰκότ’
1106 2137 1175 2206 οὔτ’
1191 2160 1258 2212 1106

169 2238 278 2325 εὔλογ’
306 2241 366 2306 οὔτ
368 2237 445 2306 ’δν
473 2238 586 2326 ἔπραξ’
614 2239 739 2309 οὐδδε
724 2233 786 2327 εἷς,
815 2241 912 2310 ταῦθ’
941 2239 1034 2310 οὗτοι
1057 2269 1180 2332 μεμαρ-

169 2349 349 2433 τυρήκασιν
371 2345 447 2454 περὶ
469 2346 572 2432 ἡμῶν.
684 2389 686 2393 -

131 2471 158 2512 ιι
239 2453 289 2544 Οὐ
316 2456 431 2518 τοίνυν
459 2456 564 2538 μόνον
591 2448 674 2532 ἐξ
652 2455 744 2520 ωνέ
744 2451 858 2540 μὲμὴ
880 2454 995 2522 θέλειν
1017 2459 1054 2522 τὸ
1077 2423 1180 2543 γραμ-

170 2571 303 2645 ματεῐον
327 2557 475 2642 ἀνοίγειν
499 2563 764 2645 μεμαρτυρήκασι
771 2610 780 2643 ,
803 2564 899 2645 γνοίη
923 2585 972 2639 τις
995 2561 1036 2627 άν
1059 2563 1180 2640 αὐτοὺς

170 2665 221 2730 ὅτι
243 2665 438 2748 ψεύδονται,
466 2663 549 2730 άλλδι
577 2663 632 2730 καὶ
655 2664 690 2731 ἐκ
713 2675 773 2731 τοῦ
796 2669 978 2752 πρόκλησιν
1001 2667 1086 2751 ὁμοῦ
1109 2671 1180 2734 δια-

169 2773 258 2856 θήκη
277 2782 464 2855 μαρτυρεῖν.
502 2766 592 2854 οἶμαι
616 2772 678 2855 γάρ
698 2771 843 2848 ἅπαντας
864 2772 950 2856 ὑμᾶς
972 2772 1106 2858 εἰδέναι,
1130 2775 1181 2841 ὅτι

170 2877 232 2942 ὅσα
259 2877 303 2960 μὴ
332 2877 476 2942 δυνατὸν
505 2879 587 2961 πρὸς
611 2877 696 2959 ὑμᾶς
718 2876 855 2961 άγαγεῑν
878 2877 947 2944 ἐστι
969 2891 1035 2945 τῶν
1058 2903 1181 2969 πεπρα-

132 3002 156 3041 ιι
169 2980 313 3067 γμένων,
330 2982 458 3047 τούτων
471 2985 666 3067 προκλήσεις
679 2980 876 3067 εὑρέθησαν.
905 2976 978 3049 οἷον
991 2988 1181 3069 βασανίζειν

171 3089 231 3155 οὐκ
258 3091 347 3154 ἔστιν
375 3087 527 3154 ε’ναντίον
555 3088 662 3172 ὑμῶν·
695 3087 820 3172 ἀνάγκη
848 3091 968 3156 τούτου
997 3094 1181 3177 πρόκλησιν

170 3189 264 3260 εἶναι.
302 3186 374 3260 οἷον
406 3200 440 3259 εί
467 3218 498 3259 τι
527 3192 707 3277 πέπρακται
733 3192 788 3258 καὶ
815 3192 924 3278 γέγον’
952 3195 1013 3274 ἔξω
1036 3218 1101 3262 που
1123 3207 1182 3281 τῆς

170 3300 278 3384 χώρας
285 3347 295 3381 ,
324 3298 450 3383 ἀνάγκη
477 3297 533 3365 καὶ
555 3301 674 3365 τούτου
701 3303 884 3384 πρόκλησιν
912 3296 1015 3385 εἶναι,
1041 3305 1136 3367 πλεῖν
1159 3302 1180 3386 ἢ

170 3404 316 3487 βαδίζειν
343 3399 384 3470 οὗ
411 3408 448 3471 τὸ
476 3403 597 3491 πρᾶγμ’
625 3403 787 3490 ἐπράχθη·
815 3402 870 3470 καλ
892 3417 958 3472 τῶν
981 3407 1091 3471 ἄλλων
1113 3419 1182 3473 τῶν

170 3509 339 3574 τοιούτων.
376 3510 460 3576 ὅπου
479 3507 510 3576 δ’
533 3511 615 3576 αὐτὰ
633 3511 673 3575 τά
695 3508 856 3596 πράγματ’
879 3508 930 3592 ἐφ’
959 3511 1068 3578 αὐτῶν
1091 3515 1181 3580 ἔστιν
