2658 3914
189 194 254 259 152
474 198 569 250 mx.
598 193 902 266 [Λυκοσουυουε]

185 361 297 422 θεῖναι
320 365 365 444 τῷ
387 358 559 441 Φορμίωνι
577 351 646 439 μετ’
669 357 780 421 ἀλλων
801 353 976 440 χρημάτων
998 350 1054 418 καὶ
1075 352 1198 438 φιάλας

187 466 395 546 λυκιουργεῖς
415 462 485 526 δύο.
522 459 586 526 ἀπὸ
605 456 751 547 τύχηςδ
774 459 888 536 δπαίς
904 459 1024 536 ταύτας
1041 459 1099 535 τὰς
1119 457 1198 543 φιά-

186 571 263 650 λας,
295 567 356 632 ούκ
385 567 482 644 εἰδὼς
508 566 560 632 ότι
591 565 759 652 ἀλλότριαι
786 560 890 650 ἦσαν,
922 562 1041 631 δίδωσι
1066 571 1111 653 τῷ
1135 565 1198 630 Aa.

187 672 325 756 σχρίωνι
342 679 387 759 τῷ
407 670 583 761 ἀκολούθςο
601 680 648 759 τῷ
672 672 803 755 τούτου,
826 666 873 735 ὅτ’
895 669 1049 757 ἐπέμφθη
1072 671 1116 747 ώς
1137 671 1197 736 τὸν

186 774 311 862 πατέρα
328 779 388 843 τὸν
410 775 491 862 έμὸν
509 775 575 843 ὑπὸ
593 776 726 860 τούτου,
751 774 808 842 καλ
829 771 938 862 ᾐτεῖτο
960 776 1001 841 τὰ
1024 776 1198 860 στρώματα

187 879 242 947 καὶ
260 882 299 947 τά
318 882 429 966 ίμάτια
447 879 579 959 καὶτὰς
597 883 728 968 φιάλας,
750 879 806 947 καί
823 882 886 966 τὴν
903 889 991 965 μνᾶν
1013 892 1073 948 τοῦ
1095 879 1198 966 ἀργυ-

188 991 264 1073 ρίου
287 987 505 1072 ἐδανείσατο,
522 986 734 1072 ἀφικομένων
762 987 807 1064 ὡς
828 996 948 1053 τοῦτον
966 982 1119 1053 Ἀλκέτου
1140 983 1199 1051 καλ

149 1089 339 1172 ιεἸάσονος.
376 1093 594 1170 ἀπαιτοῦντος
612 1088 650 1159 δὲ
667 1103 728 1160 τοῦ
750 1090 978 1177 Τιμοσθένους
998 1092 1056 1170 τάς
1076 1092 1200 1178 φιάλας

187 1203 246 1268 τὸν
270 1204 469 1288 Φορμίωνα,
497 1198 611 1283 ἐπειδὴ
633 1194 730 1284 ᾗκεν,
752 1198 1004 1283 ἀποδημοῦντος
1030 1197 1199 1283 Τιμοθέου
1304 1233 1305 1246 2

186 1308 276 1394 παρά
293 1312 434 1393 βασιλεῖ,
456 1309 567 1371 πείθει
586 1306 689 1372 αὐτὸν
708 1306 726 1372 δ
745 1307 851 1391 πατὴρ
869 1305 888 1372 δ
907 1304 984 1389 ἐμὸς
1001 1305 1100 1389 τιμὴν
1118 1304 1199 1370 ἀπο·
1305 1391 1306 1396 ¹

188 1416 303 1498 λαβεῖν
324 1425 391 1479 τῶν
413 1416 559 1495 φιαλῶν,
592 1411 672 1477 ὅσον
698 1406 782 1495 ἦγον
810 1411 848 1476 αί
866 1410 998 1497 φιάλαι,
1029 1412 1199 1488 διακοσίας
1305 1401 1306 1404 “

188 1518 364 1603 τριάκοντα
391 1515 480 1583 ἑπτά.
525 1514 580 1581 καὶ
607 1525 652 1604 τῷ
681 1513 742 1601 μὲν
769 1513 969 1601 Τιμοσθένει
995 1517 1095 1601 τιμὴν
1122 1515 1200 1582 ἀπέ-

188 1625 273 1688 δωκε
304 1634 372 1688 τῶν
403 1627 553 1706 φιαλῶν,
584 1631 705 1688 τοῦτον
734 1619 764 1687 δ’
796 1621 962 1708 ἐγράψατο
989 1621 1078 1711 αὐτῷ
1109 1623 1200 1708 ὀφεί-
1307 1673 1308 1686 .

189 1734 308 1812 λοντα,
329 1729 412 1814 πρὸς
433 1729 471 1793 τὸ
494 1727 575 1792 ἀλλο
599 1725 702 1812 χρέως
724 1727 742 1794 ὃ
767 1723 864 1807 οὗτος
886 1727 975 1817 αὐτῷ
999 1728 1158 1814 ὤφειλεν,
1181 1729 1199 1796 ὃ
1308 1768 1309 1790 τ

149 1855 175 1894 ει
189 1834 359 1900 ἀπέτεισεν
372 1841 417 1922 τῷ
437 1830 634 1917 Τιμοσθένει
654 1844 722 1899 τῶν
734 1839 874 1919 φιαλῶν.
909 1832 1080 1901 καὶταῦτα
1093 1833 1195 1900 πάνθ’

189 1940 240 2006 ότι
263 1938 372 2024 ἀληθῆ
392 1937 488 2022 λέγω,
510 1939 637 2003 τούτων
654 1937 735 2023 ὑμῖν
753 1938 977 2024 ἀναγνώσεται
998 1939 1057 2018 τάς
1078 1965 1201 2026 μαρτυ-
1309 1939 1310 1950 ’

186 2049 278 2131 ρίας,
306 2055 438 2131 πρῶτον
461 2041 522 2129 μὲν
545 2054 612 2109 τῶν
636 2045 765 2111 δόντων
786 2047 824 2111 τὸ
847 2044 1008 2132 ἀργύριον
1031 2037 1081 2124 οἷς
1103 2043 1201 2125 οὗτος

189 2142 373 2219 ἐκέλευσενΙ
387 2150 451 2234 ἀπὸ
481 2159 538 2235 τῆς
565 2149 724 2237 τραπέζης
751 2149 807 2216 καὶ
834 2149 1089 2238 ἐπικαθημένων
1115 2156 1202 2238 τότε,

190 2260 299 2324 ἔπειτα
322 2268 382 2326 τοῦ
404 2256 634 2342 ἀπολαβόντος
656 2259 719 2343 την
740 2258 839 2343 τιμὴν
860 2269 929 2323 τῶν
950 2263 1090 2344 φιαλῶν.

593 2450 797 2504 ΜΑΡΓΤΡΙΑΙ.

247 2574 319 2641 Ὅτι
346 2572 408 2662 μὲν
435 2580 553 2642 τοίνυν
583 2575 624 2642 οὐ
652 2574 827 2660 ψεύδομαι
844 2576 928 2661 πρὸς
948 2576 1034 2659 ὑμᾶς
1055 2572 1130 2661 περὶ
1154 2569 1202 2642 ών
1213 2594 1275 2647 1194

190 2675 305 2764 είπον,
340 2692 406 2746 τῶν
438 2692 628 2767 μαρτυριῶν
660 2678 1000 2765 ἀναγιγνωσκομένων
1032 2679 1202 2764 ἀκηκόατε.

190 2787 241 2852 ότι
264 2783 303 2850 δέ
323 2808 380 2869 μοι
407 2784 462 2852 καλ
492 2787 591 2863 αὐτὸς
613 2782 711 2864 οὗτος
733 2787 896 2871 ὡμολόγει
918 2787 958 2852 τὰ
981 2785 1062 2865 ξύλα
1084 2786 1124 2851 τά
1146 2810 1203 2853 κο-

190 2888 352 2976 μισθέντα
383 2890 448 2957 ὑπὸ
477 2893 657 2958 Φιλώνδου
689 2895 736 2969 είς
767 2894 828 2978 την
855 2894 964 2958 οίκίαν
989 2894 1051 2977 τὴν
1081 2890 1202 2959 ἑαυτοῦ

190 2996 456 3080 ἀνακομισθῆναι
487 2998 549 3082 την
581 2997 618 3064 ἐν
651 3001 821 3083 Πειραιεῖ,
852 2998 980 3065 τούτων
1011 2999 1092 3083 ὑμῖν
1123 2994 1203 3065 ἀνα-

190 3103 352 3188 γνώσεται
374 3103 435 3186 την
458 3106 652 3189 μαρτυρίαν.
761 3153 763 3156 -

601 3296 790 3350 ΜΑΡΤΤΡΙΔ.

151 3442 178 3483 τι
252 3419 308 3500 Ὡς
327 3418 391 3504 μὲν
413 3421 530 3486 τοίνυν
552 3418 672 3485 τούτου
693 3414 737 3503 ἦν
759 3420 799 3485 τδ
821 3419 903 3498 ξύλα
922 3420 942 3486 δ
960 3421 1084 3505 ἤγαγεν
1103 3421 1121 3488 ό
1142 3425 1203 3488 Φι-

192 3527 337 3612 λώνδας,
360 3525 459 3603 αὐτός
481 3547 539 3609 μοι
561 3524 822 3610 μεμαρτύρηκεν·
846 3525 1009 3610 ὡμολόγει
1031 3527 1095 3612 γάρ
1119 3529 1202 3592 αὐτὰ
