2654 3926
163 149 206 213 82
471 149 553 202 εον.
578 145 860 199 εΗΜοεοααονε

161 310 296 392 τούτου]
334 304 606 393 ῥηθησομένους,
646 302 857 390 πιστοτέρους
892 311 1063 371 ποιεῖσθαι
1104 315 1172 371 τῶν

162 418 276 499 νόμων
297 411 354 479 καὶ
375 423 441 478 τῶν
464 412 529 477 ὑπὸ
551 412 672 477 τούτου
699 407 894 496 γραφέντων
920 412 969 486 είς
994 412 1055 495 τήν
1084 409 1172 477 ἀντι-

163 522 304 607 κοινήν·

124 644 150 682 ει
230 624 456 708 Πυνθάνομαι
485 625 600 689 τοίνυν
634 623 756 710 αύτούς
788 619 844 688 καί
872 619 949 708 περὶ
978 615 1025 688 ὧν
1055 624 1173 708 ἔλαχον

163 731 224 814 τήν
247 727 279 807 ἐξ
303 727 404 814 ἀρχῆς
427 729 535 812 δίκην,
558 727 646 814 ἐρεῖν
663 724 720 792 καί
736 729 986 813 κατηγορήσειν,
1008 728 1053 805 ὡς
1075 745 1173 794 συκο-

163 831 346 922 φαντήματ’
372 829 423 918 ήν.
464 833 528 918 ἐγὼ
557 830 587 899 δ’
619 833 659 899 ὃν
686 829 748 917 μὲν
775 836 899 918 τρόπον
926 832 1173 920 ἐσκευωρήσατο

163 943 224 1026 τήν
239 944 430 1025 μίσθωσιν,
453 939 540 1018 ὅπως
562 941 623 1024 τήν
642 939 798 1026 ἀφορμήν
820 948 878 1024 της
898 937 1056 1026 τραπέζης
1077 940 1174 1006 κατά·

164 1067 249 1132 σχοι,
272 1042 366 1112 εἷπον
388 1044 444 1112 καὶ
466 1045 645 1130 διεξῆλθον
666 1045 766 1129 ὑμῖν,
791 1040 876 1130 ὑπὲρ
903 1041 941 1111 δέ
968 1056 1035 1112 τῶν
1062 1048 1174 1112 ἄλλων

164 1153 226 1220 ούκ
249 1152 291 1218 ἀν
314 1143 384 1229 οἷός
406 1148 434 1216 τ’
460 1157 533 1235 είην
560 1148 670 1235 λέγειν
697 1152 764 1234 ἅμα
791 1148 847 1216 καλ
868 1153 1007 1230 τούτους
1029 1151 1174 1238 ἐλέγχειν

163 1256 238 1344 περὶ
260 1266 318 1342 τής
339 1260 532 1342 μαρτυρίας·
555 1257 678 1340 οὐγὰρ
698 1256 815 1322 ίκανύν
832 1280 889 1340 μοι
906 1259 945 1323 τὸ
963 1258 1056 1344 ύδωρ
1075 1257 1174 1323 ἐστίν.

123 1381 150 1421 4⁸
164 1364 215 1429 ὅτι
243 1360 273 1430 δ’
301 1360 374 1430 οὐδ’
404 1362 498 1448 ὑμεῖς
527 1358 666 1428 ἐθέλοιτ’
700 1361 743 1427 δν
772 1364 906 1440 εἰκότως
935 1361 1069 1429 ἀκούειν
1098 1360 1174 1448 περὶ

162 1471 290 1535 τούτων
320 1469 448 1551 αὐτῶν,
478 1467 608 1534 ἐκεῖθεν
637 1463 778 1552 είσεσθ’,
812 1465 854 1532 ἀν
884 1472 1063 1554 λογίσησθε
1092 1471 1174 1556 πρὸς

162 1575 247 1659 ὑμᾶς
269 1575 401 1658 αὐτούς,
423 1573 475 1638 ὅτι
498 1573 574 1638 ούτε
596 1581 660 1638 νῦν
684 1571 773 1638 ἐστιν
795 1575 939 1658 χαλεπὸν
961 1572 1037 1660 περὶ
1059 1568 1107 1640 ὧν
1129 1577 1174 1661 μή

162 1683 382 1766 κατηγόρηται
401 1676 522 1763 λέγειν,
544 1678 620 1744 ούτε
638 1679 772 1756 ψευδεῖς
789 1676 977 1761 ἀναγνόντα
994 1683 1175 1767 μαρτυρίας

163 1785 374 1871 ἀποφεύγειν.
415 1781 487 1850 ἀλλ’
514 1781 692 1869 οὐδέτερόν
718 1807 756 1868 γε
787 1785 917 1850 δίκαιον
945 1786 1073 1851 τούτων
1096 1783 1170 1853 οὐδ’

163 1891 206 1957 ἀν
235 1883 282 1968 εἷς
311 1893 448 1977 φήσειεν
477 1885 576 1973 εἶναι,
604 1886 678 1955 ἀλλ’
705 1889 723 1955 ὃ
751 1888 815 1974 ἐγὼ
844 1896 1071 1977 προκαλοῦμαι
1099 1900 1173 1957 νῦν.

123 2015 150 2054 49
164 2008 312 2062 σκοπεῖτε
336 1993 366 2062 δ’
393 1996 601 2074 ἀκούσαντες.
639 1995 704 2080 ἐγὼ
721 1996 784 2081 γάρ
803 1994 894 2080 ἀξιῶ,
916 1995 976 2073 οὑς
997 1993 1058 2081 μέν
1081 1995 1173 2082 ἀφεί-

163 2106 262 2169 λοντό
285 2099 319 2187 μ’
347 2101 501 2189 ἐλέγχους
522 2100 598 2189 περὶ
619 2113 687 2168 τῶν
710 2100 940 2187 ἐγκλημάτων,
965 2101 1025 2180 οὑς
1050 2111 1174 2190 προσή-

163 2233 225 2276 κον
246 2204 289 2294 ήν
312 2209 474 2294 ῥηθῆναι,
501 2210 546 2294 μή
575 2211 682 2292 ζητεῖν
705 2208 827 2285 αὐτοὺς
847 2217 928 2293 νῦν,
950 2201 1003 2286 αἷς
1025 2206 1055 2275 δ’
1082 2209 1175 2296 ἀφεί-

163 2320 263 2380 λοντο
287 2319 497 2402 μαρτυρίαις,
518 2316 564 2393 ὡς
589 2312 675 2381 εἰσὶν
698 2313 848 2399 ἀληθεῖς,
870 2316 1051 2382 δεικνύναι.
1087 2319 1119 2382 εί
1140 2313 1171 2383 δ’

164 2421 244 2486 ὅταν
268 2417 328 2504 μὲν
351 2422 413 2505 τήν
437 2421 533 2504 δίκην
557 2422 665 2503 εἰσίω,
687 2421 744 2497 τάς
766 2423 947 2507 μαρτυρίας
969 2417 1003 2504 μ’
1030 2420 1175 2507 ἐλέγχειν

163 2524 381 2609 ἀξιώσουσιν,
416 2525 496 2591 ὅταν
529 2522 566 2590 δὲ
601 2527 734 2602 ταύταις
765 2523 899 2610 ἐπεξίω,
935 2524 1011 2611 περὶ
1041 2539 1108 2592 τῶν
1140 2525 1173 2604 ἐξ

163 2628 265 2717 ἀρχῆς
287 2629 499 2714 ἐγκλημάτων
522 2628 630 2714 λέγειν
653 2653 693 2715 με
715 2631 949 2716 κελεύσουσιν,
972 2632 1047 2698 ούτε
1071 2627 1170 2696 δίκαι’

123 2754 151 2795 ⁶⁰
164 2735 241 2801 οὔτε
262 2735 343 2820 ὑμῖν
367 2732 568 2820 συμφέροντ’
595 2735 740 2823 ἐροῦσιν.
781 2737 930 2803 δικάσειν
957 2737 1021 2822 γάρ
1044 2737 1174 2822 ὀμωμό-

163 2838 240 2907 καθ’
263 2842 357 2925 ὑμεῖς
379 2841 421 2907 ού
443 2839 518 2927 περί
542 2835 590 2907 ὧν
612 2841 654 2907 ἀν
677 2841 695 2907 ὑ
719 2842 853 2926 φεύγων
877 2841 974 2928 ἀξιοῖ,
996 2839 1068 2909 ἀλλ’
1091 2839 1173 2929 ὑπὲρ

163 2947 273 3014 αὐτῶν
301 2941 349 3013 ὧν
376 2945 418 3012 άν
440 2947 461 3032 ἡ
486 2946 597 3025 δίωξις
619 2939 650 3033 ᾖ.
686 2949 809 3031 ταύτην
836 2943 867 3014 δ’
894 2946 1019 3032 ἀνάγκη
1047 2957 1088 3035 τῇ
1115 2959 1175 3015 τοῦ

165 3054 344 3130 διώκοντος
366 3051 457 3137 λήξει
479 3054 683 3138 δηλοῦσθαι,
706 3052 748 3136 ήν
771 3052 836 3137 ἐγὼ
859 3055 965 3140 τούτῳ
986 3056 1175 3140 ψευδομαρ-

164 3170 288 3245 τυριῶν
311 3163 434 3245 εῖληχα.
470 3158 515 3243 μή
539 3159 580 3242 δή
603 3154 693 3226 τοῦτ’
720 3156 817 3245 ἀφείς
836 3157 914 3245 περὶ
937 3153 984 3226 ὧν
1007 3160 1068 3226 ούκ
1090 3159 1175 3244 ἀγω-

75 3289 79 3296 ·
163 3267 285 3342 νίζεται
314 3262 448 3348 λεγέτω·
478 3260 554 3350 μηδ’
587 3263 681 3349 ὑμεῖς
706 3260 788 3350 ἐᾶτ’,
811 3264 854 3331 άυ
883 3262 935 3350 ἄρ’
963 3261 1060 3343 οὗτος
1082 3264 1255 3339 &vat-1117

164 3378 298 3455 σχυντή.

124 3491 149 3531 ω
233 3477 353 3558 Οῖομαι
374 3479 491 3541 τοίνυν
514 3475 616 3542 αὐτὸν
639 3471 739 3541 οὐδέν
758 3476 886 3564 οὐδαμῇ
905 3478 1036 3546 δίκαιον
1059 3481 1175 3567 ἔχοντα
