2650 3918
489 157 585 208 ΚΑΤΑ
602 157 766 210 ΝΕΑΙΡΑΣ.
1068 151 1131 220 311

72 336 107 376 σε
192 314 327 382 Ούκούν
357 327 546 400 περιφανῶς
583 315 779 382 ἐπιδεικνύω
816 316 897 400 ὑμῖν
927 314 983 383 καί
1014 313 1135 391 αύτούς

118 424 200 499 τοὺς
213 422 434 498 οἰκειοτάτους
445 425 593 507 Νεαίρας
612 420 748 506 ταυτησὶ
766 423 1135 508 καταμεμαρτυρηκότας

120 529 168 606 ὡς
190 529 259 593 ἔστι
282 525 371 613 ξένη,
392 526 570 614 Στέφανόν
587 551 622 594 τε
639 526 774 594 τουτονὶ
790 530 850 596 τὸν
873 531 989 616 έχοντα
1011 529 1134 612 ταύτην

119 631 201 700 νυνί
217 631 272 699 καί
291 631 500 700 συνοικοῦντ’
523 633 618 720 αὐτῇ,
639 632 693 700 καί
714 635 891 720 Φράστορα
912 637 972 701 τὸν
990 636 1134 720 λαβόντα

119 740 183 824 τήν
203 737 384 826 θυγατέρα,
406 739 585 826 Στέφανον
613 735 674 825 μὲν
702 739 763 806 ούκ
786 739 991 824 ἐθελήσαντα
1013 739 1134 824 ἀγωνί-

121 851 247 911 σασθαι
269 842 352 933 ὑπὲρ
375 856 433 931 τής
454 848 622 931 θυγατρὸς
642 854 700 930 τής
720 846 857 930 ταύτης,
879 845 1046 932 γραφέντα
1068 846 1133 914 ὑπὸ

122 952 317 1038 Φράστορος
342 954 425 1038 πρὸς
451 954 529 1028 τοὺς
555 950 778 1036 θεσμοθέτας,
805 952 850 1028 ὡς
867 949 1034 1040 Ἀθηναίῳ
1061 954 1134 1018 όντι

120 1055 216 1142 ξένης
237 1057 407 1142 θυγατέρα
434 1057 522 1145 αύτῷ
551 1059 734 1142 ήγγύησεν,
761 1055 832 1123 ἀλλ’
864 1057 1052 1124 ἀποστάντα
1077 1065 1133 1140 τής

78 1183 107 1224 ω
120 1165 259 1249 προικὸς
279 1161 335 1229 καί
357 1164 418 1230 ούκ
441 1163 667 1248 ἀπολαβόντα,
690 1164 868 1250 Φράστορα
896 1160 926 1229 δ’
953 1163 1133 1247 ἐκβαλόντα

119 1293 155 1337 τε
173 1270 236 1354 τήν
253 1267 423 1355 θυγατέρα
440 1271 502 1354 τήν
519 1273 665 1354 Νεαίρας
682 1267 819 1353 ταυτησὶ
837 1271 998 1354 γήμαντα,
1020 1267 1132 1351 ἐπειδή

121 1377 264 1444 ἐπύθετο
284 1376 325 1442 ού
343 1376 520 1462 Στεφάνου
538 1370 655 1460 οὖσαν,
677 1373 733 1441 καί
749 1377 811 1460 τήν
829 1386 950 1460 προῖκα
970 1374 1032 1440 οὐκ
1054 1372 1133 1439 ἀπο·

121 1485 235 1567 δόντα,
258 1480 372 1565 ἐπειδή
394 1503 430 1547 τε
453 1479 591 1564 ἐπείσθη
617 1479 759 1567 ὕστερον
785 1481 842 1547 διὰ
869 1482 930 1567 τήν
953 1477 1132 1546 ἀσθένειαν

119 1591 183 1674 τὴν
206 1589 309 1656 αὑτοῦ
331 1585 387 1655 καί
408 1588 471 1672 τήν
493 1585 650 1653 ἀπαιδίαν
668 1584 724 1654 καί
741 1587 802 1671 τήν
821 1589 947 1674 ἔχθραν
967 1588 1029 1672 τήν
1051 1587 1133 1671 πρὸς

119 1698 201 1773 τοὺς
222 1697 364 1772 οἰκείους
385 1696 590 1778 ποιήσασθαι
615 1695 676 1760 τὸν
701 1695 794 1778 υἰόν,
820 1691 876 1760 καί
904 1691 984 1760 ἐπεὶ1
1000 1695 1132 1778 εἰσῆγεν

121 1803 170 1878 εἰς
192 1805 269 1879 τοὺς
290 1803 461 1885 γεννήτας,
483 1797 788 1886 ἀποψηφισαμένων
804 1811 873 1864 των
891 1811 1059 1884 γεννητῶν
1076 1797 1133 1866 καί

122 1910 287 1974 διδόντων
315 1907 415 1992 ὅρκον
442 1905 531 1993 αὐτῷ
560 1904 621 1972 ούκ
654 1905 856 1990 ἐθελήσαντα
883 1904 1018 1990 ὀμόσαι,
1049 1905 1133 1971 ἀλλά

122 2019 249 2100 μᾶλλον
272 2011 422 2097 εὐορκεῖν
440 2014 678 2095 προελόμενον,
699 2010 754 2078 καί
777 2009 892 2096 ἑτέραν
913 2011 1054 2097 ὕστερον
1075 2013 1134 2096 γή-

122 2141 231 2204 μαντα
252 2127 394 2200 γυναῖκα
421 2115 524 2199 ἀστήν
551 2117 633 2182 κατὰ
659 2119 718 2183 τὸν
745 2119 863 2201 νόμον·
890 2111 987 2182 αὗται
1013 2117 1077 2202 γάρ
1099 2118 1137 2183 αἰ

121 2223 255 2309 πράξεις
277 2233 469 2309 περιφανεῖς
491 2216 589 2287 οὖσαι
608 2223 750 2306 μεγάλας
767 2226 948 2308 μαρτυρίας
970 2223 1131 2290 δεδώκασι

122 2326 194 2397 κατ’
219 2327 341 2411 αὐτῶν,
364 2327 415 2393 δτι
437 2327 506 2392 ἐστι
529 2323 605 2411 ξένη
628 2324 758 2413 Νέαιρα
780 2328 885 2412 αὑτηί.

80 2456 108 2496 τι
190 2432 369 2514 Σκέψασθε
389 2427 426 2498 δέ
443 2429 498 2498 καί
516 2433 577 2516 τήν
595 2431 863 2518 αἰσχροκέρδειαν
881 2434 943 2519 τήν
956 2435 1133 2521 Στεφάνου

121 2538 256 2609 τουτουὶ
281 2537 338 2606 καί
365 2539 426 2623 τήν
452 2540 632 2623 πονηρίαν,
658 2539 715 2604 ἵνα
740 2537 796 2606 καί
823 2539 859 2606 ἐκ
885 2541 1004 2626 ταύτης
1025 2543 1133 2627 εἰδῆτε

120 2650 173 2716 δτι
195 2648 258 2715 ούκ
280 2649 350 2712 ἔστι
372 2642 502 2732 Νέαιρα
524 2642 622 2728 αὑτηὶ
645 2643 736 2729 ἀστή.
774 2641 965 2712 Ἐπαίνετον
987 2647 1051 2734 γάρ
1073 2650 1133 2716 τδν

112 2753 289 2841 Ἄνδριον,
316 2751 459 2839 ἐραστήν
482 2751 563 2816 όντα
585 2753 733 2835 Νεαίρας
754 2749 891 2837 ταυτησὶ
913 2755 1055 2821 παλαιὸν
1077 2753 1133 2821 καί

120 2861 227 2927 πολλὰ
256 2858 447 2943 ἀνηλωκότα
477 2858 525 2934 εἰς
553 2855 676 2940 αὐτήν,
709 2854 764 2922 καί
792 2861 1016 2943 καταγόμενον
1044 2862 1133 2947 παρὰ

121 2967 252 3042 τούτοις
279 2966 376 3031 ὁπότε
403 2962 636 3048 ἐπιδημήσειεν
659 2957 819 3048 Ἀθήναζε
846 2964 902 3030 διὰ
927 2966 989 3050 τήν
1016 2971 1132 3053 φιλίαν

84 3088 109 3130 ω
123 3073 186 3157 τήν
214 3073 377 3155 Νεαίρας,
411 3068 648 3155 ἐπιβουλεύσας
676 3066 849 3155 Στέφανος
878 3070 1008 3156 οὑτοσί,
1038 3096 1133 3157 μετα·
1143 3086 1210 3136 1367

123 3176 333 3262 πεμψάμενος
356 3176 404 3251 εἰς
425 3173 530 3262 ἀγρὸν
552 3176 597 3254 ὡς
618 3175 733 3260 θύων,
755 3177 917 3262 λαμβάνει
939 3179 1056 3265 μοιχὸν
1079 3177 1133 3245 ἐπὶ

123 3291 162 3368 τη
183 3277 328 3365 θυγατρὶ
351 3289 389 3365 τῇ
412 3284 559 3367 Νεαίρας
579 3284 734 3366 ταυτησί,
759 3279 816 3347 καί
837 3283 884 3359 εἰς
906 3286 1014 3368 φόβον
1036 3307 1133 3350 κατα-

124 3391 244 3474 στήσας
271 3386 446 3472 πράττεται
473 3396 557 3471 μνᾶς
582 3388 772 3475 τριάκοντα,
798 3385 854 3454 καί
881 3389 993 3473 λαβὼν
1016 3387 1133 3473 ἐγγυη-

122 3494 180 3571 τάς
202 3494 329 3560 τούτων
349 3489 586 3580 Ἀριστόμαχόν
611 3517 647 3560 τε
673 3496 733 3561 τόν
758 3496 1052 3578 θεσμοθετήσαντα
1078 3493 1133 3559 καί
