2658 3922
439 219 535 273 RATA
553 219 847 274 Διοιινεοιοεον.
1083 220 1149 290 245

134 379 469 462 τοὺςδανείσαντας,
495 371 546 457 οἷς
564 377 588 462 ἡ
611 382 788 466 συγγραφή
809 381 937 447 κελεύει
961 398 997 446 σε
1021 379 1149 466 ἐμφανῆ

135 483 193 550 καὶ
215 482 388 570 ἀνέπαφον
409 485 470 570 τήν
487 495 574 552 ναῦν
591 484 759 572 παρέχειν,
780 486 836 552 καὶ
853 483 945 553 ταῦτ’
968 485 1150 565 ἀξιούντων

90 611 121 651 41
136 591 232 676 ἡμῶν
259 588 314 656 καὶ
341 590 641 678 προκαλεσαμένων
674 609 711 658 σε
739 581 911 672 πολλάκις,
943 590 1014 658 ἀλλ’
1046 592 1151 669 οὕτως
1161 609 1229 660 1295

139 695 291 783 ἀνδρεῖος
313 691 355 781 εί,
378 702 505 782 μᾶλλον
527 695 558 762 δ
582 697 812 784 ἀναίσχυντος,
835 695 910 764 ὥστ’
933 697 970 770 ἐκ
991 707 1049 782 τῆς
1072 714 1150 781 συγ-

139 809 269 888 γραφῆς
290 801 436 887 ὀφείλων
458 803 538 888 η’μῖν
566 804 730 872 διπλάσιαΙ
750 805 790 869 τά
812 805 976 891 χρήματα,
1004 804 1065 871 ούκ
1088 811 1151 870 οίει

139 909 213 973 δεῖν
244 905 324 974 οὐδὲ
350 911 428 987 τοὺς
454 912 571 986 τόκους
602 911 681 987 τοὺς
712 907 930 995 γιγνομένους
956 909 1151 994 ἀποδοῦναι,

137 1012 222 1078 άλλδι
248 1016 326 1092 τοὺς
352 1017 400 1092 είς
421 1011 538 1082 Ῥόδον
569 1015 783 1102 προστάττεις
814 1014 1009 1100 ἀπολαβεῖν,
1040 1016 1150 1102 ώσπερ

135 1121 174 1185 τὸ
201 1121 268 1186 σὸν
288 1122 492 1206 ,πρόσταγμα
523 1129 580 1203 τῆς
618 1130 810 1206 συγγραφῆς
841 1118 920 1187 δέον
949 1121 1151 1208 κυριώτερον

136 1223 310 1309 γενέσθαι,
332 1224 388 1291 καὶ
410 1231 534 1314 τολμᾷς
552 1225 662 1311 λέγειν
681 1228 726 1305 ώς
744 1226 806 1294 ούκ
825 1226 935 1311 ε’σώθη
958 1226 979 1310 ή
1002 1236 1084 1303 ναῦς
1105 1229 1153 1304 είς

135 1333 195 1397 τὸν
225 1336 381 1418 Πειραιᾶ·
406 1327 458 1418 ἐφ’
486 1325 512 1420 ᾧ
544 1333 679 1410 δικαίως
708 1331 751 1398 ἀν
780 1331 966 1409 ἀποθάνοις
991 1331 1057 1400 ὑπὸ
1083 1345 1150 1400 τών

92 1458 122 1498 ιε
137 1437 311 1502 δικαστῶν.
355 1437 411 1503 διδι
433 1441 508 1504 τίνα
530 1439 592 1524 γάρ
617 1439 721 1504 ἀλλον
744 1433 770 1503 ώ
794 1439 914 1524 ἀνδρες
937 1437 1087 1506 δικασταὶ
1109 1440 1150 1506 ού

137 1543 298 1609 σέσωσται
325 1542 346 1627 ή
375 1553 458 1622 ναῦς
483 1546 532 1622 είς
557 1547 617 1612 τὸν
644 1550 800 1632 Πειραιᾶ;
828 1548 970 1632 πότερον
996 1543 1040 1610 δι’
1066 1544 1152 1632 ῆμᾶς

135 1651 215 1726 τοὺς
233 1651 419 1736 διαρρήδην
438 1651 654 1728 δανείσαντας
672 1655 719 1730 είς
732 1658 904 1736 Αίγυπτον
922 1650 977 1718 καὶ
993 1635 1150 1737 είςἈθή-

136 1778 215 1839 νας,
243 1753 265 1839 ή
295 1755 350 1820 διά
380 1764 500 1822 τοῦτον
529 1753 585 1822 καὶ
613 1759 673 1823 τὸν
699 1760 864 1826 κοινωνὸν
892 1757 1014 1842 αύτοῦ,
1040 1761 1079 1826 οἱ),
1096 1757 1150 1830 ἐπὶ

136 1861 269 1938 ταύταις
291 1871 362 1938 ταῖς
385 1861 576 1946 ὁμολογίαις
599 1863 844 1948 δανεισάμενοι,
866 1860 919 1947 ἐφ’
946 1857 972 1952 95
995 1886 1030 1930 τε
1052 1887 1149 1930 κατα-

136 1971 232 2033 πλεῖν
250 1963 426 2051 Ἀθήναζε,
453 1969 501 2043 είς
524 1965 639 2034 Ῥόδον
666 1972 853 2052 κατήγαγον
880 1969 942 2054 τήν
968 1981 1070 2049 ναῦν;
1098 1971 1149 2037 ὅτι

137 2070 167 2138 δ’
196 2071 327 2148 ἑκόντες
349 2070 404 2136 καὶ
428 2072 490 2138 οὐκ
510 2071 543 2150 ἐξ
563 2071 708 2158 ἀνάγκης
724 2071 815 2140 ταῦτ’
839 2073 995 2160 ἔπραξαν,
1017 2074 1054 2145 ἐκ
1070 2081 1151 2142 πολ-

95 2197 123 2237 ιι
138 2181 207 2243 λών
230 2178 343 2259 δῆλον.
384 2178 415 2242 εί
441 2179 505 2264 γὰρ
534 2178 578 2254 ώς
605 2177 739 2261 ἀληθῶς
766 2178 925 2246 ἀκούσιον
952 2182 990 2246 τὸ
1019 2183 1150 2266 συμβάν

138 2280 267 2365 ἐγένετο
299 2279 355 2346 καὶ
385 2281 406 2364 ἡ
438 2293 521 2359 ναῦς
553 2282 692 2369 ἐρράγη,
729 2286 766 2349 τὸ
799 2284 879 2370 μετὰ
911 2282 1000 2352 τοῦτ’
1037 2285 1149 2372 ἐπειδή

138 2388 361 2455 ἐπεσκεύασαν
383 2388 444 2473 τήν
467 2397 564 2473 ναῦν,
587 2388 649 2455 οὐκ
671 2389 714 2455 ἀν
737 2392 784 2466 είς
804 2389 898 2476 ἕτερα
921 2391 1029 2474 δήπου
1051 2391 1151 2478 ἐμπό-

137 2518 193 2582 ρια
216 2494 380 2578 ἐμίσθουν
403 2494 523 2578 αύτήν,
550 2491 622 2560 ἀλλ’
649 2496 693 2572 ὡς
719 2494 805 2581 ὑμᾶς
833 2494 1047 2582 ἀπέστελλον,
1074 2497 1150 2564 ἐπα-

136 2600 362 2687 νορθούμενοι
381 2603 419 2667 τὸ
439 2600 599 2667 ἀκούσιον
619 2601 810 2686 σύμπτωμα.
845 2612 910 2668 νῦν
930 2601 959 2668 δ
983 2604 1044 2689 οὐχ
1063 2603 1151 2682 ὅπως

136 2706 441 2792 ἐπηνωρθώσαντο,
468 2705 552 2772 ἀλλά
578 2709 660 2793 πρὸς
686 2707 815 2787 τοῖςέξ
844 2708 946 2795 ἀρχῆς
972 2709 1149 2796 ἀδικήμασι

136 2816 247 2900 πολλῷ
271 2817 368 2898 μείζω
390 2812 733 2900 προσεξημαρτήκασι,
762 2813 817 2879 καὶ
844 2815 954 2902 ώσπερ
977 2815 1030 2882 ἐπὶ
1052 2841 1149 2886 κατα-

135 2916 255 3002 γέλωτι
288 2918 535 2998 ἀντιδικοῦντες
565 2921 840 3005 είσεληλύθασιν,
876 2922 921 2998 ώς
951 2918 1001 2988 ἐπ’
1037 2923 1150 3001 αὐτοῖς

137 3022 315 3110 ἐσόμενον,
343 3025 401 3091 ἐάν
428 3024 697 3111 καταψηφίσησθ’
726 3027 852 3111 αὐτῶν,
878 3026 1016 3114 τάρχαῖα
1044 3031 1148 3114 μόνον

97 3147 124 3187 α
137 3128 322 3196 ἀποδοῦναι
340 3127 397 3195 καὶ
418 3134 496 3208 τοὺς
515 3133 641 3207 τόκους.
678 3131 772 3216 ὑμεῖς
789 3125 853 3198 οὖν
872 3126 898 3196 ώ
916 3133 1036 3219 ἄνδρες
1049 3131 1148 3217 Ἀθη-

136 3247 227 3302 ναῖοι
249 3237 294 3321 μή
318 3233 502 3322 ἐπιτρέπετε
520 3247 589 3312 τοῖς
608 3235 712 3313 ούτως
730 3239 854 3322 ἔχουσι,
875 3234 952 3323 μηδ’
975 3236 1028 3303 ἐπὶ
1051 3240 1148 3304 δυοῖν

136 3339 299 3428 ἀγκύραιν
322 3341 438 3427 ὁρμεῖν
461 3341 583 3418 αὐτοὺς
610 3341 698 3426 ἐᾶτε,
722 3343 782 3427 ώς,
805 3343 863 3409 ε’άν
891 3339 952 3427 μὲν
978 3343 1147 3429 κατορθώ-
1158 3355 1226 3404 1296

137 3463 237 3531 σωσι,
261 3446 438 3533 τάλλότρια
461 3445 609 3530 ἕξοντας,
632 3446 691 3512 ἐὰν
714 3443 752 3511 δὲ
775 3449 819 3532 μή
843 3448 1008 3514 δύνωνται
1032 3446 1148 3522 ἐξαπα-

5 3629 7 3636 ,
136 3561 231 3637 τῆσαι
260 3551 363 3637 ὑμᾶς,
393 3551 476 3617 αύτδι
505 3553 544 3618 τά
575 3548 762 3638 ὀφειλόμεν’
792 3551 1036 3624 ἀποδώσοντας·
1064 3546 1147 3612 ἀλλά
