2614 3922
511 143 739 230 ‘Parasino
845 135 848 142 ¹
1113 145 1158 230 ν’

126 355 207 418 quae
236 334 333 400 lectio
364 335 467 401 altero
499 337 571 401 loeo
601 336 707 401 refelli
736 337 871 402 videtur.
902 373 945 385 -
975 334 1071 420 Spud.
1095 337 1138 400 24

127 449 226 505 ταῦτα
249 436 311 524 μὲν
333 444 451 506 τοίνυν
474 445 647 519 Σπουδίας
671 440 772 510 οὐδὲν
794 439 892 526 ἧττον
916 443 997 527 ἐμοῦ
1019 442 1138 526 γιγνώ-

128 563 216 610 σκων
237 545 304 612 ατὲ.
327 584 370 595 -
395 546 473 613 Gali
500 549 542 614 19
564 559 668 614 ταῦτα
690 554 806 616 τοίνυν
830 549 893 632 ἐγὼ
915 549 1051 633 πάσχων
1072 547 1137 612 ὑπὸ

126 652 254 716 τούτων
283 650 348 718 κτὲ.
393 652 539 737 Apparet
567 653 603 717 in
633 652 798 739 Spudiana
825 653 887 739 μὲν
916 656 1031 720 τοίνυν
1060 652 1137 716 ferri

125 779 192 822 non
215 779 328 843 posse3
351 758 510 824 medelam
537 759 725 843 suppeditat
743 759 826 824 alter
842 759 932 824 loeus
955 764 989 824 ei
1010 763 1138 843 praeter

126 884 201 926 eum
223 861 322 928 eiiam
341 860 591 949 Ctesiphonieae
610 865 663 930 vel
680 865 785 950 magis
809 865 984 930 consimilis
1003 863 1137 952 (XVIH,

129 965 221 1053 124):
244 979 347 1033 ταῦτα
368 972 485 1035 τοίνυν
509 971 607 1046 εἰδὼς
625 973 786 1057 Αίσχίνης
805 965 905 1035 οὐδὲν
927 965 1026 1052 ἧττον
1048 969 1136 1054 ἐμοῦ.
1170 1027 1177 1046 ,

127 1111 170 1120 -
196 1071 292 1157 Spud.
317 1074 360 1140 25
384 1075 481 1141 ὁπότε
504 1077 568 1162 γὰρ
596 1074 650 1141 καὶ
677 1079 803 1160 νόμους
825 1079 889 1161 ἔχω
911 1075 1138 1161 παρασχέσθαι

128 1215 170 1226 -
190 1183 288 1246 -τί
307 1181 361 1244 δεῖ
381 1189 516 1266 μακρῶν
538 1183 586 1246 ἔτι
609 1185 733 1264 λόγυν;
758 1217 801 1228 -
830 1179 951 1247 Galliel.
975 1183 1017 1247 26
1041 1181 1138 1247 ὁπότε

128 1283 166 1351 δὲ
190 1282 263 1370 μήτ’
288 1283 321 1363 ἐξ
345 1283 447 1371 ἀρχῆς
470 1287 488 1352 ὁ
512 1289 619 1371 πατὴρ
646 1288 753 1370 ἠδίκει
776 1323 819 1334 -
842 1323 886 1334 -
909 1291 944 1352 τί
964 1288 1017 1352 δεῖ
1036 1290 1137 1351 πλείω

129 1391 252 1475 Mysum
275 1389 391 1475 Itaque
412 1412 480 1456 non
502 1398 588 1458 reeie
605 1392 812 1477 Hirschigius
831 1392 866 1457 in
884 1390 1037 1458 Calliclea
1054 1393 1137 1458 ὅπου

130 1608 219 1669 ἔσται
242 1607 392 1688 φανερόν
410 1640 453 1651 -
473 1602 551 1670 ΟαΙλ
572 1607 614 1670 21
635 1606 679 1680 ὡς
697 1605 813 1669 αὐτίκα
836 1606 915 1690 ὑμῖν
938 1605 1002 1687 ἐγὼ
1025 1613 1138 1688 σαφῶς

130 1708 380 1793 ἐπιδείξω,’ίλ)ό.
404 1711 424 1774 9
449 1711 552 1793 δῆλον
575 1707 605 1775 δ’
633 1710 713 1794 ὑμῖν
732 1709 788 1775 καὶ
805 1708 893 1777 τοῦτ’
916 1707 1020 1775 αὐτίκ’
1047 1713 1137 1774 ἔσται

129 1827 239 1882 πᾶσιν.
262 1852 305 1863 -
328 1814 440 1879 Etiam
467 1836 540 1879 eum
567 1817 666 1880 teriia
692 1816 845 1881 adversus
867 1814 1043 1899 Aphobum
1069 1837 1137 1878 ora

129 1923 218 1988 tione
245 1918 397 2008 (XXIX),
426 1943 508 2004 quae
536 1926 569 1987 et
596 1922 669 2005 ipsa
699 1922 740 1987 ad
767 1922 879 1986 eadem
904 1921 971 1986 fere
998 1920 1135 1985 oraioris

130 2034 277 2111 tempora
297 2026 453 2110 perimet,
482 2031 532 2092 est
555 2025 736 2112 Spudianae
763 2028 920 2112 quaedam
944 2026 1037 2092 valde
1064 2049 1136 2091 eon-

131 2133 241 2216 spieue
269 2132 491 2215 congruentia,
519 2155 601 2218 quae
628 2132 668 2196 ed
699 2133 920 2218 quaestionem
947 2132 986 2197 de
1011 2133 1135 2217 origine

102 2237 216 2304 'illius
247 2237 403 2302 orationis
433 2237 583 2303 nonnihil
615 2238 710 2303 valet.
761 2237 887 2322 Nempe
915 2260 989 2303 eum
1017 2239 1052 2302 in
1079 2238 1137 2302 illa

130 2344 257 2430 legaiur
283 2341 318 2429 (ἓ
340 2341 412 2429 59):
442 2343 483 2409 οὐ
512 2344 556 2426 μὰ
584 2346 644 2408 τὸν
666 2342 725 2408 Δί’
752 2344 813 2430 οὐχ
841 2345 891 2409 ότι
917 2346 975 2408 τὸν
998 2346 1135 2409 Μιλύαν

131 2451 344 2534 ὡμολόγησεν
358 2444 444 2513 εἶναι
459 2447 639 2532 ἐλεύθερον
657 2447 769 2536 (τοῦτο
788 2447 849 2533 μὲν
867 2451 930 2533 γὰρ
949 2448 1049 2515 οὐδὲν
1066 2445 1135 2535 ἦν),

131 2554 200 2621 ἀλλ’
226 2555 277 2620 ότι
300 2551 377 2637 ατὲ.,
399 2553 435 2618 in
455 2553 517 2618 hae
541 2559 650 2619 eutem
671 2553 706 2641 (ἐ
729 2552 800 2640 20);
828 2553 869 2620 οὐ
890 2559 978 2644 λόγῳ
1001 2558 1045 2639 μὰ
1068 2560 1136 2620 Δία

131 2661 238 2744 ὥσπερ
259 2669 325 2726 νῦν
348 2658 529 2725 ἀντιδικῶν
551 2659 659 2748 (τουτὶ
681 2658 742 2744 μὲν
761 2662 823 2745 γὰρ
842 2657 943 2726 οὐδὲν
960 2663 1135 2747 τεκμήριόν

131 2762 233 2850 ἐστιν)
248 2763 321 2830 ἀλλ’
341 2763 419 2830 xre:
441 2765 513 2850 quis
535 2771 586 2831 est
606 2767 685 2850 quin
703 2766 756 2831 his
776 2766 856 2832 loeis
877 2768 1012 2831 eundem
1028 2772 1135 2832 aueto-

130 2891 197 2933 rem
219 2871 396 2956 agnoscat?

195 2974 317 3042 Verum
333 2976 415 3042 haee
431 2999 517 3042 nune
534 2977 704 3064 haetenus3
728 2979 766 3043 de
789 2979 902 3044 eeteris
925 3003 1027 3064 pauca
1049 2981 1136 3045 suffia

131 3081 222 3145 eieni.
273 3081 418 3149 Indieem
450 3081 643 3148 historicum
675 3085 886 3149 Reiskianum
915 3109 935 3148 a
967 3085 1134 3151 Dindorfio

129 3187 204 3252 huie
221 3188 380 3253 volumini
398 3188 559 3253 adiectum
576 3210 650 3253 eum
668 3193 725 3253 aui
743 3189 918 3255 innumeris
937 3213 1037 3274 paene
1055 3192 1134 3256 loeis

129 3286 365 3357 immutandum
392 3293 644 3377 supplendumve
672 3292 813 3358 viderem
840 3300 896 3360 aui
923 3318 981 3360 suo
1011 3299 1135 3361 auctori

130 3398 382 3483 relinquendum,
405 3397 467 3464 hoe
489 3397 637 3484 praeiuli,
659 3421 794 3482 parcens
818 3404 908 3484 operi
929 3400 992 3463 viri
1014 3402 1052 3463 de
1075 3401 1135 3463 De-

130 3503 296 3570 mosthene
324 3504 410 3569 inter
437 3505 560 3590 primos
595 3505 717 3590 optime
743 3505 859 3569 meriti.
911 3503 1040 3568 Novum
1067 3505 1136 3584 ipse
