2656 3926
507 161 700 214 ΕΠΙΣΤΟΔΗ
717 161 764 214 1v.
1075 159 1141 225 423

129 318 188 386 καὶ
209 321 269 386 τὸν
287 322 355 386 Δία
377 321 435 386 τὸν
453 323 661 388 Δωδωναῖον
688 318 744 388 καί
765 321 826 403 τὴν
845 321 984 408 Διώνην
1006 316 1060 386 καὶ
1083 321 1141 384 τὸν

126 423 276 492 Ἀπόλλω
299 425 358 489 τὸν
381 426 518 492 Πύθιον
545 425 596 492 ἀεὶ
624 424 780 508 λέγοντας
807 424 843 490 ἐν
870 437 942 502 ταῖς
964 427 1143 509 μαντείαις,

128 530 188 598 καὶ
210 531 634 616 προσεπισφραγιζομένους
659 533 721 615 τὴν
749 529 881 616 ἀγαθὴν
907 532 1010 616 τύχην
1038 529 1075 596 έν
1102 537 1140 614 τῇ

128 641 226 704 πόλει
249 632 334 702 εἶναι
356 632 434 720 παρ’
456 637 545 721 ὑμῖν.
583 637 645 704 ὅσα
668 631 729 720 μέν
751 639 866 703 τοίνυν
885 635 960 720 περὶ
982 647 1049 702 τῶν
1073 634 1142 700 έπε-

129 747 240 810 όντων
263 744 422 826 δηλοῦσιν
446 742 482 807 οί
500 745 587 824 θεοί,
611 742 714 826 δῆλον
732 741 776 818 ὡς
793 739 1005 826 προλέγουσι·
1028 742 1086 818 τάς
1104 737 1137 806 δ’

131 847 197 914 ἀπὸ
224 861 291 915 τῖον
317 852 599 933 παρεληλυθότων
625 852 848 933 προσηγορίας
875 846 928 914 ἐπὶ
955 857 1026 924 ταῖς
1048 869 1142 931 γεγο-

100 957 241 1034 ινυίαις
262 953 420 1038 πράξεσιν
442 957 601 1022 τίθενται.
646 952 667 1018 ἀ
689 956 805 1020 τοίνυν
825 951 889 1036 ἐγὼ
907 956 1141 1036 πεπολίτευμαι

129 1057 208 1144 παρ’
229 1059 322 1144 ὑμῖν,
345 1071 411 1125 τῶν
433 1060 497 1143 ἤδη
521 1056 751 1143 γεγενημένων
774 1057 876 1142 ἐστίν,
899 1056 956 1142 ἀφ’
978 1053 1026 1124 ὧν
1048 1057 1141 1124 εὐτυ-

129 1176 199 1250 χεῖς
220 1165 306 1249 ὑμᾶς
328 1165 634 1250 προσηγορεύκασιν
651 1164 687 1229 οί
706 1166 791 1230 θεοί.
834 1175 903 1240 πῶς
926 1158 988 1229 οὖν
1011 1164 1141 1230 δίκαιον

129 1273 209 1348 τοὺς
228 1265 289 1353 μὲν
306 1267 502 1346 πεισθέντας
519 1269 666 1355 εὐτυχεῖς
687 1269 918 1354 ὀνομάζεσθαι,
940 1271 998 1336 τὸν
1018 1265 1055 1336 δὲ
1072 1271 1140 1336 πεί-

131 1392 235 1442 σαντα
265 1383 322 1458 τῆς
347 1373 497 1452 ἐναντίας
525 1377 747 1460 προσηγορίας
776 1375 966 1461 τυγχάνεινς
995 1375 1083 1458 πλὴν
1112 1376 1143 1440 εί

129 1484 228 1547 τοῦτό
246 1504 296 1558 τις
314 1487 413 1564 είποι,
434 1483 496 1565 τὴν
514 1477 576 1566 μὲν
594 1482 711 1566 κοινὴν
730 1481 897 1566 εὐτυχίαν,
919 1475 958 1564 ἧς
977 1480 1040 1564 ἐγὼ
1061 1482 1141 1564 σύμ-

129 1591 263 1672 βουλος,
284 1589 387 1664 θεοὺς
408 1590 486 1664 τοὺς
500 1585 664 1670 λέγοντας
686 1583 783 1670 εἶναι,
806 1579 856 1664 οἷς
879 1585 920 1654 οὑ
941 1586 1040 1672 θέμις
1061 1586 1141 1664 ψεύ-

131 1694 263 1776 δεσθαι,
284 1694 345 1778 τὴν
369 1691 400 1758 δ’
427 1695 516 1761 ἰδίαν
538 1698 762 1779 βλασφημίαν,
784 1686 806 1778 ᾗ
829 1689 899 1762 κατ’
922 1691 1003 1776 ἐμοῦ
1026 1690 1141 1781 κέχρη-

130 1821 183 1866 ται
215 1784 426 1885 Θηραμένης,
456 1802 590 1885 θρασὺν
622 1797 677 1867 καὶ
709 1797 828 1882 ἀναιδῆ
858 1796 913 1865 καὶ
947 1795 1030 1866 οὐδὲν
1056 1809 1139 1866 νοῦν

131 1903 236 1991 ἔχοντ’
262 1905 444 1987 ἄνθρωπον
467 1903 642 1989 εἰρηκέναι.

104 2027 118 2068 ε
201 2008 251 2074 Οὐ
274 2013 392 2076 τοίνυν
418 2011 523 2092 μόνον
550 2020 621 2086 ταῖς
646 2013 734 2094 παρὰ
760 2020 827 2076 τῶν
855 2015 947 2078 θεῶν
974 2016 1140 2093 μαντείαις

132 2113 264 2197 ἀγαθὴν
292 2108 398 2181 οὖσαν
425 2111 580 2200 εὑρήσεθ’
612 2107 633 2200 ᾖ
661 2111 824 2200 κέχρησθε
851 2116 948 2200 τύχη,
976 2113 1058 2182 ἀλλά
1085 2113 1140 2180 καί

132 2219 165 2298 ἐξ
189 2219 298 2285 αὐτῶν
321 2230 388 2286 τῶν
411 2222 518 2306 ἔργων
539 2226 758 2305 θεωροῦντες,
781 2219 825 2286 ἀν
842 2218 996 2304 ἐξετάζητ’
1020 2220 1139 2306 ὀρθῶς.

131 2326 224 2410 ὑμεῖς
245 2327 308 2412 γάρ
332 2327 363 2390 εί
384 2321 445 2410 μὲν
468 2325 513 2402 ὡς
534 2327 708 2411 ἀνθρωττοι
726 2327 766 2393 τδι
784 2326 957 2410 πράγματα
975 2327 1138 2410 βούλεσθε

130 2438 284 2515 θεωρεῖν,
307 2429 544 2516 εὐτυχεστάτην
567 2427 715 2515 εὑρήσετ’
742 2428 801 2515 ἀφ’
822 2425 869 2498 ὧν
893 2430 956 2513 ἐγὼ
980 2432 1139 2516 συνεβού-

131 2543 232 2604 λευσα
249 2537 311 2621 τὴν
328 2539 428 2605 πόλιν
449 2547 640 2618 γεγονυῖαν·
660 2538 691 2604 εί
708 2533 738 2602 δ’
757 2535 778 2606 ἀ
795 2548 864 2612 τοῖς
881 2542 974 2614 θεοῖς
992 2516 1134 2620 έξαίρεθ’

130 2643 268 2728 ὑπάρχει
291 2644 417 2727 μόνοις,
440 2641 566 2708 τούτων
585 2639 737 2718 ἀξιώσετε
755 2641 942 2727 τυγχάνειν,
965 2640 1138 2708 ἀδυνάτων

106 2748 275 2832 οίφίεσθε.
319 2749 356 2812 τί
375 2740 438 2814 οὑν
466 2744 534 2813 ἐστι
559 2751 654 2823 θεοῖς
680 2743 863 2830 ἐξαίρετον,
889 2744 1081 2827 ἀνθρώποις
1104 2744 1134 2812 δ’

132 2853 171 2919 οὑ
198 2855 357 2932 δυνατύν;
389 2851 543 2918 ἀποίντων
574 2862 642 2918 τῶν
674 2849 812 2937 ἀγαθῶν
844 2850 1009 2938 ἐγκρατεῖς
1040 2854 1138 2931 ὄντας

131 2961 265 3041 κυρίους
288 2954 373 3028 εἶναι
395 2956 449 3024 καὶ
468 2957 588 3034 αύτούς
607 2959 694 3042 ἔχειν
710 2955 766 3022 καὶ
785 2958 903 3025 δοῦναι
923 2969 991 3036 τοῖς
1013 2959 1137 3042 ἀλλοις,

131 3067 281 3148 φλαῦρον
304 3059 341 3130 δὲ
363 3059 467 3148 μηδὲν
487 3059 647 3145 μηδέποτ’
672 3061 709 3128 έν
735 3061 833 3130 παντὶ
859 3073 905 3150 τῷ
933 3065 1030 3132 αίῶνι
1057 3065 1137 3148 μήτε

131 3174 251 3234 παθεῖν
274 3171 353 3252 μήτε
376 3172 543 3252 μελλῆσαι.
583 3165 639 3238 καί
662 3169 727 3254 μὴν
750 3166 978 3252 ὑποκειμένων
998 3170 1137 3255 τούτων,
1148 3183 1214 3232 1488

132 3276 238 3359 ὥσπερ
260 3275 434 3358 προσήκει,
461 3284 610 3342 σκοπεῖτε
637 3274 676 3340 τὰ
702 3272 830 3359 ὑμέτερ’
851 3273 967 3342 ἀύτῦν
993 3276 1075 3360 πρὸς
1096 3276 1136 3341 τὰ

108 3391 195 3446 ιτῦυ
218 3381 329 3446 ἀλλων
351 3376 549 3463 ἀνθρώπων.
591 3375 700 3454 οὐδεὶς
717 3379 780 3465 γὰρ
799 3379 904 3456 οὑτως
922 3377 1011 3445 ἐστίν
1029 3378 1136 3462 ἀγνύ-

132 3511 216 3572 μων,
240 3485 332 3561 ὅστις
351 3481 393 3549 ἀν
416 3482 437 3568 ἣ
459 3483 500 3550 τά
522 3485 797 3573 Λακεδαιμονίοις
818 3487 1063 3568 συμβεβηκότα,
1086 3476 1135 3560 οἷς

1178 3751 1316 3856 Δ
