2650 3918
449 206 545 257 ΚΑΤΑ
563 204 782 261 ΘΕΟΚΡΙΝΟΤ.
1054 203 1119 271 283

54 381 94 420 42
111 360 183 430 έπελ
210 365 296 431 διότι
322 365 518 432 τούναντίον
542 364 626 451 ἐστί,
652 365 708 432 καὶ
731 367 792 452 οὐχ
816 362 928 453 οὗτος,
957 365 1029 434 ἀλλ’
1055 363 1118 451 έγδι

109 474 384 556 κατεστασίασμαι
391 479 409 556 ,’
423 469 478 537 καί
500 469 680 557 φησάντων
702 483 804 539 τινῶν
826 497 883 558 μοι
906 485 1119 558 συναγωνιεῑ·

109 583 194 641 σθαι
223 576 429 662 προδέδομαι
455 578 512 645 διά
540 579 598 655 τάς
626 578 753 644 τούτων
783 577 957 664 ἑταιρείας,
971 626 973 630 .
987 580 1119 657 έκείνως

110 683 215 766 δῆλον
241 682 323 768 ὑμῖν
346 685 444 749 ἔσται.
489 685 626 750 καλείτω
656 684 674 750 ό
698 683 799 771 κῆρυξ
827 683 942 750 οὑτοσὶ
967 689 1027 753 τὸν
1049 690 1119 770 Δη-

108 784 295 872 μοσθένην·
319 789 380 854 ούκ
402 788 610 874 ἀναβήσεται.
646 791 684 856 τὸ
708 787 739 854 δ’
765 793 872 858 αίτιόν
895 790 995 876 έστιν,
1018 791 1059 857 ού
1078 785 1118 858 τὸ

106 889 161 977 ἔμ’
178 893 245 960 ὑπό
258 917 360 960 τινων
378 892 598 979 πεπεισμένον
617 893 759 974 ένδείξαι
777 899 920 981 τουτονί,
943 895 1026 962 ἀλλὰ
1042 907 1119 964 τοῦ·

107 1021 170 1065 τον
191 996 247 1064 καὶ
269 1001 328 1066 τὸν
350 1000 425 1086 άρτι
446 1000 654 1084 καλούμενον
677 1001 902 1068 διαλελύσθαι.
934 1000 997 1067 ’καὶ
1017 997 1116 1069 ’τοῦθ’

108 1103 162 1170 ὅτι
185 1103 276 1170 ἐστὶν
299 1104 440 1188 ἀληθές,
462 1104 637 1189 ἀναγκάσω
661 1101 922 1193 μέν’μαρτυρελν
944 1105 999 1173 καὶ
1022 1111 1119 1174 Κλει-

80 1239 83 1248 ‘
107 1212 258 1296 νόμαχον
279 1211 339 1276 τὸν
363 1206 581 1294 συναγαγόντ’
605 1211 729 1288 ἀὐτούς
750 1209 805 1276 καλ
827 1212 1040 1297 Εὐβουλίδην
1058 1215 1118 1279 τὸν
1129 1235 1195 1286 ιεεε

60 1333 93 1373 4⁸
108 1315 148 1382 έν
161 1316 372 1402 Κυνοσάργει
385 1319 669 1403 παραγενόμενον·
686 1317 733 1383 ὀὐ
751 1319 818 1402 μήν
833 1320 971 1385 ’ἔλαττόν
986 1315 1025 1401 γε
1043 1321 1118 1384 τού-

104 1446 170 1488 ,τον
198 1433 335 1507 σημείου
354 1422 460 1509 ύμῖν,
490 1422 573 1488 ἀλλά
600 1422 712 1507 μεῖζον
733 1425 1003 1510 παρασχήσομαι,
1028 1426 1118 1492 Ιδιότι

108 1525 207 1595 τοῦτ”
221 1531 311 1595 ἔστιν
334 1526 468 1612 ἀληθές,
491 1528 509 1594 δ
528 1528 647 1606 πάντες
670 1527 869 1606 ἀκούσαντες
890 1528 1118 1615 ὁμολογήσετε.
1247 1527 1248 1532 ’

109 1636 292 1721 Θεοκρίνης
314 1635 377 1719 γάρ
400 1632 514 1700 οὑτοσὶ
533 1645 651 1701 τοῦτον
670 1635 800 1701 διώκων
822 1638 1036 1722 παρανόμων,
1057 1631 1117 1702 τὸν

108 1743 247 1827 μιαρὸν,
275 1742 319 1819 ὡς
348 1740 464 1807 αὐτίκα
491 1743 609 1827 φήσει,
637 1739 693 1807 καὶ
715 1741 782 1808 τῶν
810 1750 874 1807 νῦν
896 1741 984 1830 αύτῷ
1006 1754 1117 1808 κακῶν

108 1853 230 1930 αἴτιον,
252 1857 403 1933 φανερῶς
421 1846 526 1932 άφήκε
544 1855 601 1931 τής
618 1858 758 1933 γραφῆς,
777 1844 829 1934 ἐφ’
846 1841 868 1934 ή
884 1846 962 1914 δέκα
979 1845 1113 1915 τάλαντ’

108 1953 317 2039 ἐπεγράψατο
343 1956 474 2036 τίμημα.
501 1955 593 2031 ’πῶςς
625 1950 726 2020 οὐδὲν
755 1955 872 2020 καινὸν
900 1953 1117 2040 διαπραξάμε-

107 2084 179 2144 νος,
202 2054 273 2124 ἀλλ’
301 2056 381 2140 ὅπερ
409 2057 518 2143 ἕτεροί
528 2083 530 2086 ·
543 2081 631 2135 τινες
656 2069 724 2123 τῶν
751 2059 877 2143 ὁμοίων
898 2061 1014 2148 τούτῳ.
1058 2062 1117 2125 τὸν

109 2161 172 2250 μέν
193 2159 420 2247 Δημοσθένην
442 2187 492 2240 τις
513 2162 710 2247 ὑπωμόσατο
736 2162 940 2249 καλουμένης
961 2173 1018 2248 τής
1039 2189 1118 2252 γρα-

108 2277 174 2356 φής
193 2268 248 2344 -ῑὼς
276 2275 460 2351 νοσοῦντα,
491 2269 550 2333 τὸν
578 2271 749 2353 περιιόντα
775 2266 831 2334 καὶ
858 2264 1119 2355 λοιδορούμενον

109 2376 410 2460 Αἰσχίνητοῦτον
433 2369 463 2438 δ’
491 2368 588 2450 οὗτος
610 2368 943 2461 τὸνέχθρὸνείακε,
964 2374 1028 2442 καὶΔ
1043 2377 1118 2443 ούτε

109 2477 175 2548 τότ’
202 2477 460 2563 άνθυπωμόσατ’
489 2476 565 2544 οὔθ’
592 2479 732 2565 ὕστερον
755 2479 962 2565 ἐπήγγελκεν.
999 2477 1050 2566 ἀρ’
1077 2483 1118 2548 ού

109 2593 299 2674 περιφανῶς
321 2579 415 2652 οὗτοι
437 2585 780 2670 φενακίζουσινύμᾶς
799 2589 878 2664 τοὺς
898 2585 1119 2674 προσέχοντας

109 2694 239 2770 τούτοις
261 2693 306 2770 ὡς
328 2690 475 2778 έχθροῖς;
501 2687 574 2774 λέγε
597 2690 655 2768 τάς
678 2691 866 2779 μαρτυρίας.

412 2926 415 2930 ,
513 2885 723 2960 mmmm„

72 3046 98 3085 ρ
179 3009 314 3076 Οὐκοῦν
346 3010 476 3076 δίκαιόν
508 3008 598 3076 ἐστιν
630 3004 656 3074 όι
688 3011 807 3096 άνδρες
839 3014 1006 3098 δικασταί,
1037 3013 1113 3099 μηδ’

110 3117 196 3202 ὑμᾶς
214 3127 280 3181 τῶν
298 3117 474 3200 φησόντων
490 3114 661 3200 Θεοκρίνει
684 3117 741 3182 διά
758 3111 818 3200 τήν
840 3120 923 3204 πρὸς
942 3119 1118 3204 Δημοσθέ-

111 3245 175 3306 νην
198 3223 324 3306 ἔχθραν
351 3231 504 3306 συνερεῖν
532 3219 662 3287 έθέλειν
690 3220 840 3306 ἀκούειν,
867 3221 950 3288 ἀλλά
972 3226 1118 3290 κελεύειν

112 3328 250 3411 αὐτούς,
280 3331 371 3412 εἴπερ
400 3325 444 3402 δις
471 3325 604 3410 άληθῶς
631 3326 751 3414 ἐχθροί
774 3331 839 3394 εἰσι
860 3337 921 3394 τοῦ
943 3329 1119 3414 Δημοσθέ-

113 3457 210 3516 νους,
246 3431 349 3498 αὐτὸν
386 3429 514 3496 ἐκεῖνον
549 3433 737 3519 γράφεσθαι
768 3431 823 3500 καὶ
854 3435 898 3519 μή
936 3433 1118 3519 ἐπιτρέπειν

113 3538 200 3626 αὐτῷ
220 3537 395 3623 παράνομα
413 3535 563 3623 γράφειν.
585 3535 664 3603 ἐἰσὶ
681 3533 730 3602 Ιδέ
750 3533 799 3622 γε
812 3535 917 3603 δεινοὶ
938 3537 993 3603 καὶ
1016 3534 1120 3621 οὗτοι,
