2654 3926
171 163 214 226 60
457 166 552 219 mv.
581 163 885 234 [ΔΗΜοΣοΕαουΣ]

169 325 349 402 πιστεύειν;
381 325 486 409 ὁγάρ
515 326 553 391 τὸ
582 327 749 409 θεωρικὸν
780 323 901 400 ἀδίκως
930 322 1071 402 ἀξιώσας
1100 326 1181 405 λαμ-

170 430 286 514 βάνειν
314 427 369 494 καί
395 428 471 512 περὶ
496 439 557 496 τοῦ
588 434 713 516 κλήρου
739 437 778 514 τῇ
807 429 888 514 αὐτή
918 431 1050 516 διανοίᾳ
1077 430 1181 512 δήλου

130 552 157 594 ιο
172 533 222 598 ότι
253 531 406 618 κέχρηται
437 536 524 598 νυνί.
570 532 654 598 ἀλλά
690 533 755 616 μήν
791 531 846 598 καὶ
880 534 940 599 τὸν
971 534 1114 620 ἀρχοντά
1145 529 1176 617 γ’

171 637 351 723 ἐξηπάτησε
369 639 673 723 παρακαταβάλλων
690 640 773 724 πρὸς
789 638 874 722 ήμῖις
886 637 941 704 καλ
955 638 1181 725 ἀντεγράψατο

167 741 342 829 Ὀτρυνεὺς
364 739 450 808 εἶναι
472 743 510 812 ἐν
523 741 738 821 Ἐλευσινίοις
761 746 1031 831 δημοτευόμενος.
1068 745 1180 828 ἐπειδή

170 853 286 914 τοίνυν
308 850 436 916 τούτων
455 851 590 916 πάντων
613 849 826 935 ἀπετύγχανε,
848 863 919 927 ταῖς
936 851 1183 936 παρελθούσαις

170 954 393 1040 ἀρχαιρεσίαις
414 957 547 1033 ταύταις
568 956 899 1042 παρασκευασάμενός
921 981 1013 1034 τινας
1033 969 1100 1022 τῶν
1124 959 1183 1040 δηὴ

170 1072 280 1144 μοτῶν
301 1059 396 1144 ἠξίου
420 1056 517 1139 οὗτος
539 1061 765 1147 ἐγγράφεσθαι
783 1064 904 1146 νοητὸς
921 1064 993 1139 υίὸς
1010 1070 1055 1149 τῷ
1076 1059 1183 1148 Ἀρχι-

130 1186 157 1226 ω
171 1166 244 1252 άδη.
286 1165 527 1251 ἀντιλεγόντων
555 1164 585 1232 δ’
616 1168 710 1252 ήμῶν
737 1165 793 1232 καί
820 1166 1018 1251 ἀξιούντων,
1046 1167 1182 1233 ἐπειδάν

169 1283 229 1337 τοῦ
252 1273 377 1357 κλήρου
399 1272 420 1356 ή
445 1275 634 1339 διαδικασία
657 1270 802 1357 γένηται,
824 1283 1001 1357 τηνικαῦτα
1023 1275 1100 1348 τοὺς
1123 1274 1181 1356 δη-

170 1381 270 1462 μότας
292 1379 353 1462 τήν
375 1386 490 1463 ψήφου
513 1377 644 1464 φέρειν,
670 1381 832 1464 πρότερον
861 1375 897 1444 δὲ
920 1380 975 1464 μή,
997 1387 1094 1444 τοῦτο
1118 1375 1180 1462 μὲν

171 1483 374 1567 ἐπείσθησαν
406 1484 449 1549 οὐ
481 1479 526 1549 δι’
561 1484 696 1568 αὑτούς,
732 1482 816 1549 ἀλλά
849 1483 904 1548 διά
935 1486 1013 1561 τοὺς
1042 1486 1181 1569 νόμους·

171 1591 283 1654 δεινὸν
310 1591 373 1674 γάρ
402 1588 509 1655 ἐδόκει
536 1585 622 1655 εἶναι
652 1591 711 1656 τὸν
743 1592 1095 1674 παρακαταβεβληκότα
1120 1600 1182 1656 τοῦ

171 1697 295 1778 κλήρου
324 1697 484 1760 εἰσποιεῖν
512 1695 613 1761 αὑτὸν
642 1698 690 1761 ἔτι
717 1707 784 1761 τών
810 1695 1010 1780 πραγμάτων
1038 1695 1181 1779 ἀκρίτων

171 1802 290 1866 όντων·
314 1799 332 1864 δ
356 1797 394 1866 δέ
411 1801 492 1885 μετά
510 1811 611 1866 ταῦτα
630 1803 802 1867 διοικεῖται
820 1803 1035 1887 Λεώστρατος
1057 1801 1182 1884 οὑτοσί,

130 1927 157 1966 α
171 1915 268 1971 τοῦτο
301 1906 434 1972 πάντων
471 1907 662 1973 δεινότατόν
694 1906 794 1973 ἐστιν.
843 1905 956 1990 ἐπειδή
988 1907 1050 1992 γάρ
1083 1907 1182 1983 αὐτὸς

171 2010 373 2096 ἀπετύγχανε
401 2021 462 2077 τοῦ
494 2011 715 2097 ἐγγραφῆναι,
747 2014 889 2078 εἰσποιεῖ
912 2012 1095 2097 Λεωχάρην
1121 2013 1181 2077 τὸν

172 2116 275 2182 αὑτοῦ
297 2117 374 2182 υίὸν
393 2113 549 2202 Ἀρχιάδῃ
577 2118 665 2201 παρά
692 2117 816 2194 πάντας
842 2119 920 2193 τοὺς
945 2119 1081 2202 νόμους,
1102 2114 1182 2202 πρὶν

171 2231 232 2287 τοῦ
255 2224 364 2307 δήμου
386 2223 447 2306 τήν
471 2223 668 2306 δοκιμασίαν
696 2221 870 2306 γενέσθαι,
897 2222 958 2288 οὐκ
985 2221 1182 2307 εἰσηγμένου

173 2325 203 2394 δ’
231 2330 278 2405 είς
299 2331 377 2412 τοὺς
397 2328 563 2413 φράτεράς
584 2349 635 2394 πω
658 2330 736 2404 τοὺς
754 2326 947 2414 Ἀρχιάδου,
969 2325 1043 2394 ἀλλ’
1070 2327 1182 2412 ἐπειδή

149 2433 353 2518 ἐνεγράφη,
381 2444 558 2518 τηνικαῦτα
585 2438 700 2510 πείσας
729 2433 788 2499 ἕνα
814 2434 889 2499 τιυά
916 2445 983 2499 τῶν
1009 2432 1182 2520 φρατέρων

132 2561 159 2600 ω
174 2537 355 2624 ἐνέγραψεν
382 2542 429 2617 είς
455 2542 492 2605 τὸ
519 2542 719 2626 φρατερικὸν
750 2550 981 2625 γραμματεῖον.
1021 2538 1077 2605 καὶ
1103 2540 1182 2624 μετὰ
1192 2559 1261 2610 1093

172 2655 274 2710 ταῦτα
283 2653 322 2730 τή
334 2646 551 2731 διαμαρτυρία
561 2655 600 2730 τή
614 2647 695 2730 πρὸς
708 2655 753 2733 τῷ
769 2647 904 2730 ἀρχοντι
917 2653 1036 2711 τοῦτον
1051 2645 1182 2729 ἐπιγρά-

172 2773 280 2835 φεται,
303 2751 347 2826 ώς
368 2751 445 2816 υίδν
473 2750 554 2815 ὄντα
582 2753 722 2834 γνήσιον
748 2760 808 2817 τοῦ
836 2753 1101 2834 τετελευτηκότος
1128 2753 1182 2834 ἔτη

172 2855 291 2939 πολλά,
309 2857 368 2921 τὸν
385 2856 502 2940 πρώην
520 2853 575 2920 καὶ
593 2852 673 2941 χθὲς
691 2855 904 2942 ἐγγραφέντα.
935 2854 991 2922 καὶ
1009 2861 1183 2941 συμβαίνει

173 2960 380 3047 ἀμφοτέρους
402 2960 522 3037 αὐτοὺς
543 2971 600 3045 τής
620 2965 841 3047 κληρονομίας
859 2961 1089 3047 ἀμφισβητεῖν·
1112 2961 1182 3026 ὅτε

174 3071 236 3153 γὰρ
260 3069 474 3151 Λεώστρατος
497 3064 610 3132 οὑτοσὶ
637 3067 882 3151 παρακατέβαλε
911 3078 971 3134 τοῦ
993 3069 1117 3152 κλήρου
1141 3065 1185 3143 ώς

173 3175 246 3250 υίὸς
268 3176 404 3256 γνήσιος
427 3168 598 3258 Ἀρχιάδη,
625 3172 644 3238 ό
671 3195 705 3237 τε
728 3173 906 3266 Λεωχάρης
933 3171 1047 3240 οὑτοσὶ
1074 3173 1184 3256 διαμει

174 3279 381 3362 μαρτύρηκεν
411 3277 455 3354 ώς
483 3279 556 3354 υίὸς
586 3278 633 3343 ών
667 3282 804 3362 γνήσιος
832 3288 892 3344 τοῦ
921 3278 1024 3345 αὐτοῦ
1053 3281 1185 3364 πατρός,

4 3437 5 3444 ,
135 3402 162 3442 τε
176 3382 349 3468 οὐδέτερος
367 3379 398 3448 δ’
421 3381 530 3448 αὐτῶν
554 3385 659 3466 ζῶντι,
682 3383 766 3448 ἀλλά
783 3387 1025 3468 τετελευτηκότι
1047 3386 1187 3450 είσποιεῖ

176 3489 287 3553 αὑτόν.
336 3489 430 3574 ἡμεῖς
467 3485 497 3555 δ’
528 3493 669 3574 οἰόμεθα
706 3491 777 3556 δεῖν
808 3485 835 3556 ώ
867 3490 987 3574 ἀνδρες
1023 3491 1184 3569 δικασταί,
