2658 3922
190 165 256 232 230
512 167 569 219 LV.
591 163 872 218 ΔΗΜΟΣΘΕΝΟΤΣ

189 323 251 413 μὲν
274 332 474 413 βρεχθῆναι,
500 322 555 391 καὶ
579 323 836 411 ξηραινομένους
863 327 948 390 ίδείν
971 323 1092 409 αὐτὴν,
1118 320 1208 408 μηδὲ

190 443 279 520 τρεῖς
305 433 500 516 μεδίμνους,
522 429 673 517 ἀλεύρων
702 428 733 497 δ’
759 432 804 507 ὡς
829 428 1065 516 ἡμιμέδιμνον·
1089 429 1206 496 ἐλαίου

190 537 227 605 δ’
263 535 487 621 ἀποκλιθῆναι
522 531 584 621 μὲν
622 537 781 623 κεράμιον
815 537 976 622 φάσκειν,
1012 535 1053 602 ού
1088 533 1206 621 μέντοι

151 663 177 705 ιε
190 650 313 710 παθεῖν
336 641 366 727 γ’
390 641 500 708 οὐδέν.
540 641 673 709 τοσαῦτ’
697 638 863 730 ὦάνδρες
885 641 1036 708 δικασταί
1058 641 1098 707 τά
1121 658 1206 726 συμ-

190 747 285 835 βάντ’
312 745 356 834 ἧν
382 749 528 833 τούτοις,
560 746 639 814 ἀνθ’
668 742 715 814 ὧν
743 748 807 832 ἐγὼ
834 732 951 835 χιλίαν
974 749 1130 835 δραχμῶν
1153 750 1206 814 δί·

190 879 253 940 κην
282 854 440 940 ἀτίμητον
466 856 589 940 φεύγοι.
636 855 677 921 ού
704 855 767 941 γάρ
795 856 837 940 δη
869 857 992 941 τειχίον
1024 851 1055 939 γ’
1090 857 1123 920 εί
1142 876 1205 920 πα-

191 963 286 1028 λαιὸν
308 960 580 1052 ἐπῳκοδόμησεν,
604 958 678 1046 ἐμοὶ
702 958 757 1026 καὶ
782 969 879 1027 τοῦτο
906 958 1076 1044 λογιστέον
1101 959 1205 1045 ἐστίν,

191 1067 209 1134 ὃ
236 1065 312 1153 μήτ’
340 1070 434 1134 ἔπεσε
463 1066 538 1153 μήτ’
566 1069 647 1135 ἀλλο
677 1068 790 1134 δεινὸν
817 1063 922 1152 μηδὲν
945 1070 1079 1134 ἔπαθεν.
1120 1064 1201 1132 ὥστ’
1216 1087 1285 1138 1279

191 1175 222 1240 εί
244 1175 460 1261 συνεχώρουν
479 1156 592 1251 αὐτοῖς
618 1173 774 1241 ἁπάντων
795 1180 900 1250 αἴτιος
923 1169 1098 1240 εἶναιτῶν
1121 1189 1206 1258 συμ-

152 1276 398 1366 ιεβεβηκότωυ,
433 1280 473 1346 τά
508 1303 545 1365 γε
582 1278 767 1366 βρεχθέντα
803 1275 893 1346 ταῦτ’
932 1275 985 1364 ἧν.
1031 1280 1128 1349 ὁπότε
1165 1276 1206 1346 δὲ

190 1385 265 1474 μήτ’
300 1387 332 1466 ἐξ
363 1387 465 1472 ἀρχῆς
494 1387 512 1453 ό
541 1388 648 1471 πατὴρ
682 1387 790 1470 ἠδίκει
819 1387 856 1452 τὸ
889 1389 1011 1472 χοιρίον
1040 1407 1206 1472 περιοικο-

191 1495 316 1578 δομῶν,
344 1489 427 1578 μήθ’
454 1487 548 1560 οὗτοι
570 1489 696 1558 πώποτ’
724 1491 921 1558 ἐνεκάλεσαν
943 1493 1105 1559 τοσούτου
1127 1496 1206 1580 χρό-

191 1622 254 1665 νου
285 1600 501 1681 διελθόντος,
539 1598 574 1663 οί
602 1593 633 1662 τ’
670 1598 765 1664 ἀλλοι
785 1598 903 1667 πολλὰ
934 1595 990 1664 καὶ
1022 1598 1116 1664 δεινὰ
1147 1620 1206 1664 πε-

190 1702 355 1779 πονθότες
383 1698 488 1788 μηδὲν
517 1707 645 1787 μᾶλλον
674 1702 873 1787 ἐγκαλοῦσιν
903 1703 998 1789 ἐμοί,
1020 1705 1140 1782 πάντες
1161 1702 1200 1770 θ’

191 1809 285 1892 ὑμεῖς
307 1811 344 1874 τὸ
368 1807 404 1873 ἐκ
425 1819 493 1874 τῶν
517 1810 631 1874 οἰκιῶν
657 1806 713 1874 καὶ
739 1811 776 1874 τὸ
805 1808 841 1874 ἐκ
867 1821 934 1875 τῶν
956 1813 1088 1896 χωρίων
1109 1809 1203 1897 ύδωρ

191 1916 239 1991 είς
265 1915 326 1999 τὴν
354 1915 436 1981 ὁδὸν
464 1912 592 1999 ἐξάγειν
619 1915 775 1999 εἰώθατε,
802 1913 876 1981 ἀλλ’
903 1915 945 1982 ού
968 1916 1014 2000 μδ
1036 1912 1097 1982 Δί’
1123 1923 1202 1984 εἴσω

189 2021 228 2088 τὸ
256 2018 292 2088 ἐκ
320 2029 377 2105 της
404 2021 487 2088 ὁδοῦ
515 2018 687 2107 δέχεσθαι,
714 2025 749 2086 τί
774 2023 828 2087 δεῖ
846 2025 948 2088 πλείω
971 2020 1095 2105 λέγεινς
1122 2019 1202 2089 οὐδὲ

191 2125 254 2214 γάρ
282 2125 319 2192 ἐκ
345 2128 473 2193 τούτων
501 2127 627 2211 ἀίδηλον
642 2149 644 2152 ·
659 2125 710 2192 ότι
742 2139 894 2214 φανερῶς
921 2138 1202 2215 συκοφαντοῦμαι,

153 2252 178 2292 2⁷
193 2229 264 2302 οὔτ’
296 2233 421 2300 ἀδικῶν
448 2228 550 2299 οὐδὲν
576 2233 653 2299 οὔτε
680 2232 917 2319 βεβλαμμένων
945 2235 1101 2319 άφασιν.
1146 2235 1202 2301 ἵνα

192 2335 225 2404 δ’
252 2336 363 2425 εἰδῆθ’
391 2339 442 2404 ὅτι
469 2337 525 2404 καὶ
550 2340 610 2404 τὸν
638 2341 762 2424 χλῆδον
789 2340 837 2416 είς
858 2340 921 2424 τὴν
944 2339 1025 2408 ὁδὸν
1049 2339 1202 2426 ἐκβεβλη-

191 2462 284 2530 κασι,
312 2443 452 2531 καλιὴν
476 2445 633 2530 αίμασιδιν
656 2448 901 2531 προαγαγόντες
925 2445 1120 2532 στενοτέραν
1142 2449 1203 2531 την

192 2553 274 2620 ὁδὸν
309 2553 547 2637 πεποιήκασιν,
588 2554 635 2616 ἔτι
672 2547 706 2617 δ’
746 2553 791 2629 ὡς
827 2551 929 2638 ὅρκον
965 2551 1101 2620 ἐδίδουν
1138 2552 1202 2637 ἐγὼ

191 2666 231 2742 τῇ
260 2657 387 2722 τούτων
419 2661 532 2744 μητρί,
560 2655 615 2724 καὶ
644 2658 706 2742 την
736 2656 879 2742 ἐμαυτοῦ
908 2660 967 2724 τὸν
995 2658 1097 2726 αὐτὸν
1125 2657 1202 2744 ὀμό-

194 2779 249 2828 σαι
277 2761 553 2849 προῦκαλούμην,
586 2761 670 2847 λαβέ
700 2786 757 2848 μοι
790 2763 847 2840 τάς
875 2786 909 2830 τε
939 2767 1120 2851 μαρτυρίας
1147 2763 1202 2831 καὶ

192 2869 253 2954 τὴν
275 2870 467 2954 πρόκλησιν.
841 2869 843 2875 ’
1095 2861 1099 2866 ’

468 3061 671 3116 ΜΑΡΓΤΡΙΑΙ.
698 3062 924 3116 ΠΡΟΚΛΗΣΙΣ.

153 3203 179 3244 28
258 3181 342 3253 Εἶτα
363 3185 491 3252 τούτου
518 3182 808 3273 ἀναισχυντότεροι
834 3183 978 3270 γένοιντ’
1005 3185 1048 3253 ἀν
1070 3187 1201 3273 ἀνθρω-

191 3315 263 3374 ποι,
285 3293 307 3378 ἢ
330 3289 611 3379 περιφανέστερον
639 3303 939 3378 συκοφαντοῦντες,
967 3294 1086 3369 οἵτινες
1108 3290 1200 3358 αύτοὶ
1315 3309 1316 3312 ’

191 3399 252 3485 τὴν
285 3397 443 3484 αἱμασιὰν
473 3401 717 3483 προαγαγόντες
747 3397 803 3465 καὶ
834 3400 894 3484 τὴν
925 3399 1008 3467 ὁδὸν
1039 3398 1199 3484 ἀνακεχυ-

193 3508 283 3584 κότες
315 3503 439 3590 ἑτέροις
469 3503 594 3588 βλάβης
630 3505 832 3589 δικάζονται,
867 3503 922 3570 καὶ
953 3515 1055 3570 ταῦτα
1085 3506 1199 3592 χιλίων
