<?xml version="1.0" encoding="UTF-8"?>
<!DOCTYPE html PUBLIC "-//W3C//DTD XHTML 1.0 Transitional//EN"
    "http://www.w3.org/TR/xhtml1/DTD/xhtml1-transitional.dtd">
<html xmlns="http://www.w3.org/1999/xhtml" xml:lang="en" lang="en">
 <head>
  <title>
</title>
<meta http-equiv="Content-Type" content="text/html;charset=utf-8" />
  <meta name='ocr-system' content='tesseract 3.04.00' />
  <meta name='ocr-capabilities' content='ocr_page ocr_carea ocr_par ocr_line ocrx_word'/>
</head>
<body>
  <div class='ocr_page' id='page_1' title='image "./orationes01demogoog_0357.png"; bbox 0 0 2658 3922; ppageno 0'>
   <div class='ocr_carea' id='block_1_1' title="bbox 189 187 890 256">
    <p class='ocr_par' dir='ltr' id='par_1_1' title="bbox 189 187 890 256">
     <span class='ocr_line' id='line_1_1' title="bbox 189 187 890 256; baseline -0.001 -14"><span class='ocrx_word' id='word_1_1' title='bbox 189 187 259 256; x_wconf 80' lang='lat'>264·</span> <span class='ocrx_word' id='word_1_2' title='bbox 498 191 583 244; x_wconf 69' lang='lat' dir='ltr'><strong>nvn.</strong></span> <span class='ocrx_word' id='word_1_3' title='bbox 610 191 890 244; x_wconf 70' lang='grc' dir='ltr'><strong><em>εευοεοεαουε</em></strong></span> 
     </span>
    </p>
   </div>
   <div class='ocr_carea' id='block_1_2' title="bbox 75 342 1269 3506">
    <p class='ocr_par' dir='ltr' id='par_1_2' title="bbox 75 342 1269 3506">
     <span class='ocr_line' id='line_1_2' title="bbox 151 342 1221 437; baseline -0.002 -21"><span class='ocrx_word' id='word_1_4' title='bbox 151 365 175 408; x_wconf 80' lang='lat'><strong><em>⁵³</em></strong></span> <span class='ocrx_word' id='word_1_5' title='bbox 188 342 296 416; x_wconf 77' lang='grc' dir='ltr'><strong><em>πάντα</em></strong></span> <span class='ocrx_word' id='word_1_6' title='bbox 318 346 351 435; x_wconf 91' lang='grc' dir='ltr'><strong><em>μ’</em></strong></span> <span class='ocrx_word' id='word_1_7' title='bbox 379 351 548 436; x_wconf 76' lang='grc' dir='ltr'><strong><em>ὠνεῖσθαι.</em></strong></span> <span class='ocrx_word' id='word_1_8' title='bbox 593 351 677 416; x_wconf 83' lang='grc' dir='ltr'><strong><em>ὥστε</em></strong></span> <span class='ocrx_word' id='word_1_9' title='bbox 703 351 825 435; x_wconf 86' lang='grc' dir='ltr'><strong><em>πότερα</em></strong></span> <span class='ocrx_word' id='word_1_10' title='bbox 852 351 914 437; x_wconf 82' lang='grc' dir='ltr'><strong><em>χρή</em></strong></span> <span class='ocrx_word' id='word_1_11' title='bbox 938 348 1051 426; x_wconf 77' lang='grc' dir='ltr'><strong><em>αὐτοῖς</em></strong></span> <span class='ocrx_word' id='word_1_12' title='bbox 1071 349 1221 415; x_wconf 79' lang='grc' dir='ltr'><strong><em>πιστεύ·</em></strong></span> 
     </span>
     <span class='ocr_line' id='line_1_3' title="bbox 189 449 1217 540; baseline 0 -20"><span class='ocrx_word' id='word_1_13' title='bbox 189 478 255 534; x_wconf 76' lang='grc' dir='ltr'><strong><em>ειυς</em></strong></span> <span class='ocrx_word' id='word_1_14' title='bbox 280 455 357 540; x_wconf 77' lang='grc' dir='ltr'><strong><em>ἐξήν</em></strong></span> <span class='ocrx_word' id='word_1_15' title='bbox 376 451 413 520; x_wconf 69' lang='grc' dir='ltr'><strong><em>δὲ</em></strong></span> <span class='ocrx_word' id='word_1_16' title='bbox 433 456 541 540; x_wconf 92' lang='grc' dir='ltr'><strong><em>δήπου</em></strong></span> <span class='ocrx_word' id='word_1_17' title='bbox 559 454 701 539; x_wconf 79' lang='grc' dir='ltr'><strong><em>τούτοις,</em></strong></span> <span class='ocrx_word' id='word_1_18' title='bbox 724 457 881 532; x_wconf 85' lang='grc' dir='ltr'><strong><em>είνόθος</em></strong></span> <span class='ocrx_word' id='word_1_19' title='bbox 902 454 923 540; x_wconf 84' lang='grc' dir='ltr'><strong><em>ή</em></strong></span> <span class='ocrx_word' id='word_1_20' title='bbox 946 452 1039 536; x_wconf 77' lang='grc' dir='ltr'><strong><em>ξένος</em></strong></span> <span class='ocrx_word' id='word_1_21' title='bbox 1059 449 1104 533; x_wconf 77' lang='grc' dir='ltr'><strong><em>ἧν</em></strong></span> <span class='ocrx_word' id='word_1_22' title='bbox 1126 453 1217 539; x_wconf 84' lang='grc' dir='ltr'><strong><em>ἐγώ,</em></strong></span> 
     </span>
     <span class='ocr_line' id='line_1_4' title="bbox 189 555 1216 647; baseline 0 -21"><span class='ocrx_word' id='word_1_23' title='bbox 189 564 408 647; x_wconf 78' lang='grc' dir='ltr'><strong><em>κληρονόμοις</em></strong></span> <span class='ocrx_word' id='word_1_24' title='bbox 434 556 615 628; x_wconf 78' lang='grc' dir='ltr'><strong><em>εἶναιτῶν</em></strong></span> <span class='ocrx_word' id='word_1_25' title='bbox 645 559 732 646; x_wconf 79' lang='grc' dir='ltr'><strong><em>ἐμῶν</em></strong></span> <span class='ocrx_word' id='word_1_26' title='bbox 755 562 900 628; x_wconf 82' lang='grc' dir='ltr'><strong><em>πάντων.</em></strong></span> <span class='ocrx_word' id='word_1_27' title='bbox 940 555 1010 627; x_wconf 78' lang='grc' dir='ltr'><strong><em>εἶθ’</em></strong></span> <span class='ocrx_word' id='word_1_28' title='bbox 1034 555 1129 628; x_wconf 82' lang='grc' dir='ltr'><strong><em>οὗτοι</em></strong></span> <span class='ocrx_word' id='word_1_29' title='bbox 1154 585 1216 645; x_wconf 93' lang='grc' dir='ltr'><strong><em>μι-</em></strong></span> 
     </span>
     <span class='ocr_line' id='line_1_5' title="bbox 189 663 1214 753; baseline 0 -23"><span class='ocrx_word' id='word_1_30' title='bbox 189 663 252 750; x_wconf 78' lang='grc' dir='ltr'><strong><em>κρὰ</em></strong></span> <span class='ocrx_word' id='word_1_31' title='bbox 283 667 465 751; x_wconf 77' lang='grc' dir='ltr'><strong><em>λαμβάνειν</em></strong></span> <span class='ocrx_word' id='word_1_32' title='bbox 500 664 555 732; x_wconf 81' lang='grc' dir='ltr'><strong><em>καὶ</em></strong></span> <span class='ocrx_word' id='word_1_33' title='bbox 590 667 801 733; x_wconf 74' lang='grc' dir='ltr'><strong><em>κινδυνεύειν</em></strong></span> <span class='ocrx_word' id='word_1_34' title='bbox 833 666 872 734; x_wconf 90' lang='grc' dir='ltr'><strong><em>ἐν</em></strong></span> <span class='ocrx_word' id='word_1_35' title='bbox 902 668 1214 753; x_wconf 76' lang='grc' dir='ltr'><strong><em>ψευδομαρτυρίοις</em></strong></span> 
     </span>
     <span class='ocr_line' id='line_1_6' title="bbox 189 768 1208 859; baseline 0.003 -24"><span class='ocrx_word' id='word_1_36' title='bbox 189 771 380 856; x_wconf 84' lang='grc' dir='ltr'><strong><em>κύπιορκείν</em></strong></span> <span class='ocrx_word' id='word_1_37' title='bbox 403 777 530 857; x_wconf 81' lang='grc' dir='ltr'><strong><em>μᾶλλον</em></strong></span> <span class='ocrx_word' id='word_1_38' title='bbox 548 772 734 858; x_wconf 89' lang='grc' dir='ltr'><strong><em>αίροῦνται,</em></strong></span> <span class='ocrx_word' id='word_1_39' title='bbox 756 771 778 856; x_wconf 86' lang='grc' dir='ltr'><strong><em>ή</em></strong></span> <span class='ocrx_word' id='word_1_40' title='bbox 796 769 891 838; x_wconf 81' lang='grc' dir='ltr'><strong><em>πάντ’</em></strong></span> <span class='ocrx_word' id='word_1_41' title='bbox 914 775 1013 859; x_wconf 79' lang='grc' dir='ltr'><strong><em>ἔχειν,</em></strong></span> <span class='ocrx_word' id='word_1_42' title='bbox 1034 768 1089 837; x_wconf 77' lang='grc' dir='ltr'><strong><em>καὶ</em></strong></span> <span class='ocrx_word' id='word_1_43' title='bbox 1107 773 1208 838; x_wconf 84' lang='grc' dir='ltr'><strong><em>ταῦτ’</em></strong></span> 
     </span>
     <span class='ocr_line' id='line_1_7' title="bbox 75 874 1213 966; baseline 0.001 -25"><span class='ocrx_word' id='word_1_44' title='bbox 75 924 78 931; x_wconf 86' lang='grc'><strong>-</strong></span> <span class='ocrx_word' id='word_1_45' title='bbox 189 875 356 966; x_wconf 71' lang='grc' dir='ltr'><strong><em>ἀσφαλῶς,</em></strong></span> <span class='ocrx_word' id='word_1_46' title='bbox 377 874 432 944; x_wconf 81' lang='grc' dir='ltr'><strong><em>καὶ</em></strong></span> <span class='ocrx_word' id='word_1_47' title='bbox 455 879 616 962; x_wconf 79' lang='grc' dir='ltr'><strong><em>μηδεμιᾶς</em></strong></span> <span class='ocrx_word' id='word_1_48' title='bbox 634 875 786 956; x_wconf 77' lang='grc' dir='ltr'><strong><em>ἐξωλείας</em></strong></span> <span class='ocrx_word' id='word_1_49' title='bbox 802 877 949 964; x_wconf 81' lang='grc' dir='ltr'><strong><em>ὑπόχους</em></strong></span> <span class='ocrx_word' id='word_1_50' title='bbox 971 876 1109 954; x_wconf 84' lang='grc' dir='ltr'><strong><em>ἑαυτοὺς</em></strong></span> <span class='ocrx_word' id='word_1_51' title='bbox 1130 899 1213 944; x_wconf 89' lang='grc' dir='ltr'><strong><em>ποι-.</em></strong></span> 
     </span>
     <span class='ocr_line' id='line_1_8' title="bbox 189 981 1212 1070; baseline 0.004 -24"><span class='ocrx_word' id='word_1_52' title='bbox 189 992 254 1060; x_wconf 83' lang='grc' dir='ltr'><strong><em>είν;</em></strong></span> <span class='ocrx_word' id='word_1_53' title='bbox 284 983 346 1048; x_wconf 92' lang='grc' dir='ltr'><strong><em>ούκ</em></strong></span> <span class='ocrx_word' id='word_1_54' title='bbox 373 986 441 1050; x_wconf 84' lang='grc' dir='ltr'><strong><em>ἐστι</em></strong></span> <span class='ocrx_word' id='word_1_55' title='bbox 468 994 587 1068; x_wconf 88' lang='grc' dir='ltr'><strong><em>ταῦτα,</em></strong></span> <span class='ocrx_word' id='word_1_56' title='bbox 621 981 694 1050; x_wconf 82' lang='grc' dir='ltr'><strong><em>ἀλλ’</em></strong></span> <span class='ocrx_word' id='word_1_57' title='bbox 727 981 818 1070; x_wconf 78' lang='grc' dir='ltr'><strong><em>οἶμαι</em></strong></span> <span class='ocrx_word' id='word_1_58' title='bbox 845 996 1017 1070; x_wconf 76' lang='grc' dir='ltr'><strong><em>συγγενεῖς</em></strong></span> <span class='ocrx_word' id='word_1_59' title='bbox 1043 986 1137 1062; x_wconf 81' lang='grc' dir='ltr'><strong><em>ὄντες</em></strong></span> <span class='ocrx_word' id='word_1_60' title='bbox 1165 985 1212 1050; x_wconf 80' lang='grc' dir='ltr'><strong><em>τὰ</em></strong></span> 
     </span>
     <span class='ocr_line' id='line_1_9' title="bbox 148 1087 1211 1176; baseline 0.005 -25"><span class='ocrx_word' id='word_1_61' title='bbox 148 1109 175 1150; x_wconf 78' lang='grc' dir='ltr'><strong><em>τε</em></strong></span> <span class='ocrx_word' id='word_1_62' title='bbox 189 1091 300 1154; x_wconf 89' lang='grc' dir='ltr'><strong><em>δίκαια</em></strong></span> <span class='ocrx_word' id='word_1_63' title='bbox 321 1100 467 1175; x_wconf 88' lang='grc' dir='ltr'><strong><em>ποιοῦσι,</em></strong></span> <span class='ocrx_word' id='word_1_64' title='bbox 489 1093 694 1175; x_wconf 78' lang='grc' dir='ltr'><strong><em>βοηθοῦντες</em></strong></span> <span class='ocrx_word' id='word_1_65' title='bbox 713 1090 823 1156; x_wconf 79' lang='grc' dir='ltr'><strong><em>αὐτῶν</em></strong></span> <span class='ocrx_word' id='word_1_66' title='bbox 845 1088 905 1156; x_wconf 82' lang='grc' dir='ltr'><strong><em>ἑνί.</em></strong></span> <span class='ocrx_word' id='word_1_67' title='bbox 940 1089 997 1158; x_wconf 79' lang='grc' dir='ltr'><strong><em>καὶ</em></strong></span> <span class='ocrx_word' id='word_1_68' title='bbox 1013 1087 1104 1157; x_wconf 85' lang='grc' dir='ltr'><strong><em>ταῦτ’</em></strong></span> <span class='ocrx_word' id='word_1_69' title='bbox 1127 1089 1211 1176; x_wconf 80' lang='grc' dir='ltr'><strong><em>οὐχὶ</em></strong></span> 
     </span>
     <span class='ocr_line' id='line_1_10' title="bbox 187 1185 1209 1282; baseline 0.002 -22"><span class='ocrx_word' id='word_1_70' title='bbox 187 1204 252 1260; x_wconf 82' lang='grc' dir='ltr'><strong><em>νῦν</em></strong></span> <span class='ocrx_word' id='word_1_71' title='bbox 273 1195 485 1282; x_wconf 75' lang='grc' dir='ltr'><strong><em>πεπεισμένοι</em></strong></span> <span class='ocrx_word' id='word_1_72' title='bbox 513 1205 686 1280; x_wconf 84' lang='grc' dir='ltr'><strong><em>ποιοῦσιν,</em></strong></span> <span class='ocrx_word' id='word_1_73' title='bbox 713 1194 797 1261; x_wconf 75' lang='grc' dir='ltr'><strong><em>ἀλλὰ</em></strong></span> <span class='ocrx_word' id='word_1_74' title='bbox 825 1197 961 1263; x_wconf 88' lang='grc' dir='ltr'><strong><em>παιδίον</em></strong></span> <span class='ocrx_word' id='word_1_75' title='bbox 984 1185 1064 1262; x_wconf 77' lang='grc' dir='ltr'><strong><em>ὄντα</em></strong></span> <span class='ocrx_word' id='word_1_76' title='bbox 1086 1191 1122 1280; x_wconf 90' lang='grc' dir='ltr'><strong><em>μ’</em></strong></span> <span class='ocrx_word' id='word_1_77' title='bbox 1149 1197 1209 1262; x_wconf 87' lang='grc' dir='ltr'><strong><em>εύ-</em></strong></span> 
     </span>
     <span class='ocr_line' id='line_1_11' title="bbox 186 1297 1210 1388; baseline 0.003 -23"><span class='ocrx_word' id='word_1_78' title='bbox 186 1300 275 1379; x_wconf 83' lang='grc' dir='ltr'><strong><em>θέως</em></strong></span> <span class='ocrx_word' id='word_1_79' title='bbox 306 1297 391 1387; x_wconf 76' lang='grc' dir='ltr'><strong><em>ἦγον</em></strong></span> <span class='ocrx_word' id='word_1_80' title='bbox 422 1303 477 1387; x_wconf 88' lang='grc' dir='ltr'><strong><em>είςΙ</em></strong></span> <span class='ocrx_word' id='word_1_81' title='bbox 500 1303 580 1378; x_wconf 87' lang='grc' dir='ltr'><strong><em>τοὺς</em></strong></span> <span class='ocrx_word' id='word_1_82' title='bbox 610 1301 790 1388; x_wconf 78' lang='grc' dir='ltr'><strong><em>φράτερας,</em></strong></span> <span class='ocrx_word' id='word_1_83' title='bbox 828 1304 875 1379; x_wconf 90' lang='grc' dir='ltr'><strong><em>είς</em></strong></span> <span class='ocrx_word' id='word_1_84' title='bbox 904 1298 1110 1378; x_wconf 84' lang='grc' dir='ltr'><strong><em>’Λπόλλωνος</em></strong></span> <span class='ocrx_word' id='word_1_85' title='bbox 1141 1325 1210 1368; x_wconf 86' lang='grc' dir='ltr'><strong><em>πα-</em></strong></span> 
     </span>
     <span class='ocr_line' id='line_1_12' title="bbox 186 1403 1210 1495; baseline 0.001 -23"><span class='ocrx_word' id='word_1_86' title='bbox 186 1404 298 1495; x_wconf 71' lang='grc' dir='ltr'><strong><em>τρῴου</em></strong></span> <span class='ocrx_word' id='word_1_87' title='bbox 320 1403 354 1492; x_wconf 87' lang='grc' dir='ltr'><strong><em>μ’</em></strong></span> <span class='ocrx_word' id='word_1_88' title='bbox 380 1404 482 1493; x_wconf 82' lang='grc' dir='ltr'><strong><em>ήγον,</em></strong></span> <span class='ocrx_word' id='word_1_89' title='bbox 499 1407 547 1484; x_wconf 89' lang='grc' dir='ltr'><strong><em>είς</em></strong></span> <span class='ocrx_word' id='word_1_90' title='bbox 568 1404 659 1473; x_wconf 76' lang='grc' dir='ltr'><strong><em>τᾶλλ’</em></strong></span> <span class='ocrx_word' id='word_1_91' title='bbox 684 1408 764 1494; x_wconf 84' lang='grc' dir='ltr'><strong><em>ίερύ.</em></strong></span> <span class='ocrx_word' id='word_1_92' title='bbox 800 1411 908 1474; x_wconf 87' lang='grc' dir='ltr'><strong><em>καίτοι</em></strong></span> <span class='ocrx_word' id='word_1_93' title='bbox 930 1407 972 1475; x_wconf 91' lang='grc' dir='ltr'><strong><em>ού</em></strong></span> <span class='ocrx_word' id='word_1_94' title='bbox 995 1409 1102 1492; x_wconf 91' lang='grc' dir='ltr'><strong><em>δήπου</em></strong></span> <span class='ocrx_word' id='word_1_95' title='bbox 1125 1420 1210 1486; x_wconf 82' lang='grc' dir='ltr'><strong><em>παῖς</em></strong></span> 
     </span>
     <span class='ocr_line' id='line_1_13' title="bbox 188 1509 1209 1599; baseline 0.002 -21"><span class='ocrx_word' id='word_1_96' title='bbox 188 1513 235 1578; x_wconf 78' lang='grc' dir='ltr'><strong><em>διν</em></strong></span> <span class='ocrx_word' id='word_1_97' title='bbox 259 1513 324 1596; x_wconf 82' lang='grc' dir='ltr'><strong><em>ἐγὼ</em></strong></span> <span class='ocrx_word' id='word_1_98' title='bbox 346 1509 438 1579; x_wconf 84' lang='grc' dir='ltr'><strong><em>ταῦτ’</em></strong></span> <span class='ocrx_word' id='word_1_99' title='bbox 467 1515 605 1578; x_wconf 80' lang='grc' dir='ltr'><strong><em>ἔπειθον</em></strong></span> <span class='ocrx_word' id='word_1_100' title='bbox 628 1514 751 1590; x_wconf 85' lang='grc' dir='ltr'><strong><em>αύτούς</em></strong></span> <span class='ocrx_word' id='word_1_101' title='bbox 772 1512 934 1599; x_wconf 78' lang='grc' dir='ltr'><strong><em>ἀργύριον</em></strong></span> <span class='ocrx_word' id='word_1_102' title='bbox 957 1514 1081 1590; x_wconf 90' lang='grc' dir='ltr'><strong><em>διδούς.</em></strong></span> <span class='ocrx_word' id='word_1_103' title='bbox 1117 1513 1209 1580; x_wconf 80' lang='grc' dir='ltr'><strong><em>ἀλλὰ</em></strong></span> 
     </span>
     <span class='ocr_line' id='line_1_14' title="bbox 188 1617 1207 1705; baseline 0.005 -23"><span class='ocrx_word' id='word_1_104' title='bbox 188 1618 255 1701; x_wconf 87' lang='grc' dir='ltr'><strong><em>μήν</em></strong></span> <span class='ocrx_word' id='word_1_105' title='bbox 286 1618 306 1684; x_wconf 85' lang='grc' dir='ltr'><strong><em>δ</em></strong></span> <span class='ocrx_word' id='word_1_106' title='bbox 336 1619 442 1702; x_wconf 86' lang='grc' dir='ltr'><strong><em>πατήρ</em></strong></span> <span class='ocrx_word' id='word_1_107' title='bbox 479 1617 578 1694; x_wconf 86' lang='grc' dir='ltr'><strong><em>αὐτὸς</em></strong></span> <span class='ocrx_word' id='word_1_108' title='bbox 615 1621 678 1697; x_wconf 80' lang='grc' dir='ltr'><strong><em>ζῶν</em></strong></span> <span class='ocrx_word' id='word_1_109' title='bbox 715 1620 839 1705; x_wconf 80' lang='grc' dir='ltr'><strong><em>ὀμόσας</em></strong></span> <span class='ocrx_word' id='word_1_110' title='bbox 868 1620 928 1685; x_wconf 90' lang='grc' dir='ltr'><strong><em>τὸν</em></strong></span> <span class='ocrx_word' id='word_1_111' title='bbox 958 1621 1102 1705; x_wconf 88' lang='grc' dir='ltr'><strong><em>νόμιμον</em></strong></span> <span class='ocrx_word' id='word_1_112' title='bbox 1132 1633 1207 1698; x_wconf 80' lang='grc' dir='ltr'><strong><em>τοῖς</em></strong></span> 
     </span>
     <span class='ocr_line' id='line_1_15' title="bbox 188 1721 1205 1811; baseline 0.007 -26"><span class='ocrx_word' id='word_1_113' title='bbox 188 1721 370 1807; x_wconf 78' lang='grc' dir='ltr'><strong><em>φράτερσιν</em></strong></span> <span class='ocrx_word' id='word_1_114' title='bbox 392 1723 493 1808; x_wconf 81' lang='grc' dir='ltr'><strong><em>ὅρκον</em></strong></span> <span class='ocrx_word' id='word_1_115' title='bbox 516 1722 674 1807; x_wconf 60' lang='grc' dir='ltr'><strong><em>εἰσήγαγε(</em></strong></span> <span class='ocrx_word' id='word_1_116' title='bbox 697 1747 754 1808; x_wconf 89' lang='grc' dir='ltr'><strong><em>με,</em></strong></span> <span class='ocrx_word' id='word_1_117' title='bbox 781 1724 883 1791; x_wconf 81' lang='grc' dir='ltr'><strong><em>ἀστόν</em></strong></span> <span class='ocrx_word' id='word_1_118' title='bbox 905 1723 939 1803; x_wconf 79' lang='grc' dir='ltr'><strong><em>ἐξ</em></strong></span> <span class='ocrx_word' id='word_1_119' title='bbox 962 1723 1062 1808; x_wconf 76' lang='grc' dir='ltr'><strong><em>ἀστῆς</em></strong></span> <span class='ocrx_word' id='word_1_120' title='bbox 1083 1725 1205 1811; x_wconf 87' lang='grc' dir='ltr'><strong><em>ἐγγυη-</em></strong></span> 
     </span>
     <span class='ocr_line' id='line_1_16' title="bbox 188 1821 1203 1917; baseline 0.006 -25"><span class='ocrx_word' id='word_1_121' title='bbox 188 1837 245 1910; x_wconf 82' lang='grc' dir='ltr'><strong><em>τής</em></strong></span> <span class='ocrx_word' id='word_1_122' title='bbox 267 1827 355 1916; x_wconf 75' lang='grc' dir='ltr'><strong><em>αὐτῷ</em></strong></span> <span class='ocrx_word' id='word_1_123' title='bbox 378 1826 599 1913; x_wconf 78' lang='grc' dir='ltr'><strong><em>γεγενημένον</em></strong></span> <span class='ocrx_word' id='word_1_124' title='bbox 617 1831 724 1914; x_wconf 81' lang='grc' dir='ltr'><strong><em>είδώς,</em></strong></span> <span class='ocrx_word' id='word_1_125' title='bbox 746 1821 926 1898; x_wconf 83' lang='grc' dir='ltr'><strong><em>καὶταῦτα</em></strong></span> <span class='ocrx_word' id='word_1_126' title='bbox 948 1832 1203 1917; x_wconf 84' lang='grc' dir='ltr'><strong><em>μεμαρτύρηται.</em></strong></span> 
     </span>
     <span class='ocr_line' id='line_1_17' title="bbox 147 1929 1202 2022; baseline 0.009 -27"><span class='ocrx_word' id='word_1_127' title='bbox 147 1953 173 1994; x_wconf 86' lang='grc' dir='ltr'><strong><em>ιε</em></strong></span> <span class='ocrx_word' id='word_1_128' title='bbox 188 1929 246 1998; x_wconf 82' lang='grc' dir='ltr'><strong><em>εἶτ’</em></strong></span> <span class='ocrx_word' id='word_1_129' title='bbox 280 1933 344 2018; x_wconf 84' lang='grc' dir='ltr'><strong><em>ἐγὼ</em></strong></span> <span class='ocrx_word' id='word_1_130' title='bbox 375 1933 481 2014; x_wconf 84' lang='grc' dir='ltr'><strong><em>ξίνος;</em></strong></span> <span class='ocrx_word' id='word_1_131' title='bbox 516 1943 581 2001; x_wconf 83' lang='grc' dir='ltr'><strong><em>ποῦ</em></strong></span> <span class='ocrx_word' id='word_1_132' title='bbox 611 1939 778 2020; x_wconf 80' lang='grc' dir='ltr'><strong><em>μετοίκιον</em></strong></span> <span class='ocrx_word' id='word_1_133' title='bbox 806 1937 1026 2022; x_wconf 84' lang='grc' dir='ltr'><strong><em>καταθείς;.ή</em></strong></span> <span class='ocrx_word' id='word_1_134' title='bbox 1054 1941 1105 2015; x_wconf 92' lang='grc' dir='ltr'><strong><em>τίς</em></strong></span> <span class='ocrx_word' id='word_1_135' title='bbox 1132 1949 1202 2004; x_wconf 85' lang='grc' dir='ltr'><strong><em>τῶν</em></strong></span> 
     </span>
     <span class='ocr_line' id='line_1_18' title="bbox 188 2039 1201 2128; baseline 0.006 -24"><span class='ocrx_word' id='word_1_136' title='bbox 188 2039 276 2124; x_wconf 76' lang='grc' dir='ltr'><strong><em>ἐμῶν</em></strong></span> <span class='ocrx_word' id='word_1_137' title='bbox 303 2042 448 2120; x_wconf 85' lang='grc' dir='ltr'><strong><em>πώποτε;</em></strong></span> <span class='ocrx_word' id='word_1_138' title='bbox 475 2050 542 2108; x_wconf 90' lang='grc' dir='ltr'><strong><em>ποῦ</em></strong></span> <span class='ocrx_word' id='word_1_139' title='bbox 568 2043 652 2128; x_wconf 87' lang='grc' dir='ltr'><strong><em>πρὸς</em></strong></span> <span class='ocrx_word' id='word_1_140' title='bbox 680 2042 803 2120; x_wconf 70' lang='grc' dir='ltr'><strong><em>ἄλλους</em></strong></span> <span class='ocrx_word' id='word_1_141' title='bbox 825 2044 969 2127; x_wconf 89' lang='grc' dir='ltr'><strong><em>δημότας</em></strong></span> <span class='ocrx_word' id='word_1_142' title='bbox 990 2042 1125 2128; x_wconf 82' lang='grc' dir='ltr'><strong><em>ἐλθών,</em></strong></span> <span class='ocrx_word' id='word_1_143' title='bbox 1144 2043 1201 2110; x_wconf 77' lang='grc' dir='ltr'><strong><em>καὶ</em></strong></span> 
     </span>
     <span class='ocr_line' id='line_1_19' title="bbox 188 2144 1198 2236; baseline 0.004 -24"><span class='ocrx_word' id='word_1_144' title='bbox 188 2147 229 2213; x_wconf 89' lang='grc' dir='ltr'><strong><em>οὐ</em></strong></span> <span class='ocrx_word' id='word_1_145' title='bbox 253 2145 412 2232; x_wconf 80' lang='grc' dir='ltr'><strong><em>δυνηθεὶς</em></strong></span> <span class='ocrx_word' id='word_1_146' title='bbox 434 2146 581 2225; x_wconf 80' lang='grc' dir='ltr'><strong><em>ἐκείνους</em></strong></span> <span class='ocrx_word' id='word_1_147' title='bbox 603 2160 714 2213; x_wconf 84' lang='grc' dir='ltr'><strong><em>πεῖσαι</em></strong></span> <span class='ocrx_word' id='word_1_148' title='bbox 737 2144 828 2233; x_wconf 84' lang='grc' dir='ltr'><strong><em>δεῦρ’</em></strong></span> <span class='ocrx_word' id='word_1_149' title='bbox 852 2148 994 2233; x_wconf 90' lang='grc' dir='ltr'><strong><em>ἐμαυτὸν</em></strong></span> <span class='ocrx_word' id='word_1_150' title='bbox 1016 2149 1198 2236; x_wconf 74' lang='grc' dir='ltr'><strong><em>ἐγγρύόαςς</em></strong></span> 
     </span>
     <span class='ocr_line' id='line_1_20' title="bbox 186 2247 1198 2340; baseline 0.004 -22"><span class='ocrx_word' id='word_1_151' title='bbox 186 2263 253 2319; x_wconf 85' lang='grc' dir='ltr'><strong><em>ποῦ</em></strong></span> <span class='ocrx_word' id='word_1_152' title='bbox 282 2255 318 2318; x_wconf 91' lang='grc' dir='ltr'><strong><em>τί</em></strong></span> <span class='ocrx_word' id='word_1_153' title='bbox 341 2255 481 2337; x_wconf 80' lang='grc' dir='ltr'><strong><em>ποιήσας</em></strong></span> <span class='ocrx_word' id='word_1_154' title='bbox 510 2247 558 2318; x_wconf 82' lang='grc' dir='ltr'><strong><em>ὧν</em></strong></span> <span class='ocrx_word' id='word_1_155' title='bbox 592 2254 666 2320; x_wconf 85' lang='grc' dir='ltr'><strong><em>ὅσοι</em></strong></span> <span class='ocrx_word' id='word_1_156' title='bbox 696 2255 740 2339; x_wconf 85' lang='grc' dir='ltr'><strong><em>μή</em></strong></span> <span class='ocrx_word' id='word_1_157' title='bbox 769 2262 925 2340; x_wconf 82' lang='grc' dir='ltr'><strong><em>καθαρῶς</em></strong></span> <span class='ocrx_word' id='word_1_158' title='bbox 953 2250 1039 2339; x_wconf 76' lang='grc' dir='ltr'><strong><em>ἦσαν</em></strong></span> <span class='ocrx_word' id='word_1_159' title='bbox 1068 2261 1198 2322; x_wconf 79' lang='grc' dir='ltr'><strong><em>πολῖται</em></strong></span> 
     </span>
     <span class='ocr_line' id='line_1_21' title="bbox 187 2354 1198 2446; baseline 0.005 -23"><span class='ocrx_word' id='word_1_160' title='bbox 187 2361 400 2443; x_wconf 87' lang='grc' dir='ltr'><strong><em>πεποιηκότες</em></strong></span> <span class='ocrx_word' id='word_1_161' title='bbox 426 2363 617 2446; x_wconf 84' lang='grc' dir='ltr'><strong><em>φαίνονται;</em></strong></span> <span class='ocrx_word' id='word_1_162' title='bbox 646 2360 814 2444; x_wconf 84' lang='grc' dir='ltr'><strong><em>οὐδαμοῦ,</em></strong></span> <span class='ocrx_word' id='word_1_163' title='bbox 840 2357 913 2426; x_wconf 80' lang='grc' dir='ltr'><strong><em>ἀλλ’</em></strong></span> <span class='ocrx_word' id='word_1_164' title='bbox 940 2358 1065 2445; x_wconf 82' lang='grc' dir='ltr'><strong><em>ἁπλῶς,</em></strong></span> <span class='ocrx_word' id='word_1_165' title='bbox 1088 2360 1126 2427; x_wconf 87' lang='grc' dir='ltr'><strong><em>ἐν</em></strong></span> <span class='ocrx_word' id='word_1_166' title='bbox 1149 2354 1198 2439; x_wconf 85' lang='grc' dir='ltr'><strong><em>οἷς</em></strong></span> 
     </span>
     <span class='ocr_line' id='line_1_22' title="bbox 187 2464 1198 2552; baseline 0.001 -19"><span class='ocrx_word' id='word_1_167' title='bbox 187 2466 207 2533; x_wconf 87' lang='grc' dir='ltr'>ὁ</span> <span class='ocrx_word' id='word_1_168' title='bbox 229 2467 359 2542; x_wconf 79' lang='grc' dir='ltr'><strong><em>πάππος</em></strong></span> <span class='ocrx_word' id='word_1_169' title='bbox 381 2465 400 2531; x_wconf 84' lang='grc' dir='ltr'><strong><em>δ</em></strong></span> <span class='ocrx_word' id='word_1_170' title='bbox 422 2476 483 2532; x_wconf 87' lang='grc' dir='ltr'><strong><em>τοῦ</em></strong></span> <span class='ocrx_word' id='word_1_171' title='bbox 505 2467 638 2552; x_wconf 87' lang='grc' dir='ltr'><strong><em>πατρὸς,</em></strong></span> <span class='ocrx_word' id='word_1_172' title='bbox 662 2465 775 2551; x_wconf 85' lang='grc' dir='ltr'><strong><em>οὑμὸς,</em></strong></span> <span class='ocrx_word' id='word_1_173' title='bbox 796 2464 952 2552; x_wconf 85' lang='grc' dir='ltr'><strong><em>δπατήρ,</em></strong></span> <span class='ocrx_word' id='word_1_174' title='bbox 974 2466 1122 2533; x_wconf 80' lang='grc' dir='ltr'><strong><em>ἐνταῦθα</em></strong></span> <span class='ocrx_word' id='word_1_175' title='bbox 1143 2467 1198 2534; x_wconf 80' lang='grc' dir='ltr'><strong><em>καὶ</em></strong></span> 
     </span>
     <span class='ocr_line' id='line_1_23' title="bbox 188 2570 1269 2656; baseline 0.005 -20"><span class='ocrx_word' id='word_1_176' title='bbox 188 2571 287 2647; x_wconf 88' lang='grc' dir='ltr'><strong><em>αύτδς</em></strong></span> <span class='ocrx_word' id='word_1_177' title='bbox 312 2575 474 2655; x_wconf 89' lang='grc' dir='ltr'><strong><em>φαίνομαι</em></strong></span> <span class='ocrx_word' id='word_1_178' title='bbox 502 2573 776 2656; x_wconf 87' lang='grc' dir='ltr'><strong><em>δημοτευόμενος.</em></strong></span> <span class='ocrx_word' id='word_1_179' title='bbox 828 2570 884 2637; x_wconf 82' lang='grc' dir='ltr'><strong><em>καί</em></strong></span> <span class='ocrx_word' id='word_1_180' title='bbox 906 2581 971 2638; x_wconf 79' lang='grc' dir='ltr'><strong><em>νῦν</em></strong></span> <span class='ocrx_word' id='word_1_181' title='bbox 992 2585 1062 2650; x_wconf 83' lang='grc' dir='ltr'><strong><em>πῶς</em></strong></span> <span class='ocrx_word' id='word_1_182' title='bbox 1086 2574 1128 2639; x_wconf 79' lang='grc' dir='ltr'><strong><em>ύν</em></strong></span> <span class='ocrx_word' id='word_1_183' title='bbox 1149 2598 1198 2651; x_wconf 87' lang='grc' dir='ltr'><strong><em>τις</em></strong></span> <span class='ocrx_word' id='word_1_184' title='bbox 1206 2589 1269 2641; x_wconf 76' lang='grc' dir='ltr'><strong><em>ιεισ</em></strong></span> 
     </span>
     <span class='ocr_line' id='line_1_24' title="bbox 187 2673 1195 2768; baseline 0.003 -26"><span class='ocrx_word' id='word_1_185' title='bbox 187 2677 268 2760; x_wconf 83' lang='grc' dir='ltr'><strong><em>ύμῖν</em></strong></span> <span class='ocrx_word' id='word_1_186' title='bbox 296 2673 500 2764; x_wconf 82' lang='grc' dir='ltr'><strong><em>σαφέστερον</em></strong></span> <span class='ocrx_word' id='word_1_187' title='bbox 528 2677 699 2756; x_wconf 78' lang='grc' dir='ltr'><strong><em>ἐπιδείξειε</em></strong></span> <span class='ocrx_word' id='word_1_188' title='bbox 726 2679 825 2763; x_wconf 86' lang='grc' dir='ltr'><strong><em>μετὸν</em></strong></span> <span class='ocrx_word' id='word_1_189' title='bbox 851 2687 915 2763; x_wconf 76' lang='grc' dir='ltr'><strong><em>τῆς</em></strong></span> <span class='ocrx_word' id='word_1_190' title='bbox 940 2681 1067 2756; x_wconf 88' lang='grc' dir='ltr'><strong><em>πόλεως</em></strong></span> <span class='ocrx_word' id='word_1_191' title='bbox 1093 2679 1195 2768; x_wconf 69' lang='grc' dir='ltr'><strong><em>αύτφς</em></strong></span> 
     </span>
     <span class='ocr_line' id='line_1_25' title="bbox 149 2779 1196 2871; baseline 0.003 -23"><span class='ocrx_word' id='word_1_192' title='bbox 149 2799 175 2840; x_wconf 75' lang='lat'><strong><em>⁶6</em></strong></span> <span class='ocrx_word' id='word_1_193' title='bbox 189 2781 403 2865; x_wconf 72' lang='grc' dir='ltr'><strong><em>ἐνθυμείσθω</em></strong></span> <span class='ocrx_word' id='word_1_194' title='bbox 433 2783 496 2869; x_wconf 79' lang='grc' dir='ltr'><strong><em>γὰρ</em></strong></span> <span class='ocrx_word' id='word_1_195' title='bbox 527 2783 661 2861; x_wconf 75' lang='grc' dir='ltr'><strong><em>ἕκαστος</em></strong></span> <span class='ocrx_word' id='word_1_196' title='bbox 689 2783 784 2868; x_wconf 79' lang='grc' dir='ltr'><strong><em>ὑμῶν</em></strong></span> <span class='ocrx_word' id='word_1_197' title='bbox 814 2779 840 2848; x_wconf 78' lang='grc' dir='ltr'><strong><em>ὦ</em></strong></span> <span class='ocrx_word' id='word_1_198' title='bbox 870 2785 989 2871; x_wconf 81' lang='grc' dir='ltr'><strong><em>ἄνδρες</em></strong></span> <span class='ocrx_word' id='word_1_199' title='bbox 1013 2781 1196 2870; x_wconf 78' lang='grc' dir='ltr'><strong><em>Ἀθηναῖοι,</em></strong></span> 
     </span>
     <span class='ocr_line' id='line_1_26' title="bbox 187 2887 1195 2976; baseline 0.003 -21"><span class='ocrx_word' id='word_1_200' title='bbox 187 2890 265 2965; x_wconf 83' lang='grc' dir='ltr'><strong><em>τοὺς</em></strong></span> <span class='ocrx_word' id='word_1_201' title='bbox 287 2888 375 2976; x_wconf 75' lang='grc' dir='ltr'><strong><em>αύτῷ</em></strong></span> <span class='ocrx_word' id='word_1_202' title='bbox 399 2893 625 2974; x_wconf 78' lang='grc' dir='ltr'><strong><em>προσήκοντας</em></strong></span> <span class='ocrx_word' id='word_1_203' title='bbox 646 2887 712 2956; x_wconf 89' lang='grc' dir='ltr'><strong><em>τίν’</em></strong></span> <span class='ocrx_word' id='word_1_204' title='bbox 735 2890 777 2962; x_wconf 75' lang='grc' dir='ltr'><strong><em>ἂν</em></strong></span> <span class='ocrx_word' id='word_1_205' title='bbox 799 2892 902 2957; x_wconf 75' lang='grc' dir='ltr'><strong><em>ἄλλον</em></strong></span> <span class='ocrx_word' id='word_1_206' title='bbox 925 2888 1055 2957; x_wconf 87' lang='grc' dir='ltr'><strong><em>δύναιτ’</em></strong></span> <span class='ocrx_word' id='word_1_207' title='bbox 1068 2891 1195 2958; x_wconf 58' lang='grc' dir='ltr'><strong><em>«ἐπιδεί-</em></strong></span> 
     </span>
     <span class='ocr_line' id='line_1_27' title="bbox 188 2992 1194 3084; baseline 0.003 -24"><span class='ocrx_word' id='word_1_208' title='bbox 188 2994 241 3075; x_wconf 82' lang='grc' dir='ltr'><strong><em>ξαι</em></strong></span> <span class='ocrx_word' id='word_1_209' title='bbox 258 2996 381 3080; x_wconf 88' lang='grc' dir='ltr'><strong><em>τρόπον</em></strong></span> <span class='ocrx_word' id='word_1_210' title='bbox 398 2992 420 3078; x_wconf 84' lang='grc' dir='ltr'><strong><em>ή</em></strong></span> <span class='ocrx_word' id='word_1_211' title='bbox 439 2997 498 3060; x_wconf 87' lang='grc' dir='ltr'><strong><em>τὸν</em></strong></span> <span class='ocrx_word' id='word_1_212' title='bbox 517 2995 619 3061; x_wconf 87' lang='grc' dir='ltr'><strong><em>αὐτὸν</em></strong></span> <span class='ocrx_word' id='word_1_213' title='bbox 638 2996 721 3081; x_wconf 91' lang='grc' dir='ltr'><strong><em>ἐμοί,</em></strong></span> <span class='ocrx_word' id='word_1_214' title='bbox 739 3007 999 3084; x_wconf 86' lang='grc' dir='ltr'><strong><em>μαρτυροῦντας,</em></strong></span> <span class='ocrx_word' id='word_1_215' title='bbox 1022 2997 1194 3082; x_wconf 84' lang='grc' dir='ltr'><strong><em>ὀμνύντας,</em></strong></span> 
     </span>
     <span class='ocr_line' id='line_1_28' title="bbox 187 3099 954 3189; baseline 0.004 -23"><span class='ocrx_word' id='word_1_216' title='bbox 187 3100 289 3166; x_wconf 86' lang='grc' dir='ltr'><strong><em>πύλαι</em></strong></span> <span class='ocrx_word' id='word_1_217' title='bbox 310 3102 388 3176; x_wconf 85' lang='grc' dir='ltr'><strong><em>τοὺς</em></strong></span> <span class='ocrx_word' id='word_1_218' title='bbox 410 3099 531 3177; x_wconf 84' lang='grc' dir='ltr'><strong><em>αύτούς</em></strong></span> <span class='ocrx_word' id='word_1_219' title='bbox 553 3101 616 3167; x_wconf 84' lang='grc' dir='ltr'><strong><em>ἀπὸ</em></strong></span> <span class='ocrx_word' id='word_1_220' title='bbox 638 3110 701 3185; x_wconf 78' lang='grc' dir='ltr'><strong><em>της</em></strong></span> <span class='ocrx_word' id='word_1_221' title='bbox 719 3103 820 3189; x_wconf 80' lang='grc' dir='ltr'><strong><em>ἀρχῆς</em></strong></span> <span class='ocrx_word' id='word_1_222' title='bbox 834 3105 954 3182; x_wconf 72' lang='grc' dir='ltr'><strong><em>όνταςς</em></strong></span> 
     </span>
     <span class='ocr_line' id='line_1_29' title="bbox 253 3206 1194 3297; baseline 0.003 -25"><span class='ocrx_word' id='word_1_223' title='bbox 253 3207 322 3272; x_wconf 86' lang='grc' dir='ltr'><strong><em>Διδ</em></strong></span> <span class='ocrx_word' id='word_1_224' title='bbox 348 3215 450 3272; x_wconf 85' lang='grc' dir='ltr'><strong><em>ταῦτα</em></strong></span> <span class='ocrx_word' id='word_1_225' title='bbox 476 3208 591 3271; x_wconf 90' lang='grc' dir='ltr'><strong><em>τοίνυν</em></strong></span> <span class='ocrx_word' id='word_1_226' title='bbox 619 3206 682 3292; x_wconf 85' lang='grc' dir='ltr'><strong><em>ἐγὼ</em></strong></span> <span class='ocrx_word' id='word_1_227' title='bbox 708 3211 874 3275; x_wconf 85' lang='grc' dir='ltr'><strong><em>πιστεύων</em></strong></span> <span class='ocrx_word' id='word_1_228' title='bbox 901 3209 1029 3297; x_wconf 84' lang='grc' dir='ltr'><strong><em>ἐμαυτῷ</em></strong></span> <span class='ocrx_word' id='word_1_229' title='bbox 1056 3209 1194 3296; x_wconf 79' lang='grc' dir='ltr'><strong><em>κατέφυ-</em></strong></span> 
     </span>
     <span class='ocr_line' id='line_1_30' title="bbox 187 3310 1193 3402; baseline 0.005 -24"><span class='ocrx_word' id='word_1_230' title='bbox 187 3335 249 3396; x_wconf 92' lang='grc' dir='ltr'><strong><em>γον</em></strong></span> <span class='ocrx_word' id='word_1_231' title='bbox 273 3314 320 3390; x_wconf 89' lang='grc' dir='ltr'><strong><em>είς</em></strong></span> <span class='ocrx_word' id='word_1_232' title='bbox 340 3313 434 3398; x_wconf 82' lang='grc' dir='ltr'><strong><em>ὑμᾶς.</em></strong></span> <span class='ocrx_word' id='word_1_233' title='bbox 470 3312 537 3399; x_wconf 78' lang='grc' dir='ltr'><strong><em>δρῶ</em></strong></span> <span class='ocrx_word' id='word_1_234' title='bbox 556 3313 618 3399; x_wconf 87' lang='grc' dir='ltr'><strong><em>γδιρ</em></strong></span> <span class='ocrx_word' id='word_1_235' title='bbox 639 3310 664 3378; x_wconf 83' lang='grc' dir='ltr'><em>ὦ</em></span> <span class='ocrx_word' id='word_1_236' title='bbox 683 3315 802 3402; x_wconf 86' lang='grc' dir='ltr'><strong><em>όίνδρες</em></strong></span> <span class='ocrx_word' id='word_1_237' title='bbox 821 3312 1004 3401; x_wconf 80' lang='grc' dir='ltr'><strong><em>Ἀθηναῖοι,</em></strong></span> <span class='ocrx_word' id='word_1_238' title='bbox 1027 3315 1068 3382; x_wconf 88' lang='grc' dir='ltr'><strong><em>ού</em></strong></span> <span class='ocrx_word' id='word_1_239' title='bbox 1090 3319 1193 3400; x_wconf 90' lang='grc' dir='ltr'><strong><em>μόνον</em></strong></span> 
     </span>
     <span class='ocr_line' id='line_1_31' title="bbox 187 3416 1192 3506; baseline 0.003 -22"><span class='ocrx_word' id='word_1_240' title='bbox 187 3431 254 3486; x_wconf 80' lang='grc' dir='ltr'><strong><em>τῶν</em></strong></span> <span class='ocrx_word' id='word_1_241' title='bbox 278 3416 556 3504; x_wconf 78' lang='grc' dir='ltr'><strong><em>ἀπεψηφισμένων</em></strong></span> <span class='ocrx_word' id='word_1_242' title='bbox 575 3417 794 3504; x_wconf 79' lang='grc' dir='ltr'><strong><em>Ἁλιμουσίων</em></strong></span> <span class='ocrx_word' id='word_1_243' title='bbox 817 3420 898 3505; x_wconf 83' lang='grc' dir='ltr'><strong><em>ἐμοῦ</em></strong></span> <span class='ocrx_word' id='word_1_244' title='bbox 920 3417 1096 3506; x_wconf 83' lang='grc' dir='ltr'><strong><em>κυριώτερ’Ι</em></strong></span> <span class='ocrx_word' id='word_1_245' title='bbox 1116 3421 1192 3487; x_wconf 82' lang='grc' dir='ltr'><strong><em>ὄντα</em></strong></span> 
     </span>
    </p>
   </div>
   <div class='ocr_carea' id='block_1_3' title="bbox 187 3522 1190 3612">
    <p class='ocr_par' dir='ltr' id='par_1_3' title="bbox 187 3522 1190 3612">
     <span class='ocr_line' id='line_1_32' title="bbox 187 3522 1190 3612; baseline 0.005 -25"><span class='ocrx_word' id='word_1_246' title='bbox 187 3525 227 3587; x_wconf 81' lang='grc' dir='ltr'><strong><em>τὰ</em></strong></span> <span class='ocrx_word' id='word_1_247' title='bbox 250 3526 458 3612; x_wconf 88' lang='grc' dir='ltr'><strong><em>δικαστήρια,</em></strong></span> <span class='ocrx_word' id='word_1_248' title='bbox 485 3522 568 3590; x_wconf 83' lang='grc' dir='ltr'><strong><em>ἄλλδι</em></strong></span> <span class='ocrx_word' id='word_1_249' title='bbox 595 3523 650 3590; x_wconf 79' lang='grc' dir='ltr'><strong><em>καὶ</em></strong></span> <span class='ocrx_word' id='word_1_250' title='bbox 678 3535 736 3609; x_wconf 76' lang='grc' dir='ltr'><strong><em>τῆς</em></strong></span> <span class='ocrx_word' id='word_1_251' title='bbox 762 3529 884 3610; x_wconf 78' lang='grc' dir='ltr'><strong><em>βουλῆς</em></strong></span> <span class='ocrx_word' id='word_1_252' title='bbox 910 3524 964 3591; x_wconf 78' lang='grc' dir='ltr'><strong><em>καὶ</em></strong></span> <span class='ocrx_word' id='word_1_253' title='bbox 992 3535 1052 3592; x_wconf 84' lang='grc' dir='ltr'><strong><em>τοῦ</em></strong></span> <span class='ocrx_word' id='word_1_254' title='bbox 1075 3527 1190 3610; x_wconf 90' lang='grc' dir='ltr'><strong><em>δήμου,</em></strong></span> 
     </span>
    </p>
   </div>
   <div class='ocr_carea' id='block_1_4' title="bbox 0 0 1334 3922">
    <p class='ocr_par' dir='ltr' id='par_1_4' title="bbox 0 0 1334 3922">
     <span class='ocr_line' id='line_1_33' title="bbox 0 0 1334 3922; baseline 0 0"><span class='ocrx_word' id='word_1_255' title='bbox 0 0 1334 3922; x_wconf 95' lang='lat' dir='ltr'><strong><em> </em></strong></span> 
     </span>
    </p>
   </div>
  </div>
 </body>
</html>
