2650 3918
453 167 549 218 ΚΑΤΑ
568 165 787 221 ΘΕΟΚΡΙΝΟΤ.
1060 166 1125 232 285

116 321 150 390 δ’
178 323 299 402 αὐτοὺς
321 325 539 413 ἐπιχειρήσειν
562 325 686 413 λέγειν,
709 327 754 405 ὡς
776 326 848 395 οὐδ’
875 330 965 395 ἔστιν
988 328 1127 406 ἔνδειξις

116 431 256 516 τούτων,
279 430 353 498 ὅσοι
371 433 415 516 μή
435 430 472 498 έν
490 431 667 520 ἀκροπόλει
684 431 905 520 γεγραμμένοι
927 435 1024 518 είσίν,
1047 431 1121 500 οὐδ’

117 534 187 604 ἐστὶ
211 538 341 604 δίκαιον
367 539 505 616 τούτους
530 539 778 625 ὑπολαμβάνειν
806 539 969 625 ὀφείλειν,
999 533 1047 606 ὧν
1070 540 1127 605 ού-

72 640 188 719 ουδεὶς
204 641 374 729 παρέδωκε
392 656 462 722 τοῖς
477 645 659 732 πράκτορσι
676 647 717 711 τὰ
735 646 891 730 ὀνόματα,
914 646 1023 732 ὥσπερ
1041 645 1127 730 ὑμᾶς

116 747 343 832 ἀγνοήσοντας
368 752 428 817 τόν
453 754 579 835 νόμον,
608 751 645 829 ὃς
671 752 819 837 ὀφείλειν
845 748 901 817 ἀπ’
927 750 1053 835 ἐκείνης
1074 773 1127 816 κε·

115 853 208 918 λεύει
221 862 278 938 τής
290 854 423 943 ἡμέρας,
446 853 502 942 ἀφ’
527 852 567 941 ής
584 856 626 923 ἀν
645 859 733 946 ὄφλη
750 856 772 942 ἢ
789 861 921 944 παραβῇ
939 858 998 922 τὸν
1020 859 1126 940 νόμον

115 958 138 1042 ή
161 961 199 1025 τὸ
217 961 383 1048 ψήφισμα,
405 961 426 1046 ή
445 961 487 1028 ού
504 972 585 1028 πᾶσι
604 964 707 1047 δῆλον
729 964 782 1047 ὄν,
804 962 857 1029 ὄτι
878 967 1049 1049 πολλαχῶς
1069 960 1126 1028 καλ
1136 983 1204 1034 1338

116 1065 291 1151 ὀφείλουσι
319 1073 364 1152 τῷ
396 1066 544 1154 ὀημοσίφ
573 1064 629 1131 καὶ
655 1067 842 1133 ἐκτίνουσιν
872 1067 908 1132 ολ
927 1067 1126 1150 βουλόμενοι

115 1182 187 1248 τοῖς
208 1174 324 1256 νόμοις
345 1173 537 1238 πείθεσθαι·
559 1169 615 1238 καὶ
637 1169 725 1239 τοῦτ’
753 1171 787 1251 ἐξ
810 1173 915 1239 αὐτοῦ
936 1181 997 1238 τοῦ
1018 1175 1126 1256 νόμου

116 1277 231 1361 δήλου.
267 1280 326 1344 καί
344 1300 402 1361 μοι
423 1277 533 1343 πάλιν
546 1273 627 1362 λαβὲ
648 1279 709 1346 τὸν
729 1281 835 1362 νόμον
857 1264 985 1344 τοῦτον.

554 1436 693 1492 ΝΟΜΟΣ.

180 1538 328 1620 Ἀκούεις
344 1537 371 1609 ὦ
389 1544 510 1630 μιαρὸν
534 1545 575 1608 σύ
598 1545 733 1630 θηρίον,
755 1541 824 1609 ὄτι
841 1543 983 1623 κελεύεις
1005 1539 1064 1629 ἀφ’
1088 1537 1127 1628 ἧς

116 1647 159 1714 ὄν
183 1649 269 1736 ὄφλη
290 1646 313 1732 ή
335 1649 394 1716 τὸν
416 1652 522 1734 νόμον
544 1652 684 1735 παραβῇ.

73 1774 102 1816 σο
180 1751 305 1822 Ἀκούω
328 1757 444 1820 τοίνυν
472 1754 594 1831 αύτούς
618 1753 773 1820 κάκεῖνον
800 1753 882 1840 ὑμῖν
905 1752 1037 1840 μέλλειν
1060 1755 1126 1820 ὀει-

116 1861 237 1926 κνύναι
265 1861 324 1926 τὸν
351 1863 475 1946 νόμον,
507 1859 544 1937 ὃς
570 1859 764 1947 ἀπαλείφειν
790 1861 918 1926 κελεύει
943 1871 1013 1938 τοϊς
1035 1858 1126 1944 ἐγγε-

115 1963 317 2054 γραμμένοις
344 1964 408 2032 ἀπὸ
435 1974 495 2033 τοῦ
522 1965 711 2052 ὀφλήματος
736 1962 814 2032 καθ’
841 1963 861 2031 ὄ
883 1989 915 2032 τι
937 1965 980 2031 ἀν
1004 1965 1126 2054 ἐκτίνη,

116 2070 173 2139 καλ
195 2071 375 2158 ἐρήσεσθαι
395 2082 464 2148 πῶς
487 2069 551 2137 ἀπὸ
573 2079 634 2138 τοῦ
656 2067 733 2156 μηδ’
755 2068 1022 2158 ἐγγεγραμμένον
1045 2070 1127 2137 ἀπα-

116 2182 304 2261 λείψουσιν,
327 2177 435 2262 ὥσπερ
449 2175 491 2241 ού
504 2173 581 2263 περὶ
595 2172 657 2261 μέυ
674 2186 741 2243 τῶν
760 2174 1035 2264 ἐγγεγραμμένων
1052 2186 1127 2242 τοῦ·

117 2307 178 2350 τον
200 2284 372 2367 κείμενον,
399 2279 476 2367 περὶ
497 2277 535 2347 δέ
557 2292 624 2347 τῶν
647 2283 691 2367 μή
714 2278 1006 2368 ἐγγεγραμμένων,
1037 2282 1127 2368 ὀφει-

117 2389 252 2474 λόντιον1
280 2384 312 2454 δ’
338 2386 484 2471 ἐκεῖνον,
516 2385 552 2465 ὃς
583 2389 710 2455 κελεύει
741 2385 797 2454 ἀπ’
828 2387 953 2473 ἐκείνης
980 2388 1128 2474 ὀφείλειν

116 2503 174 2579 της
195 2492 334 2581 ἡμέρας,
360 2489 417 2580 ἀφ’
442 2489 482 2578 ής
508 2492 551 2559 ἀν
578 2495 664 2582 ὄφλη
690 2493 712 2578 ἢ
733 2498 865 2581 παραβῇ
891 2495 951 2560 τὸν
978 2495 1127 2580 νόμονή

78 2603 155 2670 τιτὸ
178 2604 341 2688 ψήφισμα.
385 2601 422 2668 τί
440 2595 503 2668 οὖν
526 2600 588 2666 ούκ
610 2599 776 2687 ἀγραφίου
798 2623 850 2687 με,
872 2602 983 2686 φήσει,
1005 2601 1127 2690 γράφη,

118 2711 177 2775 τὸν
201 2708 378 2794 ὀφείλοντα
400 2705 456 2774 καλ
477 2707 522 2793 μή
541 2703 819 2793 ἐγγεγραμμένους
843 2705 895 2772 ὅτι
917 2707 936 2775 ό
957 2709 1061 2794 νόμος
1084 2709 1124 2776 ού

117 2814 200 2881 κατα
221 2826 288 2881 τῶν
308 2813 511 2901 ὀφειλόντων
529 2811 648 2897 καὶμὴ
667 2809 899 2900 ἐγγραφέντων
920 2814 1048 2880 κελεύει
1069 2816 1127 2893 τὰς

119 2921 248 3008 γραφὰς
264 2929 326 2988 τοῦ
343 2918 509 3007 ἀγραφίου
527 2913 625 3003 εἶναι,
647 2915 720 2983 ἀλλ’
742 2919 861 2995 οἵτινες
883 2918 925 2985 ὄν
947 2918 1126 3008 ἐγγραφέν-

119 3051 172 3105 τες
193 3024 249 3093 καλ
266 3027 311 3111 μή
330 3024 530 3103 ἐκτείσαντες
546 3033 585 3112 τῇ
603 3028 697 3091 πόλει
719 3026 757 3091 τὸ
780 3022 901 3111 ὄφλημ’
925 3023 1126 3114 ἐξαλειφθῶ-

120 3153 183 3199 σιν.
220 3132 280 3197 καί
298 3153 355 3216 μοι
377 3127 457 3216 λαβέ
478 3133 538 3197 τὸν
560 3133 665 3216 νόμον
688 3127 744 3196 καλ
765 3128 946 3215 ἀνάγνωθι.

551 3289 688 3344 ΝΟΜΟΣ.

84 3413 109 3455 ⁶²
183 3395 333 3464 Ἀκούετε
359 3405 420 3462 τοῦ
446 3395 553 3480 νόμον
575 3390 602 3462 ὦ
625 3397 744 3483 ἄνδρες
766 3397 933 3480 δικασταί,
959 3394 1011 3461 ότι
1033 3396 1126 3481 διαρ-

122 3502 227 3588 ρήόην
249 3498 354 3586 λέγει,
376 3499 436 3567 ἐάν
456 3523 506 3578 τις
526 3511 595 3568 τῶν
616 3501 819 3587 ὀφειλόντων
840 3509 887 3590 τῷ
910 3502 1058 3587 ὄημοσίφ
1081 3500 1125 3583 μή
