2658 3922
424 167 833 224 Κευελιοειυεοοεεεον.
1065 165 1132 230 235

114 326 177 394 καὶ
201 328 388 412 ἱκετεύομεν
405 331 572 412 βοηθῆσαι
589 327 681 413 ἡμῖν,
703 327 746 395 διν
768 328 918 412 δοκῶμεν
937 326 1136 393 ἀδικεῖσθαι.

121 437 182 520 την
201 430 235 500 δ’
257 432 445 520 ἀρχὴντοῦ
467 438 673 518 συμβολαίου
693 432 876 508 διεξελθεῖν
898 433 980 515 ὑμῖν
1002 443 1135 517 πρῶτον

122 541 299 626 βούλομαι·
320 539 406 606 οὕτω
424 539 488 625 γάρ
506 538 561 606 καὶ
579 539 673 625 ὑμεῖς
691 539 799 627 ῥᾷστα
816 541 1136 626 παρακολουθήσετε.

90 667 109 708 ε
189 647 449 731 Διονυσόδωρος
470 647 534 731 γὰρ
558 645 673 713 οὑτοσὶ
696 642 722 714 ὦ
745 646 866 733 ἄνδρες
886 642 1060 730 Ἀθηναῖοι
1082 641 1137 710 καὶ

125 752 143 818 ὑ
176 753 337 829 κοινωνὸς
372 751 476 819 αὑτοῦ
510 755 744 844 Παρμενίσκος
779 753 1023 838 προσελθόντες
1056 749 1137 835 ἡμῖν

124 856 244 944 πέρυσι
265 867 326 924 τοῦ
347 869 622 943 μεταγειτνιῶνος
643 861 764 944 μηνός,
787 860 903 942 ἐλεγον
924 857 975 924 ότι
996 857 1138 943 βούλον-

124 986 178 1028 ται
210 964 427 1031 δανείσασθαι
459 962 513 1030 ἐπὶ
543 973 582 1050 τῇ
613 968 687 1050 νηί,
720 960 776 1049 ἐφ’
803 956 830 1053 ηδ
860 969 895 1029 τε
924 967 1063 1029 πλεῦσαι
1092 963 1139 1038 είς

124 1075 297 1152 Αἴγυπτον
323 1067 379 1136 καλ
406 1069 438 1148 ἐξ
462 1070 636 1153 Αίγύπτου
664 1073 711 1148 είς
728 1067 843 1137 Ῥόδον
870 1069 891 1155 ἦ
918 1070 966 1146 είς
984 1065 1139 1153 Ἀθάνας,

123 1175 445 1261 διομολογησάμενοι
472 1177 550 1252 τοὺς
577 1177 695 1252 τόκους
721 1178 800 1253 τοὺς
825 1177 873 1252 είς
895 1171 1049 1258 ἑκάτερον
1071 1184 1138 1239 τῶν

92 1280 292 1366 οέμπορίων
314 1281 453 1346 τούτων.
494 1279 770 1367 ἀποκριναμένων
794 1277 826 1346 δ’
853 1279 947 1366 ἡμῶν
971 1275 997 1345 ὦ
1020 1281 1139 1364 όίνδρες

123 1389 290 1472 δικασταί,
313 1386 364 1453 ὅτι
388 1386 449 1454 οὑκ
471 1385 514 1453 δν
538 1387 751 1472 δανείσαιμεν
773 1389 821 1465 είς
842 1386 956 1474 ἕτερον
978 1384 1138 1472 ἐμπόριον

122 1490 224 1560 οὐδὲν
242 1489 314 1560 ἀλλ’
338 1491 359 1578 ἣ
381 1494 430 1570 είς
443 1489 599 1577 Ἀθήνας,
622 1492 708 1559 οὑτοι
731 1483 1018 1580 προσομολογοῦσι
1039 1494 1138 1558 πλεύ-

122 1605 244 1666 σεσθαι
266 1600 379 1687 δεῦρο,
400 1595 456 1664 καὶ
479 1596 533 1664 ἐπί
563 1599 698 1676 ταύταις
723 1610 794 1676 ταῖς
816 1598 1007 1683 ὁμολογίαις
1029 1599 1138 1664 δανεί-

123 1709 234 1785 ζονται
255 1701 332 1792 παρ’
357 1704 452 1790 ἡμῶν
480 1702 533 1770 ἐπὶ
564 1714 603 1792 τῇ
625 1701 684 1789 νηὶ
705 1707 886 1792 τρισχιλίας
908 1703 1055 1791 δραχμὰς
1077 1704 1138 1789 άμ-

122 1815 364 1898 φοτερόπλουν,
387 1809 442 1877 καλ
466 1813 666 1897 συγγραφὴν
689 1807 875 1898 ἐγράψανθ’
898 1804 980 1896 ὑπὲρ
998 1811 1136 1876 τούτοιν.

123 1916 160 1985 ἐν
189 1915 251 2004 μὲν
280 1912 344 1984 οὑν
371 1928 444 1994 ταῖς
473 1920 659 2003 συνθήκαις
690 1918 863 2002 δανειστὴς
891 1915 1018 2004 ἐγράφη
1040 1918 1137 2003 Πάμ-

121 2029 219 2110 φιλος
255 2023 385 2089 οὑτοσί·
427 2021 492 2106 ἐγὼ
532 2019 565 2089 δ’
606 2023 731 2102 ἔξωθεν
766 2034 916 2109 μετεῖχον
951 2023 1040 2110 αύτῷ
1075 2033 1136 2090 τοῦ

123 2131 349 2213 δανείσματος.
385 2126 441 2194 καί
460 2139 593 2212 πρῶτον
611 2128 692 2213 ὑμῖν
711 2127 936 2213 ἀναγνώσεται
954 2127 1058 2213 αὐτὴν
1075 2130 1136 2213 τὴν

123 2236 330 2320 συγγραφήν.

117 2373 122 2382 .
526 2339 733 2396 ΣΤΓΓΡΔΦΗ.

93 2465 109 2508 ἰ
190 2445 284 2511 Κατὰ
314 2446 438 2529 ταύτην
468 2447 530 2531 την
560 2441 756 2532 συγγραφὴν
783 2442 810 2512 ὦ
838 2447 958 2533 ἄνδρες
986 2444 1136 2514 δικασταὶ

122 2555 279 2637 λαβόντες
311 2549 387 2638 παρ’
427 2551 523 2638 ἡμῶν
556 2552 597 2618 τὰ
631 2555 780 2638 χρηματα
808 2553 1066 2639 Διονυσόδωρός
1092 2549 1132 2617 θ’

122 2653 237 2723 οὑτοσί
259 2655 315 2724 καλ
334 2658 352 2724 ὑ
371 2660 533 2736 κοινωνὸς
551 2657 655 2724 αὑτοῦ
673 2662 915 2746 Παρμενίσκος,
937 2657 1135 2725 ἀπέστελλον

121 2762 182 2846 την
204 2771 290 2828 ναῦν
313 2764 361 2840 είς
382 2764 443 2848 την
462 2769 637 2848 Αίγυπτον
660 2762 809 2830 ἐνθένδε.
845 2762 900 2831 καὶ
923 2765 941 2832 ὁ
964 2760 1026 2850 μὲν
1043 2769 1134 2850 Παρ-

122 2870 276 2951 μενίσκος
300 2867 432 2935 ἐπέπλει
455 2866 508 2935 ἐπὶ
530 2876 587 2953 τῆς
608 2870 703 2954 νεός,
726 2868 839 2937 οὑτοσὶ
863 2868 895 2937 δ’
920 2871 1023 2939 αὑτοῦ
1044 2871 1134 2938 κατέ-
1146 2883 1213 2934 128⁶

121 2997 229 3058 μενεν.
266 2970 353 3059 ἦσαν
376 2975 439 3062 γάρ
465 2970 491 3041 ὦ
516 2977 637 3062 άνδρες
659 2977 827 3061 δικασταί,
852 2978 909 3045 ἵνα
935 2974 1018 3064 μηδὲ
1041 2977 1131 3045 ταῦτ’

122 3078 279 3165 ἀγνοῆτε,
308 3079 469 3167 ὑπηρέται
498 3080 553 3148 καὶ
583 3081 741 3167 συνεργοὶ
768 3083 887 3161 πάντες
916 3080 1008 3151 οὑτοι
1032 3088 1136 3151 Κλεο-

121 3184 242 3270 μένους
268 3196 329 3253 τοῦ
356 3185 393 3253 ἐν
419 3197 459 3274 τῇ
486 3189 646 3279 Αἰγύπτῳ
679 3187 854 3274 ἄρξαντος,
880 3189 917 3268 ὑς
944 3189 976 3269 ἐξ
1005 3185 1046 3256 οὑ
1073 3193 1135 3276 τὴν

121 3289 227 3378 ἀρχὴν
258 3294 377 3376 ἔλαβεν
407 3292 469 3359 οὐκ
498 3293 594 3378 δλίγα
627 3294 711 3360 κακδ
741 3295 917 3381 εἰργάσατο
946 3297 1008 3379 την
1036 3299 1136 3360 πόλιν

121 3398 182 3482 τὴν
208 3396 387 3485 ὑμετέραν,
415 3403 542 3484 μᾶλλον
569 3395 607 3465 δέ
633 3398 689 3465 καὶ
715 3401 794 3477 τοὺς
821 3401 943 3478 άλλους
960 3399 1135 3484 Ἕλληνας,

122 3504 417 3588 παλιγκαπηλεύων
435 3501 490 3570 καὶ
509 3505 664 3582 συνιστδις
681 3505 738 3584 τὰς
760 3505 854 3587 τιμάς
876 3513 936 3571 τού
960 3506 1055 3569 σίτου
1077 3499 1133 3567 καὶ
