2650 3918
487 194 584 246 ΚΑΤΑ
601 195 766 249 ΝΕΑΙΡΑΣ.
1069 193 1131 259 301

115 369 220 436 σατο,
248 349 304 418 καί
333 353 438 419 δεῖται
468 352 572 420 αὐτοῦ
599 351 790 440 προσθέντα
812 356 850 421 τὸ
874 354 1065 438 ἐπίλοιπον,
1093 351 1134 422 οὗ

113 456 276 542 προσέδει
299 459 346 535 είς
368 459 425 536 τὰς
446 465 551 527 είκοσι
574 469 670 545 μνῶς,
690 467 886 528 καταθεῖναι
909 461 1008 546 αὐτῆς
1029 469 1075 548 τῷ
1098 483 1133 525 τε

115 564 283 650 Εὐκράτει
312 562 367 630 καί
395 567 441 652 τῷ
476 568 681 654 Τιμανορίδᾳ
715 567 799 633 ὥστε
828 565 1010 653 ἐλευθέραν
1038 561 1135 633 εἶναι.

69 687 99 726 ⁸2
115 671 263 754 άσμενος
288 666 319 735 δ’
343 668 486 747 ἀκούσας
511 671 636 749 ἐκεῖνος
663 674 742 750 τοὺς
770 675 890 756 λόγους
914 674 1052 750 τούτους
1076 672 1135 738 αύ-

113 785 194 860 τῆς,
223 772 279 841 καὶ
306 776 418 859 λαβὼν
442 774 625 862 τάργύριον
647 776 665 844 δ
688 777 777 863 παρὰ
805 788 873 844 τῶν
898 777 1045 865 ἐραστῶν
1067 788 1134 844 τῶν

114 882 231 947 ἀλλων
266 880 445 969 εἰσηνέχθη
479 882 578 970 αὕτη,
614 881 670 950 καί
701 881 861 970 προσθείς
893 887 929 950 τὸ
963 884 1133 952 ἐπίλοιπον

114 987 231 1073 αὐτός,
252 992 472 1074 κατατίθησιν
494 988 596 1076 αὐτῆς
621 990 679 1066 τάς
701 995 807 1056 είκοσι
829 998 914 1075 μνᾶς
936 999 981 1079 τςό
1004 991 1133 1074 Εἰκρά·

113 1117 166 1160 τει
193 1091 249 1160 καί
276 1102 321 1184 τῷ
355 1096 559 1182 Τιμανορίδᾳ
590 1092 640 1161 ἐπ’
672 1094 847 1183 ἐλευθερίᾳ
878 1092 934 1160 καί
961 1092 1011 1181 ἐφ’
1043 1089 1069 1184 ᾧ
1097 1096 1133 1163 ἐν

115 1203 283 1290 Κορίνθφ
308 1201 352 1285 μη
379 1198 584 1286 ἐργάζεσθαι.
620 1197 677 1267 καὶ
699 1200 750 1268 ὅτι
780 1197 871 1267 ταῦτ’
899 1199 1009 1286 ἀληθῆ
1037 1199 1133 1285 λέγω,

113 1306 246 1373 τούτων
272 1305 354 1391 ὑμίν
380 1307 441 1373 τὸν
465 1309 739 1393 παραγενόμενον
766 1307 917 1394 μάρτυρα
939 1312 1038 1373 καλῶ.
1078 1311 1137 1374 καί

114 1435 174 1495 μοι
196 1411 290 1480 κάλει
314 1415 486 1498 Φίλαγρον
507 1410 664 1480 Μελιτέα.

528 1606 720 1662 MAPTTPIL

230 1735 378 1820 Φίλαγρος
405 1734 553 1810 Μελιτεύς
580 1740 724 1818 μαρτυρεῖ
748 1741 887 1817 παρεῖναι
918 1734 952 1799 ἐν
977 1736 1133 1823 Κορίνθφ,

162 1831 210 1894 ὅτε
226 1834 369 1916 Φρυνίων
387 1829 404 1896 δ
421 1833 618 1914 Δημοχάρους
636 1831 765 1912 ἀδελφὸς
782 1834 928 1896 κατετίθει
946 1833 1038 1896 εἴκοσι
1057 1844 1133 1914 μνᾶς

162 1930 293 2011 Νεαίρας
320 1939 373 2010 τῆς
399 1928 469 1992 νυνί
500 1928 719 2012 ἀγωνιζομένης
747 1931 928 2014 Τιμανορίδᾳ
954 1936 995 2015 τῷ
1022 1934 1133 2014 Κοριν-

161 2028 221 2113 θίᾳ
244 2025 295 2088 καί
316 2027 464 2109 Εὐκράτει
484 2032 526 2110 τῷ
548 2028 721 2112 Λευκαδίᾳ·
743 2026 794 2088 καί
824 2025 965 2100 καταθείς
986 2026 1019 2089 τὸ
1042 2025 1133 2110 ἀργά·

161 2144 230 2209 ριον
252 2118 339 2208 ᾤχετο
362 2120 485 2204 ἀπάγων
502 2117 646 2202 Ἀθήναζε
669 2120 812 2205 Νέαιραν.

77 2277 104 2319 τι
182 2254 397 2344 Ἀφικόμενος
418 2262 534 2326 τοίνυν
558 2261 658 2345 δεῦρο
677 2262 761 2346 ἐχων
784 2260 889 2345 αὐτὴν
911 2258 1057 2344 ἀσελγῶς
1078 2259 1134 2328 καί

117 2375 287 2451 προπετῶς
317 2363 433 2451 ἐχρῆτο
463 2365 563 2450 αὐτῇ,
592 2362 672 2430 κάπὶ
697 2364 739 2430 τὰ
767 2366 884 2431 δείπνα
913 2367 999 2452 ἔχων
1029 2367 1133 2452 αὐτην

117 2481 282 2558 πανταχοῖ
302 2469 493 2556 ἐπορεύετο,
520 2469 604 2536 ὅπου
631 2473 740 2554 πίνοι,
767 2468 912 2555 ἐκώμαζέ
929 2467 957 2536 τ’
985 2468 1038 2538 ἀεὶ
1059 2470 1128 2557 μετ’
1144 2487 1210 2538 1356

120 2579 231 2663 αὐτῆς,
255 2585 362 2660 σνυην
383 2572 412 2642 τ’
440 2575 594 2661 ἐμφανῶς
621 2576 718 2643 ὁπότε
745 2579 929 2662 βουληθείη
951 2587 1131 2666 πανταχοῦ,

118 2687 310 2770 φιλοτιμίαν
332 2684 402 2769 τὴν
434 2681 588 2762 ἐξουσίαν
619 2684 702 2770 πρὸς
732 2685 810 2760 τοὺς
842 2682 988 2768 δρῶντας
1017 2687 1132 2752 ποιού-

119 2814 227 2875 μενος.
270 2787 327 2856 καί
344 2790 390 2867 ὡς
407 2790 528 2866 ἀλλους
550 2811 584 2855 τε
607 2790 752 2865 πολλούς
770 2787 823 2854 ἐπί
840 2801 953 2875 κῶμον
971 2794 1056 2878 ἐχων
1073 2787 1132 2877 ἧλ-

119 2902 182 2962 θεν
203 2895 323 2981 αὐτην,
351 2894 407 2962 καὶ
435 2895 480 2972 ὡς
503 2899 653 2982 Χαβρίαν
680 2896 740 2962 τὸν
762 2893 929 2980 Αἰξωνέα,
956 2897 1009 2964 ὅτε
1038 2898 1131 2965 ἐνίκα

120 3000 172 3068 ἐπὶ
193 3005 410 3090 Σωκρατίδου
438 3003 597 3090 άρχοντος
622 3001 663 3068 τά
685 3001 803 3067 Πύθια
829 3010 874 3090 τῷ
902 3004 1130 3093 τεθρίππφ,ὃ

120 3105 251 3192 ἐπρίατο
274 3107 363 3194 παρὰ
389 3118 456 3172 τῶν
482 3108 611 3172 παίδων
633 3098 706 3171 Ιτῶν
727 3109 859 3185 Μίτυος
885 3118 945 3174 τοῦ
967 3106 1131 3195 Ἀργείου,

119 3209 173 3280 καί
194 3212 286 3297 ἥκων
309 3211 345 3279 ἐκ
366 3216 512 3297 Δελφῶν
538 3213 643 3279 είστία
664 3213 704 3278 τά
727 3211 871 3280 ἐπινίκια
893 3212 947 3280 ἐπὶ
969 3217 1129 3282 Κωλιάδι.

119 3315 173 3386 καί
196 3317 267 3385 ἐκεῖ
285 3318 382 3384 ἀλλοι
399 3340 434 3383 τε
451 3316 570 3385 πολλοὶ
593 3321 830 3402 συνεγίγνοντο
849 3319 932 3406 αὐτῇ
955 3324 1129 3408 μεθυούσῃ

120 3425 342 3501 καθεύδοντος
370 3431 430 3490 τοῦ
455 3426 667 3510 Φρυνίωνος,
692 3421 749 3489 καί
776 3425 812 3490 οί
832 3424 982 3491 διάκονοι
1006 3427 1042 3490 οί
1062 3429 1128 3490 Xa—

85 3550 109 3590 ιι
121 3534 215 3618 βρίου
240 3529 413 3616 [τράπεζαν
442 3531 692 3616 παραθέμενοι].
734 3529 791 3595 καὶ
821 3529 872 3595 ὅτι
901 3526 991 3594 ταῦτ’
1018 3529 1127 3614 ἀληθῆ
