2658 3922
495 145 591 197 ΚΑΤΑ
609 146 794 202 nomon.
1083 141 1146 208 211

134 301 330 390 ταξιάρχους
356 301 472 370 ἐλθεῖν
498 302 553 370 καὶ
581 315 648 371 τών
676 305 788 371 άλλων
806 307 906 382 τινάς
928 315 1149 390 στρατιωτῶν,

133 411 226 494 οἵπερ
255 407 427 477 ἐκώλυσαν
453 407 559 496 μηδὲν
593 411 678 496 ἡμᾶς
710 411 892 496 ἀνήκεστον
917 417 1040 478 παθεῖν
1067 407 1144 496 μηδ’

106 514 254 591 σαύτοὺς
278 523 415 599 ποιῆσαι
441 514 727 601 παροινουμένους
752 518 817 584 ύιτὸ
845 518 982 584 τούτων.
1022 524 1083 582 τού
1110 513 1147 582 δέ

133 621 322 705 πράγματος
349 623 397 698 είς
423 632 521 688 τοῦτο
546 625 790 708 προελθόντος,
817 623 862 700 ώς
889 619 979 707 δεῦρ’
1007 621 1147 706 ἐπανήλ-

132 731 253 811 θομεν,
274 721 317 810 ἦν
339 726 431 811 ἡμῖν,
454 719 528 794 οἷον
546 729 644 812 είκὸς,
666 727 704 794 έκ
721 730 848 796 τούτων
867 729 949 814 ὀργὴ
968 725 1024 794 καὶ
1041 729 1146 814 ἔχθρα

133 833 216 917 πρὸς
238 830 410 916 ἀλλήλους.
451 833 491 900 ού
519 835 585 918 μην
615 836 718 917 ἔγωγε
745 835 790 919 μδι
819 837 898 912 τοὺς
924 837 1027 910 θεοὺς
1052 831 1147 922 ᾤμην

8 929 12 939 ’
134 937 208 1001 δεῖν
236 936 312 1030 ούτε
339 938 436 1022 δίκην
463 942 577 1022 λαχεῖν
605 937 716 1014 αὐτοῖς
744 937 820 1004 οὔτε
847 941 951 1022 λόγον
977 946 1147 1005 ποιεῖσθαι

133 1052 200 1108 τῶν
213 1041 412 1126 συμβάντων
431 1042 565 1128 οὐδένα,
584 1042 656 1109 ἀλλ’
674 1043 784 1110 έκεῖνο
803 1042 914 1122 ἁπλῶς
927 1045 1096 1128 ἐγνώκειν,
1108 1047 1145 1110 τὸ

134 1148 251 1214 λοιπὸν
269 1147 484 1233 εὐλαβεῖσθαι
502 1147 557 1215 καὶ
574 1150 801 1236 φυλάττεσθαι
818 1151 863 1235 μὴ
876 1151 1066 1235 πλησιάζειν
1079 1159 1148 1226 τοῖς

1 1243 2 1250 ’
133 1255 305 1330 τοιούτοις.
328 1264 476 1340 πρῶτον
496 1251 583 1340 [μὲν]
604 1250 667 1322 οὖν
684 1249 733 1321 ών
751 1262 866 1342 εῖρηκα
883 1257 1010 1322 τούτων
1028 1256 1148 1339 βούλο-

135 1383 194 1444 μαι
215 1361 274 1438 τὰς
295 1363 477 1445 μαρτυρίας
498 1363 765 1447 παρασχόμενος,
791 1362 871 1447 μετὰ
892 1358 989 1427 ταῦθ’
1016 1353 1062 1427 οἷ’
1086 1357 1142 1425 ὑπ’

135 1466 239 1532 αὐτοῦ
270 1466 391 1532 τούτου
426 1464 570 1532 πέπονθ’
604 1465 782 1552 ἐπιδείξω,
817 1464 862 1534 ἵν’
894 1462 1004 1550 είδῆθ’
1037 1465 1089 1532 ὅτι
1119 1458 1146 1554 ᾧ

135 1579 279 1665 προσῆκε
301 1581 370 1649 τοῖς
391 1574 429 1642 τὸ
451 1583 586 1658 πρώτον
608 1570 847 1660 ἁμαρτηθεῖσιν
865 1571 1028 1657 ἐπιτιμᾶν,
1050 1567 1148 1648 οὗτος

136 1676 235 1754 αὐτὸς
256 1679 338 1765 πρὸς
360 1679 493 1762 τούτοις
511 1683 625 1766 πολλῷ
650 1676 808 1765 δεινότερ’
836 1685 1013 1764 είργασται.

538 1871 742 1924 ΜΑΡΓΤΡΙΔΙ.

107 2013 121 2056 ι
195 1988 257 2062 Ὦν
278 1991 340 2079 μὲν
361 1997 478 2062 τοίνυν
500 1992 611 2061 οὐδέν’
634 1992 729 2082 χώμην
748 1997 820 2061 δεῖν
842 1998 945 2078 λόγον
966 2002 1147 2079 ποιεῖσθαι,

136 2098 227 2166 ταῦτ’
252 2101 351 2167 ἐστιν.
386 2103 496 2188 χρόνῳ
519 2097 551 2164 δ’
576 2100 717 2185 ὕστερον
736 2100 777 2166 ού
794 2105 907 2188 πολλῷ
929 2111 1146 2187 περιπατούν-

136 2228 205 2288 τος,
227 2205 335 2290 ὥσπερ
358 2207 509 2288 είώθειν,
536 2203 675 2290 ἑσπέρας
698 2205 736 2270 έν
758 2205 865 2293 ἀγορᾷ
887 2229 953 2290 μου
975 2207 1054 2290 μετὰ
1079 2211 1148 2271 Φα-

137 2309 322 2396 νοστράτου
334 2319 394 2376 τού
407 2308 608 2395 Κηφισιέως,
625 2321 691 2376 τών
709 2309 893 2392 ἡλικιωτῶν
910 2315 1012 2396 τινός,
1029 2310 1148 2397 παρέρ-

1 2465 2 2471 1
137 2438 229 2502 χεται
264 2417 409 2500 Κτησίας
438 2415 457 2482 6
490 2415 565 2492 υίὸς
592 2415 612 2482 6
640 2417 780 2500 τούτου,
810 2416 964 2501 μεθύων,
998 2417 1080 2487 κατδ
1110 2419 1148 2482 τὸ

136 2523 340 2608 Λεωκόριον,
364 2520 463 2605 ἐγγὺς
484 2531 552 2586 τῶν
574 2523 799 2608 Πυθοδώρου.
839 2523 984 2588 κατιδὼν
1008 2520 1039 2588 δ’
1064 2523 1150 2607 ἡμᾶς

136 2625 192 2694 καὶ
218 2626 421 2714 κραυγάσας,
452 2623 509 2692 καὶ
535 2626 722 2712 διαλεχθείς
748 2650 781 2692 τι
807 2629 890 2714 πρὸς
915 2627 1017 2696 αὑτὸν
1045 2627 1150 2705 οὕτως

137 2733 182 2810 ὡς
204 2732 247 2799 δν
269 2732 423 2818 μεθύων,
450 2732 534 2798 ὥστε
561 2733 606 2817 μη
629 2738 751 2816 μαθεῖν
775 2731 794 2798 6
815 2755 848 2798 τι
870 2731 978 2818 λέγοι,
998 2739 1149 2819 παρῆλθε

127 2841 220 2924 πρὸς
237 2840 388 2920 Μελίτην
407 2838 487 2904 άνω.
525 2839 641 2904 ἔπινον
660 2835 692 2903 δ’
713 2835 766 2924 ἄρ’
788 2837 934 2905 ἐνταῦθα
952 2839 1068 2925 (ταῦτα
1085 2841 1148 2927 γὰρ

137 2945 280 3032 ὕστερον
309 2941 517 3030 ἐπυθόμεθα)
553 2943 642 3029 παρὰ
671 2946 838 3034 Παμφίλῳ
867 2953 912 3033 τῷ
941 2957 1063 3031 κναφεῖ
1083 2949 1228 3020 K6-1259

138 3075 208 3118 νων
235 3048 365 3136 οὑτοσὶ,
394 3051 554 3132 Θεότιμός
580 3072 645 3131 τις,
669 3045 891 3136 Ἀρχεβιάδης,
913 3054 1109 3137 Σπίνθαρος
1130 3051 1149 3116 6

139 3155 334 3241 Εὐβούλου,
366 3151 531 3238 Θεογένης
562 3153 580 3220 6
610 3151 865 3240 Ἀνδρομένους,
899 3160 1021 3222 πολλοί
1051 3179 1150 3240 τινες,

140 3263 198 3339 οὓς
220 3260 441 3348 ἐξαναστήσας
463 3259 481 3326 6
504 3263 651 3345 Κτησίας
673 3259 838 3346 ἐπορεύετ’
863 3263 910 3338 είς
930 3263 992 3346 τὴν
1014 3260 1149 3347 άγοράν.

113 3365 196 3434 ικαὶ
221 3367 301 3451 ἡμῖν
331 3363 526 3451 συνέβαινεν
553 3364 817 3452 ἀναστρέφουσιν
849 3365 912 3432 ἀπὸ
940 3377 999 3433 τοῦ
1028 3373 1156 3453 Φερρε-,

141 3477 280 3559 φαττίαυ
312 3469 368 3538 καὶ
398 3481 635 3559 περιπατοῦσιν
666 3472 766 3538 πάλιν
796 3469 867 3537 κατ’
901 3473 981 3538 αύιό
1012 3492 1081 3546 τως
1111 3473 1150 3536 τὸ

936 3573 991 3626 ιε*
