2658 3914
196 203 261 274 156
482 207 579 262 xm.
608 205 912 278 [ΔΗιιοεοιιαοττ]

192 363 323 452 μέλλων
337 365 469 433 ἐκπλεῖν
483 365 536 432 ἐπὶ
550 367 767 453 Σωκρατίδου
785 367 956 452 ἄρχοντος,
977 362 1033 430 καί
1051 359 1205 428 ἐκέλευσε
1303 323 1304 326 ¹

193 474 313 539 δοῦναι
332 469 514 562 Ἀντιμάχῳ
540 479 586 560 τῷ
613 474 713 560 ταμίη
737 480 784 559 τῳ
807 469 944 556 ἐαυτοῦ,
967 472 1036 558 ίδίχι
1058 470 1121 554 ἔφη
1144 469 1206 535 δα·
1304 537 1305 566 χ

192 587 300 644 νεῖσαι
331 580 390 644 τὸν
421 576 544 664 πατέρα
562 575 744 667 Ἀντιμάχῳ
776 575 831 643 καὶ
863 577 924 644 οὐκ
951 575 1049 653 αὐτὸς
1077 576 1205 658 λαβεῖν.

152 697 179 740 ⁴⁵
192 680 247 748 καὶ
269 683 314 761 ὡς
336 680 398 768 μὲν
420 683 530 768 ἀληθη
553 681 652 767 λέγει,
675 681 797 750 οὐδένα
819 683 969 770 μάρτυρα
991 679 1206 767 παρέσχηται,

122 813 125 816 ·
192 790 281 879 λόγῳ
308 785 347 855 δέ
374 799 588 876 καταχρῆται,
615 791 671 856 ἰ’να
697 791 742 875 μη
771 790 870 866 αὐτὸς
894 791 975 874 δοκῇ
998 787 1206 872 ἀποστερεῖν,

191 890 265 959 ἀλλ’
287 890 481 982 Ἀντίμαχος
507 898 736 963 δανείσασθαι.
780 901 888 962 καίτοι
915 890 1085 979 διίίνδρες
1111 894 1206 958 δικα·
1306 894 1307 928 ¹

193 998 267 1066 σταί
298 999 381 1086 μέγα
412 1002 493 1088 ὑμῖν
525 1001 589 1089 έρῶ
620 1004 813 1088 τεκμηριον,
848 1001 899 1068 ὅτι
931 1001 994 1067 οὐκ
1020 997 1206 1088 Ἀντιμάχῳ

191 1104 361 1174 ἐδάνεισεν
385 1108 404 1177 ό
425 1110 532 1195 πατὴρ
558 1110 597 1174 τὸ
624 1107 804 1195 ἀργύριον,
835 1106 919 1175 ἀλλὰ
946 1102 1099 1194 Τιμοθέῳ
1127 1102 1205 1190 περὶ
1307 1156 1308 1172 ,

190 1210 369 1299 ἀναγωγὴν
391 1215 473 1280 όντι.
491 1227 493 1236 ’
508 1215 632 1299 πότερα
653 1213 718 1298 γάρ
740 1211 783 1278 ἀν
801 1217 915 1278 οῖεσθε
937 1211 1023 1298 ῥᾷον
1045 1205 1133 1276 εἶναι
1155 1217 1204 1297 τῷ

189 1322 306 1406 πατρί,
337 1317 574 1404 δημευθέντων
602 1330 671 1385 τῶν
693 1315 890 1405 Ἀντιμάχου
917 1316 1205 1401 ἐνεπισκήψασθαι

190 1421 228 1489 ἐν
250 1433 290 1510 τῇ
313 1424 411 1512 οὐσία
433 1433 472 1509 τῇ
496 1423 625 1490 ἐκείνου
652 1419 909 1511 ἐνοφειλόμενον
931 1423 1019 1511 αὐτῷ
1043 1430 1141 1488 τοῦτο
1163 1423 1203 1487 τὸ
1308 1429 1309 1446 ²

151 1545 177 1586 ω
191 1526 373 1614 ἀργύριον,
409 1534 500 1614 είπερ
532 1525 715 1619 Ἀντιμάχῳ
746 1528 937 1614 ἐδάνεισεν,
971 1526 993 1612 ἢ
1024 1521 1203 1611 ἀναμένειν
1215 1545 1278 1594 ιιιε

191 1633 288 1698 ὁπότε
311 1633 400 1718 παρὰ
426 1634 547 1700 τούτου
569 1640 760 1718 κομιεῖσθαι
789 1637 924 1718 ἔμελλεν
946 1631 1202 1718 εὐπορήσαντος,
1309 1683 1310 1699 ,

191 1736 228 1812 ὃς
250 1736 291 1803 οδ
316 1739 441 1816 πολλὰς
468 1739 603 1818 έλπίδας
630 1744 793 1826 σωτηρίας
818 1738 894 1826 περὶ
921 1738 1023 1805 αὑτοῦ
1052 1733 1141 1824 εἶχεν
1164 1737 1200 1804 ἐν

190 1842 307 1933 ἐκείνῳ
334 1850 379 1931 τῷ
406 1847 532 1934 χρόνῳ;
560 1843 615 1912 καὶ
642 1847 709 1931 μην
736 1845 1038 1930 ἐνεπισκηψάμενός
1059 1867 1097 1928 γε
1127 1841 1196 1910 οὔτ’

190 1947 233 2015 ἀν
260 1954 533 2036 παρακαταβολῆς
558 1951 745 2038 ἠπόρησεν,
777 1948 848 2019 οὔτ’
874 1951 916 2018 ἀν
943 1951 1110 2036 ἠπιστήθη
1137 1946 1195 2036 ὑφ’

189 2055 299 2140 ὑμῶν·
326 2056 446 2133 πάντες
467 2058 531 2144 γάρ
554 2051 633 2144 ᾖστε
655 2060 715 2125 τὸν
740 2056 864 2143 πατέρα
886 2059 945 2124 τὸν
968 2057 1047 2142 ἐμὸν
1070 2055 1199 2123 οὔτῶν

191 2163 361 2246 δημοσίων
384 2161 506 2240 ἀδίκως
524 2161 764 2249 ἐπιθυμοῦντα,
786 2163 871 2229 ἀλλὰ
892 2175 959 2229 τῶν
982 2161 1086 2228 αὑτοῦ
1108 2162 1199 2247 ὑμῖν,

149 2283 176 2325 ιι
190 2266 245 2333 ὅτε
267 2269 473 2353 κελεύσαιτε,
494 2270 683 2356 προθύμως·
701 2269 934 2336 ἀναλίσκοντα·
962 2264 1032 2336 εἶτα
1053 2265 1109 2333 καὶ
1131 2267 1198 2334 ἐπι-

189 2374 323 2457 τηδείου
346 2375 443 2452 όντος
461 2375 549 2462 αὐτῷ
570 2376 831 2461 Καλλιστράτου,
854 2374 955 2462 ὅσπερ
978 2373 1138 2458 έδημευσε
1159 2374 1199 2439 τά

186 2473 401 2564 Ἀντιμάχου,
433 2480 516 2547 ὥστε
548 2477 653 2566 μηδὲν
685 2480 930 2548 ἐναντιοῦσθαι.
980 2480 1063 2546 ὥστε
1094 2483 1131 2545 τί
1158 2480 1200 2545 άν

189 2603 267 2647 ποτε
289 2587 493 2670 βουλόμενος
515 2586 534 2653 ό
556 2588 662 2672 πατὴρ
685 2587 840 2672 ἐβούλετο
867 2589 1033 2670 Τιμόθεον
1055 2587 1200 2672 χρηστην

190 2686 357 2771 ἐγγράψας
377 2692 458 2775 ημῖν
480 2697 689 2778 καταλιπεῖν,
718 2700 809 2779 είπερ
832 2694 876 2779 μη
900 2694 1019 2779 ὤφειλε
1041 2700 1139 2757 τοῦτο
1160 2694 1199 2759 τὸ

189 2791 363 2878 ἀργύριον,
385 2796 550 2882 μᾶλλονῆ
569 2797 630 2863 οὐκ
652 2794 690 2863 ἐκ
710 2807 777 2862 τῶν
796 2792 993 2882 Ἀντιμάχου
1016 2795 1200 2882 δημευθέν-

188 2920 256 2962 των
279 2896 581 2985 ένεπισκηψάμενος
602 2906 820 2986 κομίσασθαι
918 2955 920 2958 .
1048 2947 1052 2957 ·

148 3023 176 3064 ιε
255 3001 341 3088 Περὶ
365 3000 402 3071 δέ
424 3016 490 3070 τῶν
512 3009 629 3091 χιλίων
647 3008 814 3094 δραχμῶν,
837 3006 876 3086 ἃς
897 3007 1088 3074 ἐδανείσατο
1110 3009 1199 3096 παρὰ

187 3117 248 3173 τοῦ
262 3106 482 3192 Ἀντιφάνους
500 3109 537 3176 έν
556 3113 757 3200 Καλαυρείᾳ,
779 3113 835 3178 ἵνα
857 3114 989 3197 διαδοίη
1006 3124 1076 3191 τοῖς
1092 3116 1198 3180 Βοιω·

187 3216 279 3291 τίοις
296 3215 521 3302 τριηράρχοις,
548 3214 678 3300 μέλλων
705 3223 881 3284 καταπλεῖν
908 3216 962 3285 ἐπὶ
988 3221 1049 3305 την
1076 3222 1197 3306 κρίσιν,

186 3317 242 3385 καί
264 3318 413 3389 ἀπέδωκε
435 3330 481 3410 τῳ
507 3324 663 3410 Φιλίππῳ
680 3330 725 3410 τῷ
744 3325 921 3413 ναυκλήρῳ
939 3323 1062 3391 ἐνθάδε
1085 3325 1197 3410 λαβὼν

187 3424 276 3511 παρὰ
304 3434 365 3491 τοῦ
391 3428 514 3513 πατρὸς
540 3437 601 3494 τοῦ
628 3427 728 3512 ἐμοῦ,
755 3430 816 3494 τὸν
836 3429 1000 3495 Βοιώτιον
1029 3431 1197 3517 ναύαρχόν

187 3546 269 3614 φησι
292 3532 521 3617 δανείσασθαι,
543 3529 599 3596 καὶ
620 3532 798 3599 ὑποθεῖναι
815 3533 935 3599 τούτου
952 3541 1013 3600 τοῦ
1035 3533 1196 3620 ἀργυρίου
