2654 3926
200 161 243 224 44
477 168 575 218 mn.
603 165 907 237 [οΗΜοΣοωωουΣ]

244 350 361 406 πομπος
383 328 572 392 ἐπεδικάσατο
594 339 648 392 τοῦ
670 331 781 411 κλήρου
799 339 852 394 τοῦ
871 326 1004 411 Ἁγνίου,
1027 328 1078 392 καί
1101 330 1210 394 ἐπιδει·

243 427 351 488 κνύναι
374 425 473 500 αότοῖς
491 429 651 490 Σωσίθεον
669 426 720 500 τδις
738 427 825 501 ἐλάας
846 424 1077 508 πρεμνιζομένας
1100 427 1132 489 ἐκ
1154 437 1210 490 τοῦ

238 519 357 604 Ἀγνίου
381 522 482 606 ἀγροῦ.

160 673 184 714 ²¹
264 663 309 726 Εί
333 658 394 746 μὲν
420 665 535 728 τοίνυν
562 659 587 730 ὦ
616 664 735 748 ἀνδρες
762 659 912 728 δικασταί
940 663 1000 729 τὸν
1022 667 1208 747 τετελευτη-

198 770 277 832 κότα
304 772 409 852 μόνον
435 769 571 854 ὕβριζον
597 764 700 836 ταῦτα
722 767 996 853 διαπραξάμενοι,
1028 769 1122 834 δεινὰ
1144 764 1208 852 μὲν

198 871 240 937 ἀν
263 872 409 959 ἐποίουν,
431 870 531 958 ήττον
553 874 604 940 δέ·
626 885 691 942 νῦν
714 871 751 940 δὲ
773 872 828 940 καί
844 877 898 957 ,είς
920 873 1002 958 ὅλην
1023 876 1085 958 τήν
1106 878 1208 941 πόλιν

197 977 334 1062 ταυτηνί
355 981 510 1066 ὑβρίκασι
531 978 586 1046 καί
608 984 926 1066 παρανενομήκασιν.
961 981 1131 1064 γνώσεσθε
1155 977 1208 1065 δὲ,

198 1083 332 1151 ἐπειδάν
353 1097 414 1154 τοῦ
430 1089 537 1170 νόμου
555 1085 725 1171 ἀκούσητε.
760 1084 985 1170 ἀναγίγνωσκε
1007 1087 1067 1153 τὸν
1089 1091 1206 1171 νόμον.

629 1324 766 1377 ΝΟΜΟΣ.

304 1445 376 1513 Ἐάν
398 1473 441 1526 τις
459 1450 549 1513 ἐλάαν
567 1449 732 1531 Ἀθήνησιν
750 1450 897 1537 ἐξορύττη,
919 1450 972 1512 ἐδιν
994 1449 1035 1532 μή
1058 1449 1100 1524 είς
1121 1449 1204 1530 ἱερὸν

238 1543 410 1626 Ἀθηναίων
428 1549 571 1628 δημόσιον
588 1546 609 1629 ή
631 1547 800 1628 δημοτικόν,
822 1545 843 1628 ή
861 1547 955 1634 ἐαυτῷ
973 1555 1102 1629 χρῆσθαι
1119 1546 1203 1630 μέχρι

241 1643 327 1706 δυοῖν
354 1643 454 1706 ἐλάαιν
481 1654 533 1708 τοῦ
561 1645 697 1708 ἐνιαυτοῦ
725 1644 862 1725 ἑκάστου,
893 1641 984 1725 ἢέπλ
1006 1644 1203 1709 ἀποθανόντα

241 1739 293 1827 δέη
311 1741 488 1822 χρήσασθαι,
511 1739 640 1822 ὀφείλειν
659 1741 762 1804 ἐκατόν
781 1742 911 1824 δραγμδις
932 1746 972 1829 τῷ
995 1744 1127 1829 δημοσίῳ
1149 1753 1203 1825 τῆς

240 1837 327 1913 ἐλάας
349 1838 484 1919 ἑκάστης,
511 1839 543 1901 τό
567 1837 599 1901 δὲ
621 1838 792 1902 ἐπιδέκατον
814 1840 920 1901 τούτου
942 1848 995 1920 τῆς
1016 1846 1093 1903 θεοῦ
1115 1835 1201 1903 εἶναι.

240 1933 378 2014 ὀφειλέτω
402 1933 433 1998 δὲ
456 1933 505 1997 καί
527 1941 567 2022 τῷ
590 1937 691 2024 ίδιάτη
720 1941 759 2022 τῷ
782 1935 922 2011 ἐπεξιόντι
944 1934 1047 1999 ἐντατὸν
1069 1937 1201 2017 δραχμὰς

240 2027 312 2094 καθ’
342 2031 466 2111 ἑκάστην
497 2032 594 2096 ἐλάαν.
637 2033 688 2107 τὰς
720 2032 751 2095 δὲ
784 2034 867 2106 δίκας
893 2028 970 2095 εἶναι
995 2032 1061 2114 περί
1086 2035 1200 2096 τούτων

239 2128 313 2206 πρὸς
339 2129 408 2201 τούς
435 2126 591 2209 άρχοντας,
619 2120 662 2189 ὧν
689 2128 804 2192 ἕκαστοι
826 2132 962 2193 δικασταί
983 2132 1045 2193 είσι.
1087 2153 1199 2211 πρυτα-

239 2233 304 2288 νεῖα
326 2223 359 2288 δὲ
381 2223 519 2288 τιθέτωδ
543 2225 660 2287 διώκων
681 2236 734 2289 τοῦ
757 2225 849 2289 αὑτοῦ
871 2225 987 2308 μέρονς.
1024 2225 1139 2291 ὅτανδ’·
1160 2227 1200 2290 διν

238 2329 446 2406 καταγνωσθῇ,
469 2321 676 2404 ἐγγραφόντων
695 2324 726 2386 οί
745 2321 892 2404 ύρχοντες,
914 2323 987 2404 πρὸς
1010 2323 1063 2399 οὓς
1085 2325 1123 2388 ἀν
1140 2317 1198 2412 ήή

239 2422 317 2499 δίκη,
339 2425 399 2492 τοῖς
421 2421 609 2500 πράκτορσιν,
632 2417 649 2482 δ
671 2426 712 2507 τῷ
737 2422 867 2505 δημοσίῳ
890 2423 1030 2503 γίγνεται·
1053 2419 1090 2502 <δ
1110 2421 1142 2484 δέ
1165 2432 1198 2506 τή
1211 2446 1290 2500 1075

238 2522 301 2603 θεῷ
327 2513 491 2598 γίγνεται>,
519 2524 579 2590 τοῖς
605 2518 721 2595 ταμίαις
747 2528 805 2580 τῶν
832 2527 885 2598 τής
906 2524 990 2580 θεοῦ.
1027 2518 1079 2580 ἐδιν
1101 2515 1133 2581 δὲ
1157 2519 1198 2601 μή

239 2614 440 2696 ἐγγράφωσιν,
463 2611 547 2676 αύτολ
569 2611 758 2692 ὀφειλόντων.

153 2778 179 2819 τε
254 2749 290 2816 ‘O
308 2748 369 2836 μὲν
388 2754 491 2836 νόμος
513 2751 617 2828 ούτως
635 2754 776 2838 ἰσχυρός.
815 2751 922 2819 ἐκεῖνο
940 2750 971 2818 δ’
994 2752 1198 2839 ἐνθυμεῖσθε

192 2861 273 2943 πρὸς
295 2858 380 2942 ὑμᾶς
407 2856 527 2934 αὐτούς
549 2853 575 2922 ὦ
598 2858 717 2943 ἀνδρες
743 2860 909 2943 δικασταί,
936 2863 971 2924 τί
989 2857 1059 2926 ποτ’
1088 2859 1193 2927 οίεσθ’

191 2964 275 3048 ἡμᾶς
297 2964 435 3050 πάσχειν
458 2962 495 3028 ἐν
517 2972 562 3050 τῷ
585 2967 829 3049 παρεληλυθότι
852 2968 961 3054 χρόνῳ
983 2964 1048 3033 ὑπὸ
1070 2967 1199 3033 τούτων

191 3069 246 3135 καὶ
267 3070 332 3137 ὑπὸ
355 3079 411 3154 τῆς
433 3069 561 3154 ύβρεως
582 3078 638 3152 τῆς
660 3071 803 3155 τούτων,
834 3072 917 3137 ὅπου
940 3071 1050 3156 ὑμῶν,
1072 3075 1199 3152 πόλεως

191 3174 418 3259 τηλικαυτησί,
444 3177 694 3260 κατεφρόνησαν
721 3174 775 3241 καὶ
805 3188 871 3242 τῶν
893 3181 1008 3262 νόμων
1030 3188 1096 3243 τῶν
1119 3177 1198 3263 ὑμε-

189 3279 312 3365 τέρων,
342 3278 396 3345 καί
424 3280 444 3346 δ
474 3282 657 3365 διαρρήδην
685 3281 950 3367 ἀπαγορεύουσιν
978 3283 1013 3349 οί
1031 3286 1129 3368 νόμοι
1152 3286 1197 3369 μὴ

191 3396 314 3468 ποιεῖν,
342 3385 463 3452 οὑτωσὶ
492 3399 779 3473 καταφρονητικῶς
805 3386 963 3475 ήκίσαντο
989 3389 1029 3453 τά
1051 3393 1154 3475 χωρία
1177 3389 1198 3456 δ

190 3487 362 3556 κατέλιπεν
388 3489 527 3573 Ἁγνίας.
573 3491 592 3559 ό
622 3489 659 3559 δέ
691 3496 793 3577 νόμος
823 3492 1020 3580 ἀπαγορεύει
1051 3493 1128 3580 μηδ’
1162 3495 1198 3562 ἐκ
