2656 3926
196 176 263 239 414
560 175 840 230 ΔΗΜΟΣΘΕΝΟΤΣ

157 355 183 396 ιο
196 334 251 403 καὶ
269 337 335 422 μήν
353 333 433 402 οὐδὲ
451 335 628 421 χρημάτων
645 345 753 401 ποιεῖν
771 337 881 402 εἵνεκα
898 345 1001 402 ταῦτα
1016 338 1127 402 δοκεῖν
1142 347 1222 401 τῶν

196 448 307 508 καλῶν
335 441 494 525 κάγαθῶν
524 440 623 508 ἐστιν.
676 442 753 507 οὔτε
782 442 845 527 γὰρ
880 451 937 526 τής
965 445 1220 527 μεγαλοψυχίας

197 548 272 614 οὔτε
294 556 352 631 τής
373 549 473 632 ἀλλης
499 545 722 634 προαιρέσεως
747 555 805 630 τής
832 546 991 633 ὑμετέρας
1017 546 1218 615 ἀκόλουθον
1230 569 1288 618 1477

197 652 239 719 ἀν
261 656 390 738 φανείη.
436 656 468 718 εί
493 653 556 740 γὰρ
583 653 670 738 ὑμᾶς
696 653 863 718 λύσασθαι
890 653 972 740 παρ’
996 651 1118 740 ἐτέρων
1140 655 1215 718 ἔδει

197 759 316 834 δόντας
338 756 374 824 ἐκ
396 770 463 824 τῶν
485 761 695 846 προσιόντων
716 759 756 825 τὰ
778 761 927 846 χρήματα
948 770 1062 844 ταῦτα,
1084 759 1215 836 πάντας
1293 798 1294 858 χ

197 863 239 930 ἀν
261 863 405 949 ήγοῦμαι
426 865 624 951 προθύμους
643 860 743 931 εἶναι·
765 868 889 951 τίμημα
908 863 939 931 δ’
961 865 1050 952 δρῶν
1068 865 1213 932 ἀκνοῦν-

196 992 253 1047 τας
274 969 423 1055 ἀφεῖναι,
446 970 464 1036 δ
487 968 655 1059 λέγωκαὶ
678 973 798 1060 φθόνῳ
821 968 974 1055 γέγονεν,
1000 970 1062 1036 οὐκ
1088 973 1153 1056 ἐχω
1177 975 1216 1036 τί
1294 992 1295 1038 ι

196 1087 359 1161 καταγνῶ,
375 1079 407 1142 εί
424 1077 468 1162 μή
487 1075 572 1153 ὅλως
588 1087 714 1161 πικρῶς
731 1072 787 1142 καὶ
804 1077 1003 1163 ταραχωδῶς
1021 1079 1108 1160 ἔχειν
1125 1078 1213 1158 πρὸς

196 1185 274 1260 τοὺς
304 1184 501 1267 δημοτικοὺς
531 1182 711 1268 ὡρμήκατε.
754 1184 786 1248 εί
814 1178 851 1246 δὲ
879 1178 968 1248 τοῦτ’
994 1183 1102 1265 ἔστιν,
1131 1179 1207 1248 οὔτ’

197 1289 308 1374 ὀρθῶς
331 1289 406 1354 οὔτε
429 1290 665 1375 συμφερόντως
688 1288 936 1373 [βουλεύεσθαι]
961 1285 1133 1370 ἐγνώκατε.

157 1415 182 1454 11
264 1394 425 1478 Θανμάζω
440 1389 474 1459 δ’
491 1395 522 1459 εί
534 1391 649 1478 μηδεὶς
661 1393 757 1478 ὑμῶν
770 1391 892 1477 ἐννοεί,
910 1392 961 1458 ὅτι
979 1402 1047 1458 τῶν
1061 1395 1208 1479 αἰσχρῶν
1296 1378 1297 1382 ¹

197 1500 266 1566 ἐστι
294 1502 355 1566 τὸν
382 1501 489 1583 δῆμον
516 1500 576 1564 τὸν
594 1495 801 1583 Ἀθηναίων,
831 1496 962 1565 συνέσει
990 1496 1045 1564 καὶ
1074 1500 1209 1587 παιδείᾳ

195 1606 330 1671 πάντων
359 1603 511 1690 προέχειν
542 1606 723 1687 δοκοῦντα,
759 1604 795 1681 ὃς
823 1603 878 1669 καὶ
906 1615 976 1682 τοῖς
1005 1603 1207 1691 ἀτυχήσασιν

196 1709 246 1776 ἀεὶ
264 1711 382 1794 κοινήν
401 1711 466 1795 ἔχει
486 1711 691 1794 καταφυγήν,
715 1707 1008 1796 ἀγνωμονέστερον
1025 1715 1206 1796 φαίνεσθαι

198 1818 378 1900 Φιλίππου,
400 1815 437 1892 ὃς
459 1812 683 1898 ἀνουθέτηπος
705 1815 754 1880 ὢν
776 1817 924 1901 εἰκότως,
951 1821 1086 1903 τραφείς
1107 1814 1141 1901 γ’
1168 1817 1205 1884 ἐν

157 1941 183 1980 12
197 1921 341 2009 ἐξουσίᾳ,
363 1921 451 2006 ὅμως
469 1919 552 2010 ᾤετο
571 1915 654 2006 δεῖν,
671 1919 758 2005 ἡνίκ’
779 1920 942 2007 ηὐτύχησε
961 1923 1112 2009 μάλιστα,
1134 1922 1201 1990 τότ’

196 2029 394 2115 ἀνθρώπινα
423 2027 575 2113 πράττων
604 2030 804 2112 φαίνεσθαι,
833 2026 889 2094 καὶ
918 2031 995 2106 τοὺς
1023 2029 1206 2116 παραταξα-

197 2133 332 2219 μένους,
353 2136 436 2220 πρδς
459 2133 517 2210 οὓς
538 2131 614 2216 περὶ
636 2143 703 2198 τῶν
726 2133 814 2199 ὅλων
838 2135 1121 2223 διεκινδύνευσεν,
1144 2137 1206 2204 οὐκ

197 2240 354 2324 ἐτόλμησε
378 2242 476 2324 δήσαι
499 2240 536 2305 τὸ
559 2242 661 2304 τίνων
683 2237 739 2304 καὶ
760 2243 847 2318 τίνες
870 2238 955 2307 εἰσὶν
977 2239 1141 2320 ἐξετάσας·
1164 2243 1205 2310 οὐ

196 2348 258 2432 γάρ
281 2346 326 2423 ὡς
348 2348 455 2412 ἔοικεν
478 2344 598 2428 ὁμοίως
622 2353 689 2409 τῶν
712 2343 789 2431 παρ’
815 2346 896 2430 ὑμῖν
919 2347 1069 2432 ρητόρων
1092 2348 1204 2434 ἐνίοις,

196 2453 272 2518 οὔτε
302 2446 401 2516 δίκαι’
427 2449 470 2516 ἀν
499 2445 585 2516 εἶναι
614 2452 696 2536 πρὸς
727 2452 871 2530 ἅπαντας
900 2448 991 2518 ταῦτ’
1022 2454 1099 2520 οὔτε
1128 2455 1200 2521 κάλ’

195 2558 318 2641 ήγείτο,
340 2556 423 2622 ἀλλά
445 2557 506 2640 τήν
529 2565 586 2639 τῆς
604 2554 695 2633 ἀξίας
712 2561 909 2642 προσθήκην
932 2562 1205 2644 συλλογιζόμενος

157 2681 182 2721 1⁸
196 2662 236 2727 τά
263 2659 386 2728 τοιαῦτ’
412 2660 594 2748 ἐπέκρινεν.
639 2661 733 2746 ὑμεῖς
761 2659 807 2745 δ’,
835 2664 928 2740 ὄντες
950 2662 1124 2749 Ἀθηναῖοι
1149 2665 1204 2732 καὶ

196 2769 344 2844 παιδείας
366 2766 566 2853 μετέχοντες,
587 2766 608 2852 ἢ
628 2765 683 2833 καὶ
700 2771 779 2846 τοὺς
802 2767 1025 2853 ἀναισθήτους
1046 2769 1203 2850 ἀνεκτοὺς

196 2883 304 2941 ποιεῖν
328 2875 422 2939 δοκεῖ
442 2874 621 2958 δύνασθαι,
643 2884 777 2959 πρῶτον
800 2870 876 2960 μὲν,
900 2873 918 2941 δ
940 2874 1075 2942 πάντων
1097 2875 1204 2960 ἀγνω-

196 2977 397 3066 μονέστατον
419 2979 505 3063 ἐστι,
528 2978 603 3065 περὶ
627 2973 675 3043 ὧν
697 2982 756 3046 τὸν
778 2977 888 3066 πατέρ’
915 2982 1087 3048 αίτιῶντοιί
1105 3005 1204 3068 τινες,

197 3089 273 3164 τοὺς
299 3087 383 3163 υίεῖς
410 3081 577 3168 δεδέκατε,
604 3078 674 3152 εἶτα
702 3087 739 3151 τὸ
766 3095 867 3152 ταῦτα
889 3095 998 3152 ποιεῖν
1021 3094 1095 3154 ίσον
1117 3084 1206 3155 εἷναί

196 3215 289 3278 φατε,
312 3193 422 3278 ὥσπερ
443 3186 527 3276 ὑπὲρ
550 3197 709 3276 σταδμῶν
727 3190 748 3275 ή
767 3188 894 3277 μέτρων
912 3195 949 3260 τὸ
969 3199 1044 3259 ἴσον
1062 3196 1202 3260 σκοπού-

197 3321 302 3383 μενοι,
325 3294 396 3363 ἀλλ’
425 3297 485 3382 οὐχ
512 3293 597 3382 ὑπὲρ
625 3295 758 3382 ἀνδρῶν
784 3295 1004 3384 προαιρέσεως
1030 3297 1085 3365 καὶ
1110 3304 1202 3366 πολι-

160 3421 184 3458 14
197 3408 284 3499 τείας
305 3407 559 3488 βουλευόμενοι,
587 3401 623 3468 ἐν
651 3394 700 3480 οἷς
727 3401 964 3482 ἐξεταζομένοις
990 3406 1022 3469 εί
1041 3400 1103 3488 μέν
1124 3429 1201 3491 χρη·
1212 3427 1273 3477 1478

199 3508 258 3571 στα
276 3506 331 3573 καὶ
350 3509 509 3592 δημοτικοὶ
526 3507 582 3579 καὶ
605 3507 655 3575 ἐπ’
678 3509 792 3595 εὐνοίᾳ
816 3511 856 3576 τά
874 3514 1057 3598 Λυκούργῳ
1079 3529 1201 3595 πεπρα-
