2656 3926
196 159 263 223 404
559 159 838 213 ΔΗοιουουαονΣ

197 317 317 405 ἑτέρων
344 319 440 405 χάριν
468 323 659 404 προποθείς.
705 313 778 384 ἀλλ’
804 319 880 384 οὔτε
901 320 963 403 την
990 320 1079 384 ίδίαν
1101 317 1220 401 ὀργὴν

196 424 395 510 ἀναπληρῶν
423 426 460 490 τὸ
489 432 585 510 κοινῇ
615 423 786 510 συμφέρον
817 419 909 509 οίμαι
939 426 1011 490 δεῖν
1038 423 1218 508 βλάπτειν,

197 532 272 597 ούτε
295 534 451 615 μείγνυμι
473 539 530 613 τῆς
559 531 645 608 ίδίας
674 533 797 616 ἔχθρας
825 533 873 608 είς
894 531 935 596 τὰ
957 537 1053 615 κοινῇ
1083 527 1217 614 συμφέ-

196 633 284 721 ροντ’
308 634 420 720 ούδίν,
443 633 513 701 ἀλλ’
538 633 588 721 ἐφ’
612 635 633 700 δ
656 639 733 713 τοὺς
757 637 878 714 ἄλλους
901 640 1091 722 παρακαλῶ,
1112 631 1212 700 ταῦτ’

196 741 294 819 αὐτὸς
316 748 428 826 υίομαι
450 743 523 808 δεῖν
544 751 673 826 πρῶτος
694 753 813 808 ποιεῖν.

157 867 181 906 ¹1
261 846 311 912 Αί
329 842 391 931 μὲν
413 841 475 912 οὖν
496 845 702 932 παρασκευαὶ
719 845 775 913 καὶ
794 846 814 912 δ
834 847 888 912 δεῖ
907 845 1130 933 φυλάξασθαι,
1152 843 1214 911 καὶ

195 953 216 1018 δ
237 953 391 1039 πράττων
412 975 461 1029 τις
484 951 526 1018 ἂν
548 949 618 1018 κατ’
641 951 859 1038 ἀνθρώπινον
883 954 1044 1038 λογισμὸν
1066 952 1212 1037 μάλιστα

194 1062 391 1144 κατορθοίη,
414 1059 533 1144 σχεδὸν
556 1062 707 1144 εἴρηνταί
726 1078 799 1142 μοι·
823 1069 893 1136 τοῖς
916 1055 953 1124 δέ
975 1055 1053 1124 καθ’
1079 1057 1210 1144 ἡμέραν

196 1162 416 1247 ἐπισκοτῆσαι,
438 1161 493 1230 καὶ
515 1175 584 1240 τοῖς
607 1163 644 1230 ἐκ
664 1174 725 1230 τοῦ
745 1173 941 1251 παραχρῆμα
964 1165 1210 1248 συμβαίνουσιν

156 1290 183 1330 ιε
197 1269 308 1355 ὀρθῶς
328 1276 491 1356 χρῆσθαι,
520 1267 576 1334 καὶ
598 1280 724 1352 γνῶναι
747 1272 806 1336 τὸν
831 1267 972 1336 ἑκάστου
994 1273 1129 1356 καιρόν,
1152 1267 1210 1334 καὶ
1220 1285 1284 1334 1466

195 1386 307 1462 κρῖναι
329 1378 364 1440 τί
382 1387 448 1440 τῖον
470 1376 670 1461 πραγμάτων
694 1374 727 1454 ἐξ
751 1377 880 1460 ὁμιλίας
907 1378 1057 1443 δυνατὸν
1084 1391 1210 1461 προσα-

195 1479 377 1564 γαγέσθαι,
406 1479 461 1546 καὶ
483 1484 517 1546 τί
542 1485 616 1565 βίας
644 1483 854 1568 προσδεῖται,
884 1494 952 1548 τῶν
982 1481 1210 1568 ἐφεστηκότων

195 1596 386 1670 στρατηγῶν
415 1588 515 1671 ἔργον
544 1585 622 1651 ἐστί.
674 1588 727 1652 διὸ
761 1586 817 1653 καὶ
850 1588 1082 1674 χαλεπωτάτην
1113 1586 1208 1665 τάξιν
1298 1643 1299 1654 ,

194 1693 260 1775 ἔχει
282 1691 320 1755 τὸ
343 1693 597 1775 συμβουλεύειν·
620 1693 659 1758 τά
682 1693 746 1778 γάρ
771 1693 882 1779 ὀρθῶς
903 1692 1129 1779 βουλευθέντα
1151 1691 1209 1758 καὶ

196 1794 440 1879 δοκιμασθέντα
462 1799 526 1862 σὺν
547 1801 653 1883 πολλῇ
682 1800 810 1884 σπονδη
839 1797 894 1866 καὶ
915 1803 1024 1890 πόνῳ,
1050 1799 1209 1876 πολλάκις

157 1921 181 1960 1³
194 1909 240 1990 τῷ
254 1903 333 1979 τοὺς
346 1901 540 1980 ἐπιστάντος
558 1904 665 1980 άλλως
682 1906 872 1990 χρησασθαι
886 1906 1104 1990 διελυμάνθη.
1138 1914 1205 1970 νῦν

194 2005 307 2093 μέντοι
323 2005 426 2074 πάνθ’
449 2009 534 2088 ἕξειν
552 2015 659 2088 καλῶς
677 2010 803 2090 ἐλπίζω.
845 2009 901 2076 καὶ
920 2012 983 2098 γάρ
1001 2017 1036 2076 εῖ
1048 2034 1098 2087 τις
1114 2009 1206 2075 ὑπεί-

194 2119 300 2198 ληφεν
326 2114 446 2201 εὐτυχῆ
473 2117 533 2182 τὸν
552 2115 771 2202 Ἀλέξανδρον
797 2125 843 2204 τῷ
871 2117 978 2182 πάντα
1004 2122 1205 2202 κατορθοῦν,

192 2219 302 2285 έκεῖνο
320 2221 524 2306 λογισάσθω,
547 2221 599 2286 ὅτι
616 2221 769 2308 πράττων
787 2221 842 2288 καὶ
860 2233 974 2290 πονῶν
991 2220 1046 2287 καὶ
1062 2227 1204 2305 τολμῶν,

195 2324 270 2412 ούχὶ
292 2328 480 2410 καθήμενος
501 2326 644 2413 ηὐτύχει.
689 2337 755 2394 νῦν
777 2333 893 2394 τοίνυν
920 2334 1101 2404 τεθνεῶτος
1124 2327 1203 2393 ἐκεί-

156 2450 181 2488 14
194 2456 258 2498 νου
288 2435 376 2515 ζητεῖ
401 2455 494 2508 τινας
519 2431 540 2515 ἡ
567 2433 648 2517 τύχη
679 2429 755 2517 μεθ’
782 2427 830 2499 ὧν
861 2437 959 2498 ἔσται.
1003 2434 1140 2509 τούτους
1169 2430 1199 2498 δ’

194 2537 280 2620 ὑμᾶς
302 2538 356 2603 δεῖ
376 2535 542 2621 γενέσθαι.
588 2538 665 2614 τούς
682 2535 718 2602 θ’
741 2537 916 2624 ἡγεμόνας,
940 2535 984 2604 δι’
1008 2531 1055 2603 ὧν
1078 2535 1200 2621 ἀνάγκη

194 2643 234 2708 τὰ
263 2644 436 2730 πράγματα
464 2643 687 2729 πράττεσθαι,
722 2643 766 2720 ὡς
799 2644 1037 2720 εὐνουστάτους
1066 2640 1119 2708 ἐπὶ
1147 2643 1202 2719 τὰς

195 2748 351 2832 δυνάμεις
370 2747 533 2833 ἐφίστατε·
557 2745 611 2812 καὶ
630 2747 649 2812 ὅ
668 2771 700 2828 τι
717 2761 827 2816 ποιεῖν
845 2749 942 2826 αὐτὸς
959 2747 1093 2825 ἕκαστος
1110 2748 1200 2833 ὑμῶν

195 2856 371 2938 δυνήσεται
398 2851 453 2919 καὶ
480 2855 694 2939 βουλήσεται,
721 2864 819 2920 τοῦτο
845 2857 927 2940 πρὸς
954 2854 1056 2920 αὑτὸν
1083 2854 1198 2920 είπάτω

194 2958 248 3025 καί
276 2956 484 3044 ὑποσχέσθω.
529 2958 584 3025 καὶ
612 2956 707 3025 τοῦθ’
740 2959 829 3036 ὅπως
854 2961 899 3044 μὴ
925 2961 1096 3043 ψεύσεται,
1123 2956 1195 3044 μηδ’

194 3064 417 3150 ἐξηπατῆσθαι
435 3060 518 3150 Ιμηδὲ
531 3071 710 3149 πεισθῆναι
723 3064 988 3153 παρακρουσθεὶς
1001 3067 1108 3152 φύσας
1126 3065 1199 3131 άνα-

156 3189 180 3230 15
195 3172 337 3236 δύσεται.
383 3171 427 3247 ὡς
449 3171 510 3254 τὴν
532 3172 662 3236 ἔκδειαν
691 3163 738 3236 ὧν
761 3169 803 3236 διν
830 3169 980 3256 ἐλλίπηθ’
1007 3171 1115 3256 ὑμεῖς,
1143 3170 1198 3257 οὐχ

193 3277 347 3361 εὑρήσετε
376 3277 454 3352 τοὺς
474 3275 790 3361 ,άναπληρύσοντας
818 3273 897 3342 οὐδὲ
923 3279 982 3344 τὸν
1010 3276 1111 3343 αὐτὸν
1138 3279 1199 3362 ἔχει

193 3383 369 3466 κίνδυνον,
396 3379 472 3466 περὶ
495 3375 542 3446 ὧν
565 3376 617 3465 ἐφ’
644 3381 724 3466 ύμῖν
747 3380 836 3446 ἐστιν
859 3381 947 3458 ὅπως
969 3381 1011 3447 άν
1033 3382 1196 3465 βούλησθε

193 3484 312 3570 πρᾶξαι
326 3487 627 3572 μεταβουλεύεσθαι
640 3487 807 3572 πολλάκις,
825 3486 880 3553 καὶ
897 3484 971 3574 περὶ
985 3481 1033 3553 ὧν
1046 3485 1088 3551 άν
1102 3485 1194 3574 ἐνστῇ
