2650 3918
196 211 262 276 342
495 213 567 267 m
594 209 898 283 [ΔΗυοΣοουουτ]

194 372 361 438 τῶνάνω
389 381 512 456 τιμῶν,
540 372 679 448 τούτους
705 379 746 458 τῇ
777 369 858 458 δύξη
885 373 1210 457 καταμαντευόμενοι

196 477 291 544 κάκεῐ
314 487 382 542 τών
408 476 519 543 αὐτῶν
544 488 650 561 τιμῶν
680 474 841 561 ἡγούμεθ’
873 477 995 554 αύτούς
1019 476 1209 563 τυγχάνειν.

156 602 183 644 ιε
196 585 272 648 ἔστι
291 576 352 665 μὶν
380 575 443 646 οὖν
469 587 549 657 ίσως
575 577 719 666 χαλεπὸν
749 581 808 658 τάς
837 583 1007 666 παρούσας
1033 584 1210 668 συμφοράς

195 689 284 775 λόγῳ
310 689 481 771 κουφίσαι·
509 687 564 752 δεῖ
587 683 618 752 δ’
648 685 739 771 ὅμως
767 693 947 772 πειρᾶσθαι
973 686 1041 754 καὶΙ
1056 691 1138 774 πρὸς
1163 690 1208 755 τὰ

194 801 449 878 παρηγοροῦντα
469 789 602 877 τρέπειν
627 791 689 876 τήν
714 795 843 878 ψυχήν,
869 792 915 870 ἀς
935 795 1014 871 τοὺς
1034 795 1208 872 τοιούτους

195 898 321 984 ἀνδρας
339 900 580 982 ’γεγεννηκότας
606 895 662 962 καὶ
688 899 875 984 πεφυκότας
895 898 1017 976 αὐτοὺς
1038 897 1075 965 ἐκ
1096 901 1207 967 τοιού-

194 1026 263 1070 των
295 1001 436 1090 ἑτέρων,
472 1006 574 1070 καλόν
610 1002 680 1069 ἐστι
714 1004 755 1070 τά
786 1000 869 1070 δείν’
904 993 1207 1091 εὐσχημονέστερον

196 1120 264 1175 τῶν
285 1111 397 1176 ἀλλων
418 1107 582 1196 φέροντας
608 1110 753 1193 ὁρᾶσθαι
779 1107 835 1174 καὶ
861 1110 949 1197 πάση
976 1112 1058 1198 τύχη
1080 1109 1208 1198 χρωμέ-

157 1237 278 1294 ιινους
307 1217 443 1300 ὁμοίους
472 1211 567 1282 εἶναι.
613 1213 669 1281 καί
698 1215 761 1301 γάρ
794 1213 932 1294 ἐκείνοις
959 1213 1050 1283 ταῦτ’
1083 1216 1126 1284 ἀν
1144 1223 1206 1300 ἐἴη

197 1319 324 1407 μάλιστ’
335 1320 390 1388 ’ἀν
417 1324 530 1411 κόσμφ
559 1318 614 1387 καὶ
642 1329 739 1406 τιμή,
767 1318 824 1388 καὶ
852 1322 940 1408 πάση
968 1331 1008 1408 τῇ
1034 1313 1130 1392 πόλει
1151 1320 1208 1388 καὶ

116 1463 118 1468 ·
196 1438 266 1505 τοῖς
289 1430 366 1508 ζῶσι
387 1421 478 1493 ταῦτ’
503 1426 546 1493 ἀν
573 1425 702 1510 ἐνέγκοι
727 1429 884 1510 πλείστην
910 1427 1075 1506 εὐδοξίαν.
1112 1433 1208 1513 χαλε·

196 1534 263 1598 πὸν
283 1530 382 1618 πατρὶ
403 1530 459 1598 καλ
481 1530 580 1619 μητρὶ
606 1534 736 1598 παίδων
763 1539 965 1618 στερηθῆναι
991 1531 1048 1599 καλ
1074 1531 1208 1618 ἐρήμοις

196 1633 368 1704 εἶναιτῶν
386 1637 596 1704 οἰκειοτάτων
613 1639 845 1724 γηροτρόφων·
868 1638 992 1722 σεμνὸν
1014 1635 1055 1704 δέ
1073 1634 1104 1722 γ’
1126 1636 1208 1723 ἀγή-

197 1764 263 1828 ρως
288 1742 383 1826 τιμάς
409 1741 465 1808 καὶ
496 1745 630 1828 μνήμην
661 1742 779 1829 ἀρετῆς
801 1744 953 1831 ’δημοσίμ
983 1740 1207 1829 κτησαμένους

198 1846 340 1933 ἐπιδεῖν,
366 1845 421 1914 καὶ
447 1854 580 1914 θυσιῶν
605 1845 661 1914 καί
685 1847 828 1932 ἀγώνων
854 1847 1058 1934 ἠξιωμένους
1079 1847 1206 1916 ἀθανά-

157 1976 274 2036 εττων.
315 1955 466 2041 λυπηρὸν
494 1950 609 2020 παισὶν
643 1952 804 2040 ὀρφανοῖς
836 1960 1038 2039 γεγενῆσθαι
1069 1956 1204 2040 πατρός·

196 2060 300 2126 καλὸν
322 2057 364 2125 δέ
382 2081 420 2144 γε
446 2063 667 2146 κληρονομεῖν
692 2056 845 2146 πατρῴας
871 2056 1030 2137 εὐδοξίας.
1068 2057 1123 2126 καλ
1143 2070 1205 2126 τοῦ

196 2161 259 2250 μὲν
287 2170 438 2251 λυπηροῦ
470 2165 590 2232 τούτου
622 2166 683 2232 τὸν
717 2161 848 2250 δαίμον’
881 2170 988 2232 αἴτιον
1021 2163 1205 2251 εὑρήσομεν

197 2271 295 2356 ὄντα,
323 2265 350 2360 ᾧ
379 2272 507 2358 φύντας
534 2268 735 2357 ἀνθρώπους
768 2276 869 2337 είκειν
903 2269 1050 2354 ἀνάγκη,
1066 2281 1139 2340 ’τοῦ
1167 2267 1204 2336 δὲ

196 2380 307 2460 τιμίου
324 2375 380 2443 καὶ
397 2382 501 2444 καλοῦ
518 2377 580 2460 τήν
597 2387 665 2442 τῶν
681 2375 913 2461 ἐθελησάντων
931 2380 1038 2452 καλῶς
1055 2373 1205 2463 ἀποθνή-

196 2498 288 2548 σκειν
308 2483 447 2568 αἵρεσιν.

258 2583 342 2671 Ἐγώ
370 2583 430 2672 μὲν
458 2582 521 2654 οὖν
548 2587 609 2673 οὐχ
636 2588 725 2666 ὅπως
748 2587 858 2654 πολλὰ
880 2585 979 2672 λέξω,
1000 2583 1087 2654 τοῦτ’
1113 2583 1203 2652 ἐσκε-

195 2692 325 2776 ψάμην,
345 2689 417 2758 ἀλλ’
438 2692 527 2772 ὅπως
546 2693 685 2778 τάληθῆ.
720 2693 815 2778 ὑμεῖς
835 2689 865 2757 δ’
885 2692 1129 2779 ἀποδυράμενοι
1146 2690 1204 2757 καὶ

195 2797 235 2862 τά
256 2795 464 2882 προσήκονθ’
491 2799 536 2877 ὡς
561 2801 624 2887 χρή
651 2796 707 2865 καὶ
733 2801 858 2884 νόμιμα
884 2801 1079 2885 ποιήσαντες
1099 2799 1203 2864 ἀτιτε.

524 3167 526 3172 .
658 3124 745 3193 LXI.

561 3263 838 3340 ΕΡΩΤΙΚΟΣ.

256 3431 344 3502 Ἀλλ’
372 3435 544 3521 ἐπειδήπερ
573 3434 708 3502 ἀκούειν
734 3438 847 3521 βούλει
874 3445 934 3502 τοῦ
960 3439 1079 3520 λόγου,
1106 3433 1203 3514 δείξω
1213 3447 1274 3500 1401

195 3553 248 3603 σοι
265 3538 322 3605 καὶ
339 3539 582 3625 ἀναγνώσομαι.
619 3543 674 3606 δεῖ
690 3539 730 3608 δέ
746 3559 783 3608 σε
805 3544 866 3627 τήν
888 3544 1081 3627 προαίρεσιν
1099 3541 1204 3616 αὐτοῦ
1316 3627 1318 3634 y
