<?xml version="1.0" encoding="UTF-8"?>
<!DOCTYPE html PUBLIC "-//W3C//DTD XHTML 1.0 Transitional//EN"
    "http://www.w3.org/TR/xhtml1/DTD/xhtml1-transitional.dtd">
<html xmlns="http://www.w3.org/1999/xhtml" xml:lang="en" lang="en">
 <head>
  <title>
</title>
<meta http-equiv="Content-Type" content="text/html;charset=utf-8" />
  <meta name='ocr-system' content='tesseract 3.04.00' />
  <meta name='ocr-capabilities' content='ocr_page ocr_carea ocr_par ocr_line ocrx_word'/>
</head>
<body>
  <div class='ocr_page' id='page_1' title='image "./orationes01demogoog_0379.png"; bbox 0 0 2650 3918; ppageno 0'>
   <div class='ocr_carea' id='block_1_1' title="bbox 203 145 928 221">
    <p class='ocr_par' dir='ltr' id='par_1_1' title="bbox 203 145 928 221">
     <span class='ocr_line' id='line_1_1' title="bbox 203 145 928 221; baseline -0.021 -9"><span class='ocrx_word' id='word_1_1' title='bbox 203 146 268 221; x_wconf 83' lang='grc'><strong><em>286</em></strong></span> <span class='ocrx_word' id='word_1_2' title='bbox 496 149 592 202; x_wconf 69' lang='grc' dir='ltr'><strong><em>ιντο.</em></strong></span> <span class='ocrx_word' id='word_1_3' title='bbox 622 145 928 216; x_wconf 64' lang='lat' dir='ltr'><strong><em>[mmmmm]</em></strong></span> 
     </span>
    </p>
   </div>
   <div class='ocr_carea' id='block_1_2' title="bbox 98 302 1302 3580">
    <p class='ocr_par' dir='ltr' id='par_1_2' title="bbox 98 302 1302 3580">
     <span class='ocr_line' id='line_1_2' title="bbox 203 302 1224 395; baseline -0.002 -21"><span class='ocrx_word' id='word_1_4' title='bbox 203 308 346 388; x_wconf 76' lang='grc' dir='ltr'><strong><em>ἐκτείσας</em></strong></span> <span class='ocrx_word' id='word_1_5' title='bbox 364 318 403 395; x_wconf 77' lang='grc' dir='ltr'><strong><em>τη</em></strong></span> <span class='ocrx_word' id='word_1_6' title='bbox 421 312 515 376; x_wconf 88' lang='grc' dir='ltr'><strong><em>πόλει</em></strong></span> <span class='ocrx_word' id='word_1_7' title='bbox 534 308 571 374; x_wconf 89' lang='grc' dir='ltr'><strong><em>τὸ</em></strong></span> <span class='ocrx_word' id='word_1_8' title='bbox 590 303 710 391; x_wconf 78' lang='grc' dir='ltr'><strong><em>ὄφλημ’</em></strong></span> <span class='ocrx_word' id='word_1_9' title='bbox 737 306 928 393; x_wconf 78' lang='grc' dir='ltr'><strong><em>ἐξαλειφθῇ,</em></strong></span> <span class='ocrx_word' id='word_1_10' title='bbox 951 302 1037 374; x_wconf 84' lang='grc' dir='ltr'><strong><em>εἶναι</em></strong></span> <span class='ocrx_word' id='word_1_11' title='bbox 1058 305 1128 373; x_wconf 87' lang='grc' dir='ltr'><strong><em>κατ’</em></strong></span> <span class='ocrx_word' id='word_1_12' title='bbox 1159 307 1224 372; x_wconf 87' lang='grc' dir='ltr'><strong><em>αύ-</em></strong></span> 
     </span>
     <span class='ocr_line' id='line_1_3' title="bbox 202 401 1224 501; baseline 0.001 -22"><span class='ocrx_word' id='word_1_13' title='bbox 202 425 263 482; x_wconf 87' lang='grc' dir='ltr'><strong><em>τοῦ</em></strong></span> <span class='ocrx_word' id='word_1_14' title='bbox 284 417 342 493; x_wconf 90' lang='grc' dir='ltr'><strong><em>τάς</em></strong></span> <span class='ocrx_word' id='word_1_15' title='bbox 371 415 500 501; x_wconf 87' lang='grc' dir='ltr'><strong><em>γραφάς</em></strong></span> <span class='ocrx_word' id='word_1_16' title='bbox 521 416 604 500; x_wconf 88' lang='grc' dir='ltr'><strong><em>πρὸς</em></strong></span> <span class='ocrx_word' id='word_1_17' title='bbox 626 417 704 490; x_wconf 82' lang='grc' dir='ltr'><strong><em>τοὺς</em></strong></span> <span class='ocrx_word' id='word_1_18' title='bbox 725 401 931 497; x_wconf 79' lang='grc' dir='ltr'><strong><em>θεσμοθέτας</em></strong></span> <span class='ocrx_word' id='word_1_19' title='bbox 952 423 1012 480; x_wconf 87' lang='grc' dir='ltr'><strong><em>τοῦ</em></strong></span> <span class='ocrx_word' id='word_1_20' title='bbox 1036 413 1224 501; x_wconf 78' lang='grc' dir='ltr'><em>ἀγραφίου,</em></span> 
     </span>
     <span class='ocr_line' id='line_1_4' title="bbox 203 517 1222 607; baseline 0.002 -21"><span class='ocrx_word' id='word_1_21' title='bbox 203 519 258 586; x_wconf 87' lang='grc' dir='ltr'><strong><em>καλ</em></strong></span> <span class='ocrx_word' id='word_1_22' title='bbox 286 521 328 587; x_wconf 92' lang='grc' dir='ltr'><strong><em>ού</em></strong></span> <span class='ocrx_word' id='word_1_23' title='bbox 357 521 439 591; x_wconf 86' lang='grc' dir='ltr'><strong><em>κατά</em></strong></span> <span class='ocrx_word' id='word_1_24' title='bbox 467 530 527 588; x_wconf 88' lang='grc' dir='ltr'><strong><em>τοῦ</em></strong></span> <span class='ocrx_word' id='word_1_25' title='bbox 556 520 749 606; x_wconf 79' lang='grc' dir='ltr'><strong><em>ὀφείλοντος</em></strong></span> <span class='ocrx_word' id='word_1_26' title='bbox 776 517 832 586; x_wconf 87' lang='grc' dir='ltr'><strong><em>καλ</em></strong></span> <span class='ocrx_word' id='word_1_27' title='bbox 858 520 903 604; x_wconf 83' lang='grc' dir='ltr'><strong><em>μη</em></strong></span> <span class='ocrx_word' id='word_1_28' title='bbox 933 518 1222 607; x_wconf 77' lang='grc' dir='ltr'><strong><em>ἐγγεγραμμένον,</em></strong></span> 
     </span>
     <span class='ocr_line' id='line_1_5' title="bbox 203 623 1222 713; baseline -0.003 -21"><span class='ocrx_word' id='word_1_29' title='bbox 203 623 275 692; x_wconf 82' lang='grc' dir='ltr'><strong><em>ἀλλ’</em></strong></span> <span class='ocrx_word' id='word_1_30' title='bbox 298 625 440 705; x_wconf 74' lang='grc' dir='ltr'><strong><em>ἔνδειξιν</em></strong></span> <span class='ocrx_word' id='word_1_31' title='bbox 459 627 585 694; x_wconf 82' lang='grc' dir='ltr'><strong><em>κελεύει</em></strong></span> <span class='ocrx_word' id='word_1_32' title='bbox 602 625 657 694; x_wconf 80' lang='grc' dir='ltr'><strong><em>καὶ</em></strong></span> <span class='ocrx_word' id='word_1_33' title='bbox 680 627 781 702; x_wconf 86' lang='grc' dir='ltr'><strong><em>άλλας</em></strong></span> <span class='ocrx_word' id='word_1_34' title='bbox 803 630 960 713; x_wconf 79' lang='grc' dir='ltr'><strong><em>τιμωρίας</em></strong></span> <span class='ocrx_word' id='word_1_35' title='bbox 981 627 1063 692; x_wconf 86' lang='grc' dir='ltr'><strong><em>κατά</em></strong></span> <span class='ocrx_word' id='word_1_36' title='bbox 1085 626 1222 694; x_wconf 87' lang='grc' dir='ltr'><strong><em>τούτων</em></strong></span> 
     </span>
     <span class='ocr_line' id='line_1_6' title="bbox 203 727 1221 817; baseline -0.001 -20"><span class='ocrx_word' id='word_1_37' title='bbox 203 727 299 798; x_wconf 79' lang='grc' dir='ltr'><strong><em>εἶναι.</em></strong></span> <span class='ocrx_word' id='word_1_38' title='bbox 336 732 420 799; x_wconf 87' lang='grc' dir='ltr'><strong><em>άλλά</em></strong></span> <span class='ocrx_word' id='word_1_39' title='bbox 443 735 485 800; x_wconf 86' lang='grc' dir='ltr'><strong><em>σύ</em></strong></span> <span class='ocrx_word' id='word_1_40' title='bbox 508 736 543 798; x_wconf 93' lang='grc' dir='ltr'><strong><em>τί</em></strong></span> <span class='ocrx_word' id='word_1_41' title='bbox 563 733 730 809; x_wconf 72' lang='grc' dir='ltr'><strong><em>διδάσκεις</em></strong></span> <span class='ocrx_word' id='word_1_42' title='bbox 753 755 792 817; x_wconf 90' lang='grc' dir='ltr'><strong><em>με</em></strong></span> <span class='ocrx_word' id='word_1_43' title='bbox 814 733 939 809; x_wconf 90' lang='grc' dir='ltr'><strong><em>πάντας</em></strong></span> <span class='ocrx_word' id='word_1_44' title='bbox 960 734 1039 808; x_wconf 85' lang='grc' dir='ltr'><strong><em>τοὺς</em></strong></span> <span class='ocrx_word' id='word_1_45' title='bbox 1060 733 1221 817; x_wconf 76' lang='grc' dir='ltr'><strong><em>τρόπους,</em></strong></span> 
     </span>
     <span class='ocr_line' id='line_1_7' title="bbox 204 835 1221 932; baseline -0.001 -29"><span class='ocrx_word' id='word_1_46' title='bbox 204 838 262 915; x_wconf 85' lang='grc' dir='ltr'><strong><em>οὓς</em></strong></span> <span class='ocrx_word' id='word_1_47' title='bbox 284 837 388 917; x_wconf 80' lang='grc' dir='ltr'><strong><em>έξεστι</em></strong></span> <span class='ocrx_word' id='word_1_48' title='bbox 410 844 628 932; x_wconf 77' lang='grc' dir='ltr'><strong><em>τιμωρεῖσθαι</em></strong></span> <span class='ocrx_word' id='word_1_49' title='bbox 645 840 723 915; x_wconf 84' lang='grc' dir='ltr'><strong><em>τοὺς</em></strong></span> <span class='ocrx_word' id='word_1_50' title='bbox 739 837 894 925; x_wconf 75' lang='grc' dir='ltr'><strong><em>ἐχθρούς,</em></strong></span> <span class='ocrx_word' id='word_1_51' title='bbox 916 835 988 912; x_wconf 79' lang='grc' dir='ltr'><strong><em>ἀλλ’</em></strong></span> <span class='ocrx_word' id='word_1_52' title='bbox 1007 838 1047 906; x_wconf 91' lang='grc' dir='ltr'><strong><em>ού</em></strong></span> <span class='ocrx_word' id='word_1_53' title='bbox 1070 835 1147 902; x_wconf 75' lang='grc' dir='ltr'><strong><em>καθ’</em></strong></span> <span class='ocrx_word' id='word_1_54' title='bbox 1178 836 1221 902; x_wconf 83' lang='grc' dir='ltr'><strong><em>ὃν</em></strong></span> 
     </span>
     <span class='ocr_line' id='line_1_8' title="bbox 203 943 915 1030; baseline 0.001 -21"><span class='ocrx_word' id='word_1_55' title='bbox 203 946 437 1030; x_wconf 77' lang='grc' dir='ltr'><strong><em>είσεληλυδας,</em></strong></span> <span class='ocrx_word' id='word_1_56' title='bbox 459 955 578 1013; x_wconf 87' lang='grc' dir='ltr'><strong><em>τοῦτον</em></strong></span> <span class='ocrx_word' id='word_1_57' title='bbox 601 943 766 1030; x_wconf 72' lang='grc' dir='ltr'><strong><em>άπολογῇς</em></strong></span> <span class='ocrx_word' id='word_1_58' title='bbox 912 1023 915 1026; x_wconf 22' lang='lat'>¹</span> 
     </span>
     <span class='ocr_line' id='line_1_9' title="bbox 163 1044 1283 1138; baseline -0.002 -20"><span class='ocrx_word' id='word_1_59' title='bbox 163 1067 189 1108; x_wconf 76' lang='lat'><strong><em>⁶³</em></strong></span> <span class='ocrx_word' id='word_1_60' title='bbox 269 1055 463 1138; x_wconf 76' lang='grc' dir='ltr'><strong><em>Μοιροκλῆς</em></strong></span> <span class='ocrx_word' id='word_1_61' title='bbox 491 1054 606 1116; x_wconf 86' lang='grc' dir='ltr'><strong><em>τοίνυν</em></strong></span> <span class='ocrx_word' id='word_1_62' title='bbox 634 1044 660 1114; x_wconf 80' lang='grc' dir='ltr'><em>ὦ</em></span> <span class='ocrx_word' id='word_1_63' title='bbox 688 1051 808 1136; x_wconf 84' lang='grc' dir='ltr'><strong><em>ἄνδρες</em></strong></span> <span class='ocrx_word' id='word_1_64' title='bbox 836 1051 1005 1135; x_wconf 90' lang='grc' dir='ltr'><strong><em>δικασταί,</em></strong></span> <span class='ocrx_word' id='word_1_65' title='bbox 1037 1049 1055 1116; x_wconf 88' lang='grc' dir='ltr'><strong>ὁ</strong></span> <span class='ocrx_word' id='word_1_66' title='bbox 1082 1051 1121 1116; x_wconf 91' lang='grc' dir='ltr'><strong><em>τὸ</em></strong></span> <span class='ocrx_word' id='word_1_67' title='bbox 1153 1052 1283 1133; x_wconf 55' lang='lat' dir='ltr'><strong><em>anf-13³9</em></strong></span> 
     </span>
     <span class='ocr_line' id='line_1_10' title="bbox 203 1155 1219 1243; baseline 0 -21"><span class='ocrx_word' id='word_1_68' title='bbox 203 1173 308 1242; x_wconf 87' lang='grc' dir='ltr'><strong><em>φισμα</em></strong></span> <span class='ocrx_word' id='word_1_69' title='bbox 337 1158 465 1243; x_wconf 83' lang='grc' dir='ltr'><strong><em>γράψας</em></strong></span> <span class='ocrx_word' id='word_1_70' title='bbox 494 1157 581 1224; x_wconf 78' lang='grc' dir='ltr'><strong><em>κατά,</em></strong></span> <span class='ocrx_word' id='word_1_71' title='bbox 604 1167 672 1224; x_wconf 79' lang='grc' dir='ltr'><strong><em>τῶν</em></strong></span> <span class='ocrx_word' id='word_1_72' title='bbox 701 1159 778 1234; x_wconf 86' lang='grc' dir='ltr'><strong><em>τοὺς</em></strong></span> <span class='ocrx_word' id='word_1_73' title='bbox 801 1156 969 1243; x_wconf 76' lang='grc' dir='ltr'><strong><em>Ιἐμπόρους</em></strong></span> <span class='ocrx_word' id='word_1_74' title='bbox 996 1155 1219 1240; x_wconf 83' lang='grc' dir='ltr'><strong><em>ἀδικούντων,</em></strong></span> 
     </span>
     <span class='ocr_line' id='line_1_11' title="bbox 203 1260 1218 1348; baseline 0 -20"><span class='ocrx_word' id='word_1_75' title='bbox 203 1261 259 1328; x_wconf 87' lang='grc' dir='ltr'><strong><em>καλ</em></strong></span> <span class='ocrx_word' id='word_1_76' title='bbox 281 1266 396 1340; x_wconf 82' lang='grc' dir='ltr'><strong><em>πείσας</em></strong></span> <span class='ocrx_word' id='word_1_77' title='bbox 418 1263 459 1329; x_wconf 89' lang='grc' dir='ltr'><strong><em>ού</em></strong></span> <span class='ocrx_word' id='word_1_78' title='bbox 482 1265 587 1347; x_wconf 87' lang='grc' dir='ltr'><strong><em>μόνον</em></strong></span> <span class='ocrx_word' id='word_1_79' title='bbox 614 1262 700 1346; x_wconf 82' lang='grc' dir='ltr'><strong><em>ὑμᾶς</em></strong></span> <span class='ocrx_word' id='word_1_80' title='bbox 729 1260 813 1327; x_wconf 84' lang='grc' dir='ltr'><strong><em>άλλά</em></strong></span> <span class='ocrx_word' id='word_1_81' title='bbox 835 1260 990 1339; x_wconf 86' lang='grc' dir='ltr'><strong><em>καὶτοὺς</em></strong></span> <span class='ocrx_word' id='word_1_82' title='bbox 1013 1261 1218 1348; x_wconf 74' lang='grc' dir='ltr'><strong><em>συμμάχους,</em></strong></span> 
     </span>
     <span class='ocr_line' id='line_1_12' title="bbox 203 1363 1221 1455; baseline 0 -22"><span class='ocrx_word' id='word_1_83' title='bbox 203 1372 357 1455; x_wconf 79' lang='grc' dir='ltr'><strong><em>φυλακην</em></strong></span> <span class='ocrx_word' id='word_1_84' title='bbox 386 1392 461 1434; x_wconf 91' lang='grc' dir='ltr'><strong><em>τινα</em></strong></span> <span class='ocrx_word' id='word_1_85' title='bbox 496 1379 563 1433; x_wconf 80' lang='grc' dir='ltr'><strong><em>τῶν</em></strong></span> <span class='ocrx_word' id='word_1_86' title='bbox 591 1369 868 1454; x_wconf 73' lang='grc' dir='ltr'><strong><em>κακουργούντων</em></strong></span> <span class='ocrx_word' id='word_1_87' title='bbox 899 1370 1122 1452; x_wconf 72' lang='grc' dir='ltr'><strong><em>ποιήσασθαι,</em></strong></span> <span class='ocrx_word' id='word_1_88' title='bbox 1155 1363 1221 1433; x_wconf 80' lang='grc' dir='ltr'><strong><em>ούκ</em></strong></span> 
     </span>
     <span class='ocr_line' id='line_1_13' title="bbox 204 1469 1219 1560; baseline -0.001 -21"><span class='ocrx_word' id='word_1_89' title='bbox 204 1477 405 1560; x_wconf 81' lang='grc' dir='ltr'><strong><em>αίσχυνείται</em></strong></span> <span class='ocrx_word' id='word_1_90' title='bbox 424 1473 539 1538; x_wconf 83' lang='grc' dir='ltr'><strong><em>αὐτίκα</em></strong></span> <span class='ocrx_word' id='word_1_91' title='bbox 557 1473 645 1558; x_wconf 91' lang='grc' dir='ltr'><strong><em>μάλα</em></strong></span> <span class='ocrx_word' id='word_1_92' title='bbox 667 1471 773 1557; x_wconf 90' lang='grc' dir='ltr'><strong><em>λέγων</em></strong></span> <span class='ocrx_word' id='word_1_93' title='bbox 794 1469 878 1560; x_wconf 71' lang='grc' dir='ltr'><strong><em>ὑπὲρ</em></strong></span> <span class='ocrx_word' id='word_1_94' title='bbox 898 1476 1099 1560; x_wconf 80' lang='grc' dir='ltr'><strong><em>Θεοκρίνους</em></strong></span> <span class='ocrx_word' id='word_1_95' title='bbox 1121 1471 1219 1539; x_wconf 88' lang='grc' dir='ltr'><strong><em>έναν-</em></strong></span> 
     </span>
     <span class='ocr_line' id='line_1_14' title="bbox 164 1577 1219 1665; baseline 0.002 -21"><span class='ocrx_word' id='word_1_96' title='bbox 164 1597 191 1638; x_wconf 71' lang='lat'><strong><em>54</em></strong></span> <span class='ocrx_word' id='word_1_97' title='bbox 204 1584 257 1644; x_wconf 93' lang='grc' dir='ltr'><strong><em>τία</em></strong></span> <span class='ocrx_word' id='word_1_98' title='bbox 289 1589 358 1655; x_wconf 85' lang='grc' dir='ltr'><strong><em>τοϊς</em></strong></span> <span class='ocrx_word' id='word_1_99' title='bbox 389 1577 508 1645; x_wconf 82' lang='grc' dir='ltr'><strong><em>ἑαυτοῦ</em></strong></span> <span class='ocrx_word' id='word_1_100' title='bbox 535 1583 762 1665; x_wconf 78' lang='grc' dir='ltr'><strong><em>ψηφίσμασιν,</em></strong></span> <span class='ocrx_word' id='word_1_101' title='bbox 791 1578 875 1644; x_wconf 84' lang='grc' dir='ltr'><strong><em>άλλά</em></strong></span> <span class='ocrx_word' id='word_1_102' title='bbox 902 1583 1058 1665; x_wconf 74' lang='grc' dir='ltr'><strong><em>τολμήσει</em></strong></span> <span class='ocrx_word' id='word_1_103' title='bbox 1083 1583 1219 1646; x_wconf 72' lang='grc' dir='ltr'><strong><em>πείθειν</em></strong></span> 
     </span>
     <span class='ocr_line' id='line_1_15' title="bbox 203 1683 1219 1774; baseline 0 -24"><span class='ocrx_word' id='word_1_104' title='bbox 203 1685 300 1769; x_wconf 80' lang='grc' dir='ltr'><strong><em>ὑμᾶς,</em></strong></span> <span class='ocrx_word' id='word_1_105' title='bbox 322 1684 366 1762; x_wconf 83' lang='grc' dir='ltr'><strong><em>ὡς</em></strong></span> <span class='ocrx_word' id='word_1_106' title='bbox 383 1686 446 1770; x_wconf 82' lang='grc' dir='ltr'><strong><em>χρη</em></strong></span> <span class='ocrx_word' id='word_1_107' title='bbox 465 1687 525 1751; x_wconf 88' lang='grc' dir='ltr'><strong><em>τὸν</em></strong></span> <span class='ocrx_word' id='word_1_108' title='bbox 545 1685 632 1751; x_wconf 81' lang='grc' dir='ltr'><strong><em>οὕτω</em></strong></span> <span class='ocrx_word' id='word_1_109' title='bbox 650 1695 801 1774; x_wconf 82' lang='grc' dir='ltr'><strong><em>φανερῶς</em></strong></span> <span class='ocrx_word' id='word_1_110' title='bbox 825 1683 1077 1770; x_wconf 77' lang='grc' dir='ltr'><strong><em>ἐξεληλεγμένον</em></strong></span> <span class='ocrx_word' id='word_1_111' title='bbox 1100 1685 1219 1772; x_wconf 82' lang='grc' dir='ltr'><strong><em>φάσεις</em></strong></span> 
     </span>
     <span class='ocr_line' id='line_1_16' title="bbox 203 1789 1217 1878; baseline 0 -21"><span class='ocrx_word' id='word_1_112' title='bbox 203 1791 406 1874; x_wconf 84' lang='grc' dir='ltr'><strong><em>ποιούμενον</em></strong></span> <span class='ocrx_word' id='word_1_113' title='bbox 424 1789 560 1868; x_wconf 88' lang='grc' dir='ltr'><strong><em>άδίκους</em></strong></span> <span class='ocrx_word' id='word_1_114' title='bbox 577 1791 659 1856; x_wconf 82' lang='grc' dir='ltr'><strong><em>κατά</em></strong></span> <span class='ocrx_word' id='word_1_115' title='bbox 676 1799 743 1856; x_wconf 80' lang='grc' dir='ltr'><strong><em>τῶν</em></strong></span> <span class='ocrx_word' id='word_1_116' title='bbox 761 1791 914 1876; x_wconf 81' lang='grc' dir='ltr'><strong><em>ἐμπόρων</em></strong></span> <span class='ocrx_word' id='word_1_117' title='bbox 937 1790 1071 1878; x_wconf 80' lang='grc' dir='ltr'><strong><em>ἀφεῖναι</em></strong></span> <span class='ocrx_word' id='word_1_118' title='bbox 1093 1790 1150 1857; x_wconf 82' lang='grc' dir='ltr'><strong><em>καὶ</em></strong></span> <span class='ocrx_word' id='word_1_119' title='bbox 1172 1793 1217 1876; x_wconf 83' lang='grc' dir='ltr'><strong><em>μη</em></strong></span> 
     </span>
     <span class='ocr_line' id='line_1_17' title="bbox 205 1895 1216 1985; baseline 0.001 -24"><span class='ocrx_word' id='word_1_120' title='bbox 205 1900 456 1983; x_wconf 77' lang='grc' dir='ltr'><strong><em>τιμωρήσασθαι</em></strong></span> <span class='ocrx_word' id='word_1_121' title='bbox 463 1944 474 1981; x_wconf 91' lang='grc'><strong><em>,</em></strong></span> <span class='ocrx_word' id='word_1_122' title='bbox 501 1897 610 1983; x_wconf 84' lang='grc' dir='ltr'><strong><em>ὥσπερ</em></strong></span> <span class='ocrx_word' id='word_1_123' title='bbox 637 1895 733 1963; x_wconf 79' lang='grc' dir='ltr'><strong><em>ἕνεκα</em></strong></span> <span class='ocrx_word' id='word_1_124' title='bbox 760 1899 879 1964; x_wconf 91' lang='grc' dir='ltr'><strong><em>τούτου</em></strong></span> <span class='ocrx_word' id='word_1_125' title='bbox 907 1897 1036 1985; x_wconf 88' lang='grc' dir='ltr'><strong><em>γράψας</em></strong></span> <span class='ocrx_word' id='word_1_126' title='bbox 1061 1898 1216 1984; x_wconf 81' lang='grc' dir='ltr'><strong><em>καθαράν</em></strong></span> 
     </span>
     <span class='ocr_line' id='line_1_18' title="bbox 205 1989 1217 2088; baseline 0.002 -20"><span class='ocrx_word' id='word_1_127' title='bbox 205 1999 291 2071; x_wconf 83' lang='grc' dir='ltr'><strong><em>εἶναι</em></strong></span> <span class='ocrx_word' id='word_1_128' title='bbox 314 2005 375 2088; x_wconf 85' lang='grc' dir='ltr'><strong><em>την</em></strong></span> <span class='ocrx_word' id='word_1_129' title='bbox 397 2003 577 2088; x_wconf 73' lang='grc' dir='ltr'><strong><em>θάλατταν,</em></strong></span> <span class='ocrx_word' id='word_1_130' title='bbox 597 1989 656 2070; x_wconf 76' lang='grc' dir='ltr'><strong><em>ἵνα</em></strong></span> <span class='ocrx_word' id='word_1_131' title='bbox 679 1995 844 2082; x_wconf 77' lang='grc' dir='ltr'><strong><em>σωθέντες</em></strong></span> <span class='ocrx_word' id='word_1_132' title='bbox 866 2003 902 2070; x_wconf 88' lang='grc' dir='ltr'><strong><em>οί</em></strong></span> <span class='ocrx_word' id='word_1_133' title='bbox 920 2002 1075 2081; x_wconf 81' lang='grc' dir='ltr'><strong><em>πλέοντες</em></strong></span> <span class='ocrx_word' id='word_1_134' title='bbox 1097 2002 1134 2069; x_wconf 86' lang='grc' dir='ltr'><strong><em>έκ</em></strong></span> <span class='ocrx_word' id='word_1_135' title='bbox 1153 2013 1217 2070; x_wconf 82' lang='grc' dir='ltr'><strong><em>’τοῦ</em></strong></span> 
     </span>
     <span class='ocr_line' id='line_1_19' title="bbox 204 2107 1215 2199; baseline 0.002 -25"><span class='ocrx_word' id='word_1_136' title='bbox 204 2110 369 2193; x_wconf 88' lang='grc' dir='ltr'><strong><em>πελάγους</em></strong></span> <span class='ocrx_word' id='word_1_137' title='bbox 396 2109 433 2176; x_wconf 90' lang='grc' dir='ltr'><strong><em>έν</em></strong></span> <span class='ocrx_word' id='word_1_138' title='bbox 461 2118 507 2199; x_wconf 72' lang='grc' dir='ltr'><strong><em>τῷ</em></strong></span> <span class='ocrx_word' id='word_1_139' title='bbox 538 2107 646 2194; x_wconf 85' lang='grc' dir='ltr'><strong><em>λιμέντ</em></strong></span> <span class='ocrx_word' id='word_1_140' title='bbox 673 2113 822 2197; x_wconf 81' lang='grc' dir='ltr'><strong><em>χρηματα</em></strong></span> <span class='ocrx_word' id='word_1_141' title='bbox 847 2111 976 2188; x_wconf 88' lang='grc' dir='ltr'><strong><em>τούτοις</em></strong></span> <span class='ocrx_word' id='word_1_142' title='bbox 1003 2109 1215 2194; x_wconf 83' lang='grc' dir='ltr'><strong><em>ἀποτίνωσιν,</em></strong></span> 
     </span>
     <span class='ocr_line' id='line_1_20' title="bbox 205 2214 1214 2303; baseline 0.001 -22"><span class='ocrx_word' id='word_1_143' title='bbox 205 2215 226 2300; x_wconf 75' lang='grc' dir='ltr'><em>ἢ</em></span> <span class='ocrx_word' id='word_1_144' title='bbox 250 2214 410 2302; x_wconf 87' lang='grc' dir='ltr'><strong><em>διαφέρον</em></strong></span> <span class='ocrx_word' id='word_1_145' title='bbox 433 2240 464 2281; x_wconf 90' lang='grc' dir='ltr'><strong><em>τι</em></strong></span> <span class='ocrx_word' id='word_1_146' title='bbox 487 2227 557 2294; x_wconf 82' lang='grc' dir='ltr'><strong><em>τοίς</em></strong></span> <span class='ocrx_word' id='word_1_147' title='bbox 579 2215 749 2303; x_wconf 88' lang='grc' dir='ltr'><strong><em>ε’μπόροις,</em></strong></span> <span class='ocrx_word' id='word_1_148' title='bbox 767 2215 819 2282; x_wconf 78' lang='grc' dir='ltr'><strong><em>’ἂν</em></strong></span> <span class='ocrx_word' id='word_1_149' title='bbox 846 2217 973 2302; x_wconf 84' lang='grc' dir='ltr'><strong><em>μακρὸν</em></strong></span> <span class='ocrx_word' id='word_1_150' title='bbox 997 2218 1214 2303; x_wconf 87' lang='grc' dir='ltr'><strong><em>διαφυγόντες</em></strong></span> 
     </span>
     <span class='ocr_line' id='line_1_21' title="bbox 98 2316 1214 2409; baseline -0.004 -16"><span class='ocrx_word' id='word_1_151' title='bbox 98 2387 100 2393; x_wconf 93' lang='grc'><em>.</em></span> <span class='ocrx_word' id='word_1_152' title='bbox 166 2337 191 2378; x_wconf 72' lang='lat'><strong><em>⁶⁵</em></strong></span> <span class='ocrx_word' id='word_1_153' title='bbox 205 2327 313 2389; x_wconf 87' lang='grc' dir='ltr'><strong><em>πλοῦν</em></strong></span> <span class='ocrx_word' id='word_1_154' title='bbox 337 2325 509 2409; x_wconf 80' lang='grc' dir='ltr'><strong><em>Θεοκρίνει</em></strong></span> <span class='ocrx_word' id='word_1_155' title='bbox 529 2321 760 2408; x_wconf 86' lang='grc' dir='ltr'><strong><em>περιπέσωσιν.</em></strong></span> <span class='ocrx_word' id='word_1_156' title='bbox 806 2321 869 2405; x_wconf 82' lang='grc' dir='ltr'><strong><em>ἐγὼ</em></strong></span> <span class='ocrx_word' id='word_1_157' title='bbox 894 2319 925 2388; x_wconf 91' lang='grc' dir='ltr'><strong><em>δ’</em></strong></span> <span class='ocrx_word' id='word_1_158' title='bbox 952 2316 1044 2407; x_wconf 83' lang='grc' dir='ltr'><strong><em>οἶμαι</em></strong></span> <span class='ocrx_word' id='word_1_159' title='bbox 1066 2333 1133 2388; x_wconf 75' lang='grc' dir='ltr'><strong><em>τῶν</em></strong></span> <span class='ocrx_word' id='word_1_160' title='bbox 1155 2318 1214 2407; x_wconf 62' lang='grc' dir='ltr'><strong><em>μέν</em></strong></span> 
     </span>
     <span class='ocr_line' id='line_1_22' title="bbox 206 2415 1214 2515; baseline 0 -22"><span class='ocrx_word' id='word_1_161' title='bbox 206 2429 287 2494; x_wconf 83' lang='grc' dir='ltr'><strong><em>κατά</em></strong></span> <span class='ocrx_word' id='word_1_162' title='bbox 308 2421 415 2494; x_wconf 83' lang='grc' dir='ltr'><strong><em>πλοῦν</em></strong></span> <span class='ocrx_word' id='word_1_163' title='bbox 434 2426 651 2514; x_wconf 88' lang='grc' dir='ltr'><strong><em>γιγνομένων,</em></strong></span> <span class='ocrx_word' id='word_1_164' title='bbox 674 2428 734 2513; x_wconf 84' lang='grc' dir='ltr'><strong><em>ούχ</em></strong></span> <span class='ocrx_word' id='word_1_165' title='bbox 757 2425 853 2512; x_wconf 79' lang='grc' dir='ltr'><strong><em>ὑμᾶς,</em></strong></span> <span class='ocrx_word' id='word_1_166' title='bbox 875 2426 959 2494; x_wconf 87' lang='grc' dir='ltr'><strong><em>άλλά</em></strong></span> <span class='ocrx_word' id='word_1_167' title='bbox 981 2431 1058 2506; x_wconf 85' lang='grc' dir='ltr'><strong><em>τοὺς</em></strong></span> <span class='ocrx_word' id='word_1_168' title='bbox 1080 2415 1214 2515; x_wconf 82' lang='grc' dir='ltr'><strong><em>στρατη·</em></strong></span> 
     </span>
     <span class='ocr_line' id='line_1_23' title="bbox 206 2529 1212 2619; baseline 0 -20"><span class='ocrx_word' id='word_1_169' title='bbox 206 2537 287 2617; x_wconf 87' lang='grc' dir='ltr'><strong><em>γοὺς</em></strong></span> <span class='ocrx_word' id='word_1_170' title='bbox 308 2531 363 2598; x_wconf 78' lang='grc' dir='ltr'><strong><em>καί</em></strong></span> <span class='ocrx_word' id='word_1_171' title='bbox 385 2537 462 2611; x_wconf 87' lang='grc' dir='ltr'><strong><em>τούς</em></strong></span> <span class='ocrx_word' id='word_1_172' title='bbox 489 2531 541 2598; x_wconf 77' lang='grc' dir='ltr'><strong><em>ἐπὶ</em></strong></span> <span class='ocrx_word' id='word_1_173' title='bbox 570 2545 640 2611; x_wconf 82' lang='grc' dir='ltr'><strong><em>τοῖς</em></strong></span> <span class='ocrx_word' id='word_1_174' title='bbox 661 2545 798 2619; x_wconf 77' lang='grc' dir='ltr'><strong><em>μακροῖς</em></strong></span> <span class='ocrx_word' id='word_1_175' title='bbox 820 2536 947 2611; x_wconf 91' lang='grc' dir='ltr'><strong><em>πλοίοις</em></strong></span> <span class='ocrx_word' id='word_1_176' title='bbox 970 2536 1095 2611; x_wconf 87' lang='grc' dir='ltr'><strong><em>αίτίους</em></strong></span> <span class='ocrx_word' id='word_1_177' title='bbox 1118 2529 1212 2618; x_wconf 80' lang='grc' dir='ltr'><strong><em>εἶναι,</em></strong></span> 
     </span>
     <span class='ocr_line' id='line_1_24' title="bbox 207 2635 1215 2726; baseline 0.001 -22"><span class='ocrx_word' id='word_1_178' title='bbox 207 2650 273 2704; x_wconf 83' lang='grc' dir='ltr'><strong><em>τῶν</em></strong></span> <span class='ocrx_word' id='word_1_179' title='bbox 296 2635 327 2703; x_wconf 89' lang='grc' dir='ltr'><strong><em>δ’</em></strong></span> <span class='ocrx_word' id='word_1_180' title='bbox 355 2637 392 2702; x_wconf 85' lang='grc' dir='ltr'><strong><em>έν</em></strong></span> <span class='ocrx_word' id='word_1_181' title='bbox 414 2647 460 2726; x_wconf 75' lang='grc' dir='ltr'><strong><em>τῷ</em></strong></span> <span class='ocrx_word' id='word_1_182' title='bbox 482 2643 637 2724; x_wconf 78' lang='grc' dir='ltr'><strong><em>Πειραιεῖ</em></strong></span> <span class='ocrx_word' id='word_1_183' title='bbox 656 2637 710 2704; x_wconf 81' lang='grc' dir='ltr'><strong><em>καλ</em></strong></span> <span class='ocrx_word' id='word_1_184' title='bbox 732 2641 814 2724; x_wconf 84' lang='grc' dir='ltr'><strong><em>πρὸς</em></strong></span> <span class='ocrx_word' id='word_1_185' title='bbox 837 2647 907 2716; x_wconf 77' lang='grc' dir='ltr'><strong><em>ταῖς</em></strong></span> <span class='ocrx_word' id='word_1_186' title='bbox 929 2637 1043 2725; x_wconf 82' lang='grc' dir='ltr'><strong><em>άρχαίς</em></strong></span> <span class='ocrx_word' id='word_1_187' title='bbox 1065 2638 1160 2724; x_wconf 76' lang='grc' dir='ltr'><strong><em>ὑμᾶς,</em></strong></span> <span class='ocrx_word' id='word_1_188' title='bbox 1182 2645 1215 2707; x_wconf 78' lang='grc' dir='ltr'><strong><em>οἳ</em></strong></span> 
     </span>
     <span class='ocr_line' id='line_1_25' title="bbox 207 2741 1302 2830; baseline 0.001 -20"><span class='ocrx_word' id='word_1_189' title='bbox 207 2744 335 2810; x_wconf 85' lang='grc' dir='ltr'><strong><em>τούτων</em></strong></span> <span class='ocrx_word' id='word_1_190' title='bbox 357 2744 467 2828; x_wconf 86' lang='grc' dir='ltr'><strong><em>κύριοι</em></strong></span> <span class='ocrx_word' id='word_1_191' title='bbox 489 2745 623 2811; x_wconf 90' lang='grc' dir='ltr'><strong><em>πάντων</em></strong></span> <span class='ocrx_word' id='word_1_192' title='bbox 647 2743 727 2810; x_wconf 83' lang='grc' dir='ltr'><strong><em>έστέ.</em></strong></span> <span class='ocrx_word' id='word_1_193' title='bbox 757 2745 817 2810; x_wconf 69' lang='grc' dir='ltr'><strong><em>’διὸ</em></strong></span> <span class='ocrx_word' id='word_1_194' title='bbox 841 2741 895 2809; x_wconf 78' lang='grc' dir='ltr'><strong><em>καὶ</em></strong></span> <span class='ocrx_word' id='word_1_195' title='bbox 918 2748 1045 2830; x_wconf 85' lang='grc' dir='ltr'><strong><em>μᾶλλόν</em></strong></span> <span class='ocrx_word' id='word_1_196' title='bbox 1068 2745 1138 2811; x_wconf 79' lang='grc' dir='ltr'><strong><em>ἐστι</em></strong></span> <span class='ocrx_word' id='word_1_197' title='bbox 1159 2771 1211 2830; x_wconf 92' lang='grc' dir='ltr'><strong><em>τη-</em></strong></span> <span class='ocrx_word' id='word_1_198' title='bbox 1301 2815 1302 2824; x_wconf 18' lang='lat'>¹</span> 
     </span>
     <span class='ocr_line' id='line_1_26' title="bbox 208 2841 1302 2937; baseline 0.003 -24"><span class='ocrx_word' id='word_1_199' title='bbox 208 2846 324 2934; x_wconf 85' lang='grc' dir='ltr'><strong><em>ρητέον</em></strong></span> <span class='ocrx_word' id='word_1_200' title='bbox 351 2851 428 2925; x_wconf 86' lang='grc' dir='ltr'><strong><em>τοὺς</em></strong></span> <span class='ocrx_word' id='word_1_201' title='bbox 456 2848 578 2916; x_wconf 75' lang='grc' dir='ltr'><strong><em>ἐνθάδε</em></strong></span> <span class='ocrx_word' id='word_1_202' title='bbox 605 2854 869 2937; x_wconf 80' lang='grc' dir='ltr'><strong><em>παραβαίνοντας</em></strong></span> <span class='ocrx_word' id='word_1_203' title='bbox 898 2853 976 2928; x_wconf 87' lang='grc' dir='ltr'><strong><em>τοὺς</em></strong></span> <span class='ocrx_word' id='word_1_204' title='bbox 1002 2854 1126 2936; x_wconf 89' lang='grc' dir='ltr'><strong><em>νόμους</em></strong></span> <span class='ocrx_word' id='word_1_205' title='bbox 1145 2851 1210 2916; x_wconf 76' lang='grc' dir='ltr'><strong><em>’τῶν</em></strong></span> <span class='ocrx_word' id='word_1_206' title='bbox 1301 2841 1302 2846; x_wconf 26' lang='lat'>¹</span> 
     </span>
     <span class='ocr_line' id='line_1_27' title="bbox 208 2954 1210 3048; baseline 0.003 -28"><span class='ocrx_word' id='word_1_207' title='bbox 208 2954 268 3033; x_wconf 79' lang='grc' dir='ltr'><strong><em>ἔξω</em></strong></span> <span class='ocrx_word' id='word_1_208' title='bbox 292 2965 361 3030; x_wconf 78' lang='grc' dir='ltr'><strong><em>τοῖς</em></strong></span> <span class='ocrx_word' id='word_1_209' title='bbox 383 2959 591 3039; x_wconf 83' lang='grc' dir='ltr'><strong><em>ψηφίσμασιν</em></strong></span> <span class='ocrx_word' id='word_1_210' title='bbox 615 2957 676 3030; x_wconf 86' lang='grc' dir='ltr'><strong><em>οὐκ</em></strong></span> <span class='ocrx_word' id='word_1_211' title='bbox 699 2955 923 3040; x_wconf 82' lang='grc' dir='ltr'><strong><em>ἐμμενόντων,</em></strong></span> <span class='ocrx_word' id='word_1_212' title='bbox 947 2957 1008 3022; x_wconf 65' lang='grc' dir='ltr'><strong><em>’ίνα</em></strong></span> <span class='ocrx_word' id='word_1_213' title='bbox 1031 2959 1074 3044; x_wconf 84' lang='grc' dir='ltr'><strong><em>μη</em></strong></span> <span class='ocrx_word' id='word_1_214' title='bbox 1098 2959 1210 3048; x_wconf 77' lang='grc' dir='ltr'><strong><em>δοκῆτε</em></strong></span> 
     </span>
     <span class='ocr_line' id='line_1_28' title="bbox 207 3057 1210 3148; baseline 0.002 -22"><span class='ocrx_word' id='word_1_215' title='bbox 207 3070 251 3148; x_wconf 78' lang='grc' dir='ltr'><strong><em>τῷ</em></strong></span> <span class='ocrx_word' id='word_1_216' title='bbox 275 3060 387 3144; x_wconf 88' lang='grc' dir='ltr'><strong><em>πράως</em></strong></span> <span class='ocrx_word' id='word_1_217' title='bbox 409 3057 461 3125; x_wconf 77' lang='grc' dir='ltr'><strong><em>ἐπὶ</em></strong></span> <span class='ocrx_word' id='word_1_218' title='bbox 487 3072 556 3138; x_wconf 80' lang='grc' dir='ltr'><strong><em>τοῖς</em></strong></span> <span class='ocrx_word' id='word_1_219' title='bbox 583 3060 791 3147; x_wconf 78' lang='grc' dir='ltr'><strong><em>γιγνομένοις</em></strong></span> <span class='ocrx_word' id='word_1_220' title='bbox 812 3059 927 3148; x_wconf 88' lang='grc' dir='ltr'><strong><em>φέρειν</em></strong></span> <span class='ocrx_word' id='word_1_221' title='bbox 949 3059 1005 3127; x_wconf 83' lang='grc' dir='ltr'><strong><em>καί</em></strong></span> <span class='ocrx_word' id='word_1_222' title='bbox 1028 3061 1210 3130; x_wconf 83' lang='grc' dir='ltr'><strong><em>συνειδέναι</em></strong></span> 
     </span>
     <span class='ocr_line' id='line_1_29' title="bbox 168 3159 1209 3254; baseline 0.002 -22"><span class='ocrx_word' id='word_1_223' title='bbox 168 3185 195 3226; x_wconf 76' lang='grc' dir='ltr'><strong><em>ει</em></strong></span> <span class='ocrx_word' id='word_1_224' title='bbox 208 3191 239 3233; x_wconf 92' lang='grc' dir='ltr'><strong><em>τι</em></strong></span> <span class='ocrx_word' id='word_1_225' title='bbox 257 3166 387 3243; x_wconf 92' lang='grc' dir='ltr'><strong><em>τούτοις</em></strong></span> <span class='ocrx_word' id='word_1_226' title='bbox 401 3159 448 3231; x_wconf 81' lang='grc' dir='ltr'><strong><em>ὧν</em></strong></span> <span class='ocrx_word' id='word_1_227' title='bbox 461 3166 670 3251; x_wconf 83' lang='grc' dir='ltr'><strong><em>πράττουσιν.</em></strong></span> <span class='ocrx_word' id='word_1_228' title='bbox 707 3169 748 3234; x_wconf 91' lang='grc' dir='ltr'><strong><em>ού</em></strong></span> <span class='ocrx_word' id='word_1_229' title='bbox 770 3168 833 3254; x_wconf 88' lang='grc' dir='ltr'><strong><em>γάρ</em></strong></span> <span class='ocrx_word' id='word_1_230' title='bbox 854 3169 964 3252; x_wconf 69' lang='grc' dir='ltr'><strong><em>’δηττου</em></strong></span> <span class='ocrx_word' id='word_1_231' title='bbox 978 3171 1131 3252; x_wconf 88' lang='grc' dir='ltr'><strong><em>Μηλίους</em></strong></span> <span class='ocrx_word' id='word_1_232' title='bbox 1152 3165 1209 3253; x_wconf 70' lang='grc' dir='ltr'><strong><em>μέν</em></strong></span> 
     </span>
     <span class='ocr_line' id='line_1_30' title="bbox 208 3270 1208 3359; baseline 0 -19"><span class='ocrx_word' id='word_1_233' title='bbox 208 3270 234 3340; x_wconf 81' lang='grc' dir='ltr'><strong>ὦ</strong></span> <span class='ocrx_word' id='word_1_234' title='bbox 253 3275 454 3358; x_wconf 86' lang='grc' dir='ltr'><strong><em>Μοιρόκλεις</em></strong></span> <span class='ocrx_word' id='word_1_235' title='bbox 471 3272 553 3337; x_wconf 76' lang='grc' dir='ltr'><strong><em>κατὰ</em></strong></span> <span class='ocrx_word' id='word_1_236' title='bbox 570 3275 607 3339; x_wconf 79' lang='grc' dir='ltr'><strong><em>τὸ</em></strong></span> <span class='ocrx_word' id='word_1_237' title='bbox 627 3275 687 3340; x_wconf 70' lang='grc' dir='ltr'><strong><em>σὺν</em></strong></span> <span class='ocrx_word' id='word_1_238' title='bbox 708 3274 863 3359; x_wconf 75' lang='grc' dir='ltr'><strong><em>ψήφισμα</em></strong></span> <span class='ocrx_word' id='word_1_239' title='bbox 886 3271 965 3339; x_wconf 89' lang='grc' dir='ltr'><strong><em>δέκα</em></strong></span> <span class='ocrx_word' id='word_1_240' title='bbox 987 3273 1128 3340; x_wconf 88' lang='grc' dir='ltr'><strong><em>τάλαντα</em></strong></span> <span class='ocrx_word' id='word_1_241' title='bbox 1149 3285 1208 3340; x_wconf 82' lang='grc' dir='ltr'><strong><em>νῦν</em></strong></span> 
     </span>
     <span class='ocr_line' id='line_1_31' title="bbox 209 3376 1204 3466; baseline -0.001 -21"><span class='ocrx_word' id='word_1_242' title='bbox 209 3378 441 3466; x_wconf 86' lang='grc' dir='ltr'><strong><em>είσπράξομεν,</em></strong></span> <span class='ocrx_word' id='word_1_243' title='bbox 468 3378 520 3445; x_wconf 83' lang='grc' dir='ltr'><strong><em>ὅτι</em></strong></span> <span class='ocrx_word' id='word_1_244' title='bbox 541 3379 619 3456; x_wconf 84' lang='grc' dir='ltr'><strong><em>τούς</em></strong></span> <span class='ocrx_word' id='word_1_245' title='bbox 640 3380 761 3464; x_wconf 82' lang='grc' dir='ltr'><strong><em>ληστδς</em></strong></span> <span class='ocrx_word' id='word_1_246' title='bbox 781 3377 995 3464; x_wconf 80' lang='grc' dir='ltr'><strong><em>ὑπεδέξαντο,</em></strong></span> <span class='ocrx_word' id='word_1_247' title='bbox 1017 3379 1156 3446; x_wconf 78' lang='grc' dir='ltr'><strong><em>,τουτονί</em></strong></span> <span class='ocrx_word' id='word_1_248' title='bbox 1176 3376 1204 3444; x_wconf 90' lang='grc' dir='ltr'><strong><em>δ’</em></strong></span> 
     </span>
     <span class='ocr_line' id='line_1_32' title="bbox 210 3480 1208 3580; baseline 0.001 -29"><span class='ocrx_word' id='word_1_249' title='bbox 210 3487 400 3580; x_wconf 76' lang='grc' dir='ltr'><strong><em>ἀφήσομεν,</em></strong></span> <span class='ocrx_word' id='word_1_250' title='bbox 430 3482 468 3560; x_wconf 79' lang='grc' dir='ltr'><strong><em>ὃς</em></strong></span> <span class='ocrx_word' id='word_1_251' title='bbox 491 3480 546 3556; x_wconf 77' lang='grc' dir='ltr'><strong><em>καὶ</em></strong></span> <span class='ocrx_word' id='word_1_252' title='bbox 572 3483 610 3550; x_wconf 86' lang='grc' dir='ltr'><strong><em>τὸ</em></strong></span> <span class='ocrx_word' id='word_1_253' title='bbox 638 3485 698 3552; x_wconf 86' lang='grc' dir='ltr'><strong><em>σὸν</em></strong></span> <span class='ocrx_word' id='word_1_254' title='bbox 724 3486 883 3569; x_wconf 77' lang='grc' dir='ltr'><strong><em>ψήφισμα,</em></strong></span> <span class='ocrx_word' id='word_1_255' title='bbox 904 3483 959 3550; x_wconf 79' lang='grc' dir='ltr'><strong><em>καὶ</em></strong></span> <span class='ocrx_word' id='word_1_256' title='bbox 981 3487 1059 3564; x_wconf 85' lang='grc' dir='ltr'><strong><em>τούς</em></strong></span> <span class='ocrx_word' id='word_1_257' title='bbox 1080 3488 1208 3571; x_wconf 87' lang='grc' dir='ltr'><strong><em>νόμους,</em></strong></span> 
     </span>
    </p>
   </div>
   <div class='ocr_carea' id='block_1_3' title="bbox 0 0 1330 3918">
    <p class='ocr_par' dir='ltr' id='par_1_3' title="bbox 0 0 1330 3918">
     <span class='ocr_line' id='line_1_33' title="bbox 0 0 1330 3918; baseline 0 0"><span class='ocrx_word' id='word_1_258' title='bbox 0 0 1330 3918; x_wconf 95' lang='lat' dir='ltr'><strong><em> </em></strong></span> 
     </span>
    </p>
   </div>
  </div>
 </body>
</html>
