2650 3918
201 157 267 225 316
503 160 574 212 m.
600 156 902 228 [Δυωοεοωαουε]

202 321 453 407 τιμωρήσασθαι
484 320 581 386 δυοῖν
608 317 721 402 ἕνεκα,
750 317 806 383 ἵνα
834 311 930 384 ούτοί
953 338 987 381 τε
1009 325 1076 382 τῶν
1098 313 1215 400 ηβικη·

203 423 312 509 μένων
342 425 439 510 δίκην
471 425 594 510 θῶσιν,
625 425 661 490 ολ
684 420 713 490 τ’
740 423 836 489 άλλοι
864 424 1026 508 πρόνοιαν
1051 431 1217 487 ποιῶνται
1310 485 1312 530 1

202 527 258 597 καὶ
288 534 458 616 φοβῶνται
487 524 593 614 μηδὲν
624 530 672 606 είς
701 529 781 606 τοὺς
808 529 910 604 θεοὺς
940 523 996 592 καὶ
1023 526 1085 610 την
1114 529 1216 592 πόλιν
1311 533 1312 578 ³

203 634 411 720 ἁμαρτάνειν.
1310 677 1312 748 1

164 760 189 801 ιι
268 742 438 826 Βούλομαι
461 739 493 808 θ’
518 740 599 826 ὑμῖν
620 737 757 806 καὶτὸν
781 739 979 826 ἱεροκήρυκα
999 735 1152 823 καλέσαι,
1179 737 1219 815 ὃς
1311 749 1312 782 ³

202 845 359 933 ὑπηρετεῖ
381 857 420 934 τῇ
447 857 507 914 τοῦ
534 844 695 932 βασιλέως
716 849 868 931 γυναικί,
897 845 977 912 ὅταν
1006 842 1139 931 ἐξορκοῖ
1159 845 1216 922 τὰς

203 953 343 1039 γεραράς
365 951 403 1018 έν
425 962 538 1028 κανοῖς
555 953 638 1039 πρὸς
659 959 705 1040 τῷ
724 955 839 1040 βωμῷ,
860 949 940 1035 πρὶν
962 950 1126 1015 ἅπτεσθαι
1149 961 1215 1016 τῶν

204 1058 321 1145 ίερῶν,
352 1059 408 1125 ἵνα
437 1056 492 1124 καὶ
520 1067 581 1125 τοῦ
608 1058 711 1143 ὅρκου
739 1055 794 1123 καὶ
816 1068 882 1122 τῶν
905 1053 1093 1141 λεγομένων
1115 1054 1216 1122 ἀκού-

203 1180 291 1252 σητε,
313 1164 375 1230 ὅσα
398 1155 472 1231 οἷόν
494 1160 523 1230 τ’
549 1162 639 1230 ἐστὶν
660 1162 812 1249 ἀκούειν,
834 1160 890 1229 καλ
913 1164 1020 1247 εἰδῆτε
1043 1162 1089 1239 ὡς
1111 1161 1216 1246 σεμνὰ

203 1267 259 1336 καὶ
281 1271 358 1355 ἅγιοι
380 1267 436 1335 καὶ
460 1269 577 1356 άργαῖα
600 1271 640 1335 τὰ
661 1270 786 1355 νόμιμά
808 1269 908 1335 έστιν.

549 1463 670 1516 ουτοι]
689 1462 863 1516 mmm.
984 1447 987 1452 ’

310 1583 467 1672 ’Λγιστεύω
483 1589 533 1652 καλ
551 1589 611 1672 εἰμί
623 1589 743 1672 καθαρὰ
760 1588 810 1652 καί
826 1587 903 1673 ἁγνὴ
922 1588 981 1652 ἀπό
998 1611 1028 1652 τε
1045 1597 1105 1651 τῶν
1117 1586 1217 1650 άλλων

247 1694 308 1748 τῶν
330 1686 366 1749 ού
387 1687 617 1768 καθαρευόντων
638 1686 689 1750 καί
710 1680 763 1749 ἀπ’
783 1685 893 1770 ἀνδρὸς
915 1689 1085 1770 συνουσίας,
1107 1687 1160 1751 καί
1181 1687 1216 1749 τὰ

248 1782 367 1844 θεοίνια
394 1781 445 1845 καί
470 1782 506 1845 τὰ
535 1784 684 1866 ἰοβάκχεια
711 1793 825 1867 γεραρῶ
849 1785 1052 1871 ’τῷ-Διονύσῳ
1078 1783 1154 1850 κατὰ
1181 1784 1215 1846 τὰ

248 1878 356 1961 πάτρια
376 1877 427 1941 καί
448 1877 481 1942 έν
502 1887 564 1956 τοῖς
585 1881 755 1960 καθήκουσι
776 1880 900 1964 χρόνοις.

165 2030 191 2072 ²⁹
276 2020 344 2084 Τοῦ
375 2014 436 2102 μέν
465 2017 567 2104 ὅρκου
593 2024 709 2086 τοίνυν
735 2017 791 2085 καί
817 2029 884 2084 τῶν
905 2017 1134 2104 νομιζομένων
1156 2041 1216 2084 πα-

204 2127 325 2210 τρίων,
347 2122 409 2190 ὅσα
431 2116 505 2191 οίύν
526 2122 556 2192 τ’
581 2125 670 2192 ἐστὶν
694 2128 813 2210 εἰπεῖν,
836 2125 1007 2211 ἀκηκόατε,
1028 2122 1085 2191 καὶ
1107 2123 1216 2208 ὡςῆν

204 2227 378 2316 Στέφανος
402 2230 548 2316 ἠγγύησε
574 2239 620 2320 τςό
652 2228 807 2316 Θεογένει
838 2242 979 2314 γυναῖκα
1005 2231 1217 2316 βασιλεύοντι

205 2336 250 2412 ὡς
272 2335 375 2402 αὑτοῦ
398 2331 504 2403 οὖσαν
524 2336 704 2422 θυγατέρα,
727 2337 809 2422 αύτη
833 2336 935 2403 έποίει
957 2338 997 2403 τά
1021 2337 1092 2422 ίερά
1115 2346 1217 2402 ταῦτα
1226 2349 1289 2399 ιιιι

204 2439 260 2507 καλ
290 2440 435 2528 ἐξώρκου
466 2442 524 2519 τὰς
552 2443 710 2529 γεραράς,
741 2440 796 2509 καὶ
826 2443 876 2508 ὅτι
905 2441 978 2509 οὐδ’
1004 2442 1119 2520 αὐταῖς
1146 2455 1218 2521 ταῖς

205 2546 347 2630 ὁρώσαις
367 2547 408 2613 τὰ
428 2547 500 2632 ίερὰ
516 2559 619 2615 ταῦτα
641 2540 715 2615 οἷόν
733 2546 763 2614 τ’
785 2547 854 2614 έστλ
878 2546 987 2632 λέγειν
1008 2551 1092 2635 πρὸς
1114 2549 1218 2615 ἄλλον

205 2649 337 2716 οὐδένα.
369 2650 449 2739 φέρε
472 2655 514 2738 δὴ
536 2651 593 2720 καὶ
609 2658 793 2741 μαρτυρίαν
815 2655 1032 2741 παράσχωμαι
1053 2653 1146 2739 ὑμῖν,
1169 2651 1214 2720 δι’

206 2754 394 2842 ἀπορρήτου
417 2754 478 2842 μέν
500 2758 739 2846 γεγενημένην,
766 2760 854 2844 ὅμως
876 2756 914 2825 δὲ
937 2760 1049 2836 αύτοτς
1070 2771 1140 2838 τοῖς
1161 2783 1218 2826 πε·

205 2859 406 2947 πραγμέυοις
428 2861 578 2943 ἐπιδείξω
597 2865 746 2952 φανερὰν
764 2860 869 2932 οὖσαν
892 2864 997 2950 αύτην
1019 2863 1074 2930 καὶ
1097 2864 1217 2950 ἀληθῆ.

166 2982 193 3022 ⁸0
207 2967 251 3044 ὡς
273 2967 336 3052 γὰρ
352 2965 480 3050 ἐγένετο
499 2970 538 3034 τά
559 2970 629 3056 ίερύ
647 2980 749 3036 ταῦτα
766 2967 822 3037 καλ
839 2967 1006 3055 ἀνέβησαν
1024 2973 1071 3048 εἰς
1086 2969 1217 3059 ’Ἀρειον

206 3073 314 3156 πάγον
346 3074 382 3138 oc
408 3073 506 3140 ἐννέα
534 3076 690 3162 ἄρχοντες
718 3088 789 3154 ταις
817 3078 1042 3161 καθηκούσαις
1069 3077 1217 3164 ἡμέραις,

206 3177 310 3256 εὐθὺς
335 3178 357 3262 ἡ
384 3180 489 3264 βουλὴ
511 3180 531 3264 η
556 3180 593 3247 έν
612 3178 727 3273 Ἀρείῳ
754 3183 867 3273 πάγῳ,
896 3183 1004 3269 ὥσπερ
1032 3179 1088 3248 καί
1114 3185 1217 3250 τᾶλλα

206 3289 333 3352 πολλοῦ
355 3283 430 3364 άξία
453 3284 522 3352 ἐστὶ
544 3295 583 3373 τη
605 3291 700 3354 πόλει
722 3286 799 3375 περὶ
821 3287 1008 3374 εὐσέβειαν,
1031 3288 1133 3372 ἐζήτει
1155 3292 1216 3376 τὴν

192 3377 347 3474 Ιγυναῖκα
370 3392 492 3475 ταύτην
514 3401 574 3459 τοῦ
598 3391 781 3476 Θεογένους
805 3394 874 3478 ἥτις
895 3389 955 3479 ἦν,
976 3391 1031 3460 καὶ
1054 3393 1217 3482 έξηλεγγε,

206 3494 261 3560 καὶ
278 3495 354 3583 περὶ
371 3509 439 3563 τῶν
458 3497 556 3583 ίερων
574 3500 735 3584 πρόνοιαν
755 3498 906 3584 έποιείτο,
928 3497 983 3565 καὶ
1002 3499 1134 3585 ἐζημίου
1157 3505 1217 3569 τὸν
