<?xml version="1.0" encoding="UTF-8"?>
<!DOCTYPE html PUBLIC "-//W3C//DTD XHTML 1.0 Transitional//EN"
    "http://www.w3.org/TR/xhtml1/DTD/xhtml1-transitional.dtd">
<html xmlns="http://www.w3.org/1999/xhtml" xml:lang="en" lang="en">
 <head>
  <title>
</title>
<meta http-equiv="Content-Type" content="text/html;charset=utf-8" />
  <meta name='ocr-system' content='tesseract 3.04.00' />
  <meta name='ocr-capabilities' content='ocr_page ocr_carea ocr_par ocr_line ocrx_word'/>
</head>
<body>
  <div class='ocr_page' id='page_1' title='image "./orationes01demogoog_0391.png"; bbox 0 0 2650 3918; ppageno 0'>
   <div class='ocr_carea' id='block_1_1' title="bbox 127 176 902 252">
    <p class='ocr_par' dir='ltr' id='par_1_1' title="bbox 127 176 902 252">
     <span class='ocr_line' id='line_1_1' title="bbox 127 176 902 252; baseline -0.032 0"><span class='ocrx_word' id='word_1_1' title='bbox 127 245 136 252; x_wconf 62' lang='lat'><strong>„</strong></span> <span class='ocrx_word' id='word_1_2' title='bbox 197 179 263 246; x_wconf 79' lang='grc'><em>298</em></span> <span class='ocrx_word' id='word_1_3' title='bbox 504 180 574 230; x_wconf 76' lang='lat' dir='ltr'><em>mx.</em></span> <span class='ocrx_word' id='word_1_4' title='bbox 599 176 902 248; x_wconf 74' lang='grc' dir='ltr'><em>[ιααοεοεωονε]</em></span> 
     </span>
    </p>
   </div>
   <div class='ocr_carea' id='block_1_2' title="bbox 195 337 1209 850">
    <p class='ocr_par' dir='ltr' id='par_1_2' title="bbox 195 337 1209 850">
     <span class='ocr_line' id='line_1_2' title="bbox 197 337 1208 426; baseline -0.005 -19"><span class='ocrx_word' id='word_1_5' title='bbox 197 337 260 426; x_wconf 71' lang='grc' dir='ltr'><em>μὲν</em></span> <span class='ocrx_word' id='word_1_6' title='bbox 281 341 343 425; x_wconf 80' lang='grc' dir='ltr'><em>την</em></span> <span class='ocrx_word' id='word_1_7' title='bbox 366 339 470 405; x_wconf 85' lang='grc' dir='ltr'><em>αὑτοῦ</em></span> <span class='ocrx_word' id='word_1_8' title='bbox 498 339 607 405; x_wconf 89' lang='grc' dir='ltr'><em>οίκίαν</em></span> <span class='ocrx_word' id='word_1_9' title='bbox 634 337 696 404; x_wconf 84' lang='grc' dir='ltr'><em>οὐκ</em></span> <span class='ocrx_word' id='word_1_10' title='bbox 723 337 862 422; x_wconf 76' lang='grc' dir='ltr'><em>εἰσάγει,</em></span> <span class='ocrx_word' id='word_1_11' title='bbox 889 339 1128 423; x_wconf 77' lang='grc' dir='ltr'><em>αἰσχυνόμενος</em></span> <span class='ocrx_word' id='word_1_12' title='bbox 1148 338 1208 420; x_wconf 78' lang='grc' dir='ltr'><em>τῆν</em></span> 
     </span>
     <span class='ocr_line' id='line_1_3' title="bbox 195 439 1208 530; baseline -0.005 -18"><span class='ocrx_word' id='word_1_13' title='bbox 195 470 230 512; x_wconf 90' lang='grc' dir='ltr'><em>τε</em></span> <span class='ocrx_word' id='word_1_14' title='bbox 253 455 395 530; x_wconf 78' lang='grc' dir='ltr'><em>γυναῖκα</em></span> <span class='ocrx_word' id='word_1_15' title='bbox 417 444 460 528; x_wconf 76' lang='grc' dir='ltr'><em>ἣν</em></span> <span class='ocrx_word' id='word_1_16' title='bbox 488 439 570 530; x_wconf 81' lang='grc' dir='ltr'><em>εἶχε,</em></span> <span class='ocrx_word' id='word_1_17' title='bbox 592 445 789 529; x_wconf 76' lang='grc' dir='ltr'><em>Βραχύλλου</em></span> <span class='ocrx_word' id='word_1_18' title='bbox 817 439 877 527; x_wconf 73' lang='grc' dir='ltr'><em>μὲν</em></span> <span class='ocrx_word' id='word_1_19' title='bbox 903 441 1087 528; x_wconf 78' lang='grc' dir='ltr'><strong><em>θυγατέρα,</em></strong></span> <span class='ocrx_word' id='word_1_20' title='bbox 1114 442 1208 508; x_wconf 80' lang='grc' dir='ltr'><em>ἀδελ·</em></span> 
     </span>
     <span class='ocr_line' id='line_1_4' title="bbox 196 546 1208 636; baseline -0.003 -19"><span class='ocrx_word' id='word_1_21' title='bbox 196 554 299 636; x_wconf 90' lang='grc' dir='ltr'><em>φιδῆν</em></span> <span class='ocrx_word' id='word_1_22' title='bbox 323 546 361 617; x_wconf 71' lang='grc' dir='ltr'><em>δὲ</em></span> <span class='ocrx_word' id='word_1_23' title='bbox 384 551 503 633; x_wconf 85' lang='grc' dir='ltr'><em>αὑτοῦ,</em></span> <span class='ocrx_word' id='word_1_24' title='bbox 530 547 586 616; x_wconf 79' lang='grc' dir='ltr'><em>καὶ</em></span> <span class='ocrx_word' id='word_1_25' title='bbox 612 550 673 634; x_wconf 80' lang='grc' dir='ltr'><em>τῆν</em></span> <span class='ocrx_word' id='word_1_26' title='bbox 700 547 824 634; x_wconf 85' lang='grc' dir='ltr'><em>μητέρα</em></span> <span class='ocrx_word' id='word_1_27' title='bbox 850 551 911 633; x_wconf 84' lang='grc' dir='ltr'><em>τῆν</em></span> <span class='ocrx_word' id='word_1_28' title='bbox 937 549 1042 614; x_wconf 84' lang='grc' dir='ltr'><em>αὑτοῦ</em></span> <span class='ocrx_word' id='word_1_29' title='bbox 1067 552 1208 634; x_wconf 80' lang='grc' dir='ltr'><em>πρεσβυ-</em></span> 
     </span>
     <span class='ocr_line' id='line_1_5' title="bbox 195 652 1209 743; baseline -0.004 -20"><span class='ocrx_word' id='word_1_30' title='bbox 195 656 294 741; x_wconf 85' lang='grc' dir='ltr'><em>τέραν</em></span> <span class='ocrx_word' id='word_1_31' title='bbox 325 679 361 723; x_wconf 89' lang='grc' dir='ltr'><em>τε</em></span> <span class='ocrx_word' id='word_1_32' title='bbox 392 652 498 723; x_wconf 86' lang='grc' dir='ltr'><em>οὖσαν</em></span> <span class='ocrx_word' id='word_1_33' title='bbox 534 653 591 722; x_wconf 83' lang='grc' dir='ltr'><em>καὶ</em></span> <span class='ocrx_word' id='word_1_34' title='bbox 621 654 659 721; x_wconf 78' lang='grc' dir='ltr'><em>έν</em></span> <span class='ocrx_word' id='word_1_35' title='bbox 690 663 736 743; x_wconf 79' lang='grc' dir='ltr'><em>τῳ</em></span> <span class='ocrx_word' id='word_1_36' title='bbox 773 655 861 742; x_wconf 79' lang='grc' dir='ltr'><em>αόνῳ</em></span> <span class='ocrx_word' id='word_1_37' title='bbox 899 653 1133 740; x_wconf 76' lang='grc' dir='ltr'><em>διαιτωμένην·</em></span> <span class='ocrx_word' id='word_1_38' title='bbox 1164 654 1209 730; x_wconf 82' lang='grc' dir='ltr'><em>ὡς</em></span> 
     </span>
     <span class='ocr_line' id='line_1_6' title="bbox 198 757 1207 850; baseline -0.003 -23"><span class='ocrx_word' id='word_1_39' title='bbox 198 765 426 850; x_wconf 77' lang='grc' dir='ltr'><em>Φιλόστρατον</em></span> <span class='ocrx_word' id='word_1_40' title='bbox 449 757 487 828; x_wconf 67' lang='grc' dir='ltr'><em>δὲ</em></span> <span class='ocrx_word' id='word_1_41' title='bbox 508 763 569 828; x_wconf 87' lang='grc' dir='ltr'><em>τὸν</em></span> <span class='ocrx_word' id='word_1_42' title='bbox 591 763 815 845; x_wconf 73' lang='grc' dir='ltr'><strong><em>Κολωνῆθεν,</em></strong></span> <span class='ocrx_word' id='word_1_43' title='bbox 841 759 948 849; x_wconf 80' lang='grc' dir='ltr'><em>ᾔθεον</em></span> <span class='ocrx_word' id='word_1_44' title='bbox 975 763 1024 827; x_wconf 80' lang='grc' dir='ltr'><em>ἔτι</em></span> <span class='ocrx_word' id='word_1_45' title='bbox 1050 763 1132 826; x_wconf 83' lang='grc' dir='ltr'><em>όντα</em></span> <span class='ocrx_word' id='word_1_46' title='bbox 1153 758 1207 825; x_wconf 88' lang='grc' dir='ltr'><em>καλ</em></span> 
     </span>
    </p>
   </div>
   <div class='ocr_carea' id='block_1_3' title="bbox 156 867 1303 1590">
    <p class='ocr_par' dir='ltr' id='par_1_3' title="bbox 195 867 1300 1168">
     <span class='ocr_line' id='line_1_7' title="bbox 196 867 1260 958; baseline -0.001 -26"><span class='ocrx_word' id='word_1_47' title='bbox 196 873 297 954; x_wconf 80' lang='grc' dir='ltr'><strong><em>φίλον</em></strong></span> <span class='ocrx_word' id='word_1_48' title='bbox 320 869 422 958; x_wconf 73' lang='grc' dir='ltr'><em>αὐτῷ,</em></span> <span class='ocrx_word' id='word_1_49' title='bbox 444 871 643 952; x_wconf 78' lang='grc' dir='ltr'><em>καθίστησιν</em></span> <span class='ocrx_word' id='word_1_50' title='bbox 666 868 685 935; x_wconf 84' lang='grc' dir='ltr'><em>ό</em></span> <span class='ocrx_word' id='word_1_51' title='bbox 707 871 837 945; x_wconf 87' lang='grc' dir='ltr'><em>Λνσίας</em></span> <span class='ocrx_word' id='word_1_52' title='bbox 859 867 975 952; x_wconf 79' lang='grc' dir='ltr'><em>αὐτάς,</em></span> <span class='ocrx_word' id='word_1_53' title='bbox 996 870 1058 951; x_wconf 88' lang='grc' dir='ltr'><em>τῆν</em></span> <span class='ocrx_word' id='word_1_54' title='bbox 1079 888 1115 932; x_wconf 91' lang='grc' dir='ltr'><em>τε</em></span> <span class='ocrx_word' id='word_1_55' title='bbox 1137 869 1208 931; x_wconf 89' lang='grc' dir='ltr'><em>Με-</em></span> <span class='ocrx_word' id='word_1_56' title='bbox 1251 880 1260 895; x_wconf 69' lang='grc'><em>’“</em></span> 
     </span>
     <span class='ocr_line' id='line_1_8' title="bbox 195 968 1300 1060; baseline -0.002 -21"><span class='ocrx_word' id='word_1_57' title='bbox 195 974 351 1060; x_wconf 86' lang='grc' dir='ltr'><em>τάνειραν</em></span> <span class='ocrx_word' id='word_1_58' title='bbox 384 973 440 1040; x_wconf 79' lang='grc' dir='ltr'><em>καί</em></span> <span class='ocrx_word' id='word_1_59' title='bbox 473 975 535 1059; x_wconf 81' lang='grc' dir='ltr'><em>την</em></span> <span class='ocrx_word' id='word_1_60' title='bbox 564 972 764 1059; x_wconf 81' lang='grc' dir='ltr'><em>Νικαρέτην.</em></span> <span class='ocrx_word' id='word_1_61' title='bbox 812 975 1058 1058; x_wconf 85' lang='grc' dir='ltr'><em>συνηκολούθει</em></span> <span class='ocrx_word' id='word_1_62' title='bbox 1087 968 1127 1039; x_wconf 66' lang='grc' dir='ltr'><em>δέ</em></span> <span class='ocrx_word' id='word_1_63' title='bbox 1154 971 1208 1038; x_wconf 84' lang='grc' dir='ltr'><em>καὶ</em></span> <span class='ocrx_word' id='word_1_64' title='bbox 1299 1023 1300 1028; x_wconf 33' lang='lat'>1</span> 
     </span>
     <span class='ocr_line' id='line_1_9' title="bbox 197 1077 1209 1168; baseline -0.003 -22"><span class='ocrx_word' id='word_1_65' title='bbox 197 1079 327 1168; x_wconf 81' lang='grc' dir='ltr'><em>Νέαιρα</em></span> <span class='ocrx_word' id='word_1_66' title='bbox 345 1081 453 1166; x_wconf 85' lang='grc' dir='ltr'><em>αὑτηί,</em></span> <span class='ocrx_word' id='word_1_67' title='bbox 471 1079 669 1168; x_wconf 80' lang='grc' dir='ltr'><em>ἐργαζομένη</em></span> <span class='ocrx_word' id='word_1_68' title='bbox 688 1077 749 1166; x_wconf 68' lang='grc' dir='ltr'><em>μέν</em></span> <span class='ocrx_word' id='word_1_69' title='bbox 765 1082 830 1165; x_wconf 86' lang='grc' dir='ltr'><em>ῆδη</em></span> <span class='ocrx_word' id='word_1_70' title='bbox 849 1089 894 1168; x_wconf 78' lang='grc' dir='ltr'><em>τῳ</em></span> <span class='ocrx_word' id='word_1_71' title='bbox 913 1081 1049 1164; x_wconf 86' lang='grc' dir='ltr'><em>σώματι,</em></span> <span class='ocrx_word' id='word_1_72' title='bbox 1066 1077 1209 1164; x_wconf 84' lang='grc' dir='ltr'><em>νεωτέρα</em></span> 
     </span>
    </p>

    <p class='ocr_par' dir='ltr' id='par_1_4' title="bbox 156 1182 1303 1590">
     <span class='ocr_line' id='line_1_10' title="bbox 156 1182 1210 1272; baseline 0.001 -21"><span class='ocrx_word' id='word_1_73' title='bbox 156 1206 182 1246; x_wconf 76' lang='grc' dir='ltr'><em>ιε</em></span> <span class='ocrx_word' id='word_1_74' title='bbox 197 1182 234 1252; x_wconf 71' lang='grc' dir='ltr'><em>δὲ</em></span> <span class='ocrx_word' id='word_1_75' title='bbox 257 1182 341 1255; x_wconf 83' lang='grc' dir='ltr'><em>οὖσα</em></span> <span class='ocrx_word' id='word_1_76' title='bbox 364 1188 480 1254; x_wconf 77' lang='grc' dir='ltr'><em>διὰτὸ</em></span> <span class='ocrx_word' id='word_1_77' title='bbox 504 1190 600 1272; x_wconf 82' lang='grc' dir='ltr'><em>μῆπω</em></span> <span class='ocrx_word' id='word_1_78' title='bbox 623 1187 685 1271; x_wconf 82' lang='grc' dir='ltr'><em>τῆν</em></span> <span class='ocrx_word' id='word_1_79' title='bbox 706 1186 839 1270; x_wconf 73' lang='grc' dir='ltr'><em>ἡλικίαν</em></span> <span class='ocrx_word' id='word_1_80' title='bbox 861 1187 944 1272; x_wconf 80' lang='grc' dir='ltr'><em>αὐτῆ</em></span> <span class='ocrx_word' id='word_1_81' title='bbox 966 1196 1130 1272; x_wconf 71' lang='grc' dir='ltr'><em>παρεῖναι.</em></span> <span class='ocrx_word' id='word_1_82' title='bbox 1166 1187 1210 1263; x_wconf 83' lang='grc' dir='ltr'><em>όις</em></span> 
     </span>
     <span class='ocr_line' id='line_1_11' title="bbox 196 1287 1302 1378; baseline -0.002 -18"><span class='ocrx_word' id='word_1_83' title='bbox 196 1289 260 1360; x_wconf 82' lang='grc' dir='ltr'><em>οὖν</em></span> <span class='ocrx_word' id='word_1_84' title='bbox 291 1293 400 1378; x_wconf 90' lang='grc' dir='ltr'><em>ἀληθῆ</em></span> <span class='ocrx_word' id='word_1_85' title='bbox 432 1291 534 1376; x_wconf 77' lang='grc' dir='ltr'><em>λέγω,</em></span> <span class='ocrx_word' id='word_1_86' title='bbox 571 1292 623 1358; x_wconf 81' lang='grc' dir='ltr'><em>ὅτι</em></span> <span class='ocrx_word' id='word_1_87' title='bbox 653 1290 840 1377; x_wconf 79' lang='grc' dir='ltr'><em>Νικαρέτης</em></span> <span class='ocrx_word' id='word_1_88' title='bbox 869 1287 913 1376; x_wconf 76' lang='grc' dir='ltr'><em>ἧν</em></span> <span class='ocrx_word' id='word_1_89' title='bbox 943 1289 1000 1356; x_wconf 83' lang='grc' dir='ltr'><em>καὶ</em></span> <span class='ocrx_word' id='word_1_90' title='bbox 1029 1292 1210 1375; x_wconf 77' lang='grc' dir='ltr'><em>ἠκολούθει</em></span> <span class='ocrx_word' id='word_1_91' title='bbox 1301 1321 1302 1328; x_wconf 52' lang='grc'><strong>“</strong></span> 
     </span>
     <span class='ocr_line' id='line_1_12' title="bbox 196 1395 1303 1486; baseline 0.003 -21"><span class='ocrx_word' id='word_1_92' title='bbox 196 1399 304 1486; x_wconf 79' lang='grc' dir='ltr'><em>ἐκείνη</em></span> <span class='ocrx_word' id='word_1_93' title='bbox 327 1396 383 1465; x_wconf 82' lang='grc' dir='ltr'><em>καὶ</em></span> <span class='ocrx_word' id='word_1_94' title='bbox 406 1397 601 1484; x_wconf 77' lang='grc' dir='ltr'><em>ἐμισθάρνει</em></span> <span class='ocrx_word' id='word_1_95' title='bbox 623 1407 669 1486; x_wconf 73' lang='grc' dir='ltr'><em>τῷ</em></span> <span class='ocrx_word' id='word_1_96' title='bbox 693 1395 886 1486; x_wconf 75' lang='grc' dir='ltr'><em>βουλομένῳ</em></span> <span class='ocrx_word' id='word_1_97' title='bbox 909 1396 1111 1482; x_wconf 79' lang='grc' dir='ltr'><em>ἀναλίσκειν,</em></span> <span class='ocrx_word' id='word_1_98' title='bbox 1134 1400 1210 1465; x_wconf 86' lang='grc' dir='ltr'><em>τού·</em></span> <span class='ocrx_word' id='word_1_99' title='bbox 1302 1426 1303 1468; x_wconf 73' lang='grc'><strong>;</strong></span> 
     </span>
     <span class='ocr_line' id='line_1_13' title="bbox 197 1502 1120 1590; baseline -0.001 -20"><span class='ocrx_word' id='word_1_100' title='bbox 197 1529 265 1571; x_wconf 92' lang='grc' dir='ltr'><em>των</em></span> <span class='ocrx_word' id='word_1_101' title='bbox 286 1505 368 1589; x_wconf 82' lang='grc' dir='ltr'><em>ὑμίν</em></span> <span class='ocrx_word' id='word_1_102' title='bbox 392 1503 494 1571; x_wconf 87' lang='grc' dir='ltr'><em>αὐτὸν</em></span> <span class='ocrx_word' id='word_1_103' title='bbox 515 1505 575 1570; x_wconf 89' lang='grc' dir='ltr'><em>τὸν</em></span> <span class='ocrx_word' id='word_1_104' title='bbox 600 1507 828 1589; x_wconf 89' lang='grc' dir='ltr'><em>Φιλόστρατον</em></span> <span class='ocrx_word' id='word_1_105' title='bbox 850 1502 1000 1590; x_wconf 88' lang='grc' dir='ltr'><em>μάρτυρα</em></span> <span class='ocrx_word' id='word_1_106' title='bbox 1022 1508 1120 1570; x_wconf 85' lang='grc' dir='ltr'><em>καλῶ.</em></span> 
     </span>
    </p>
   </div>
   <div class='ocr_carea' id='block_1_4' title="bbox 610 1661 800 1713">
    <p class='ocr_par' dir='ltr' id='par_1_5' title="bbox 610 1661 800 1713">
     <span class='ocr_line' id='line_1_14' title="bbox 610 1661 800 1713; baseline 0 -1"><span class='ocrx_word' id='word_1_107' title='bbox 610 1661 800 1713; x_wconf 80' lang='grc' dir='ltr'><strong>ΜΑΡΤΤΡΙΔ.</strong></span> 
     </span>
    </p>
   </div>
   <div class='ocr_carea' id='block_1_5' title="bbox 228 1753 1306 2229">
    <p class='ocr_par' dir='ltr' id='par_1_6' title="bbox 228 1753 1306 2229">
     <span class='ocr_line' id='line_1_15' title="bbox 309 1753 1305 1838; baseline 0.005 -24"><span class='ocrx_word' id='word_1_108' title='bbox 309 1753 507 1836; x_wconf 81' lang='grc' dir='ltr'><em>Φιλόστρατος</em></span> <span class='ocrx_word' id='word_1_109' title='bbox 532 1754 696 1816; x_wconf 88' lang='grc' dir='ltr'><em>Διονυσίου</em></span> <span class='ocrx_word' id='word_1_110' title='bbox 723 1757 908 1834; x_wconf 79' lang='grc' dir='ltr'><em>Κολωνῆθεν</em></span> <span class='ocrx_word' id='word_1_111' title='bbox 935 1760 1080 1838; x_wconf 79' lang='grc' dir='ltr'><em>μαρτυρεῖ</em></span> <span class='ocrx_word' id='word_1_112' title='bbox 1100 1755 1213 1818; x_wconf 75' lang='grc' dir='ltr'><em>εἰδέναι</em></span> <span class='ocrx_word' id='word_1_113' title='bbox 1304 1765 1305 1786; x_wconf 67' lang='lat'>¹</span> 
     </span>
     <span class='ocr_line' id='line_1_16' title="bbox 241 1842 1212 1935; baseline 0.005 -24"><span class='ocrx_word' id='word_1_114' title='bbox 241 1848 375 1933; x_wconf 76' lang='grc' dir='ltr'><em>Νέαιραν</em></span> <span class='ocrx_word' id='word_1_115' title='bbox 393 1849 560 1933; x_wconf 79' lang='grc' dir='ltr'><em>Νικαρέτης</em></span> <span class='ocrx_word' id='word_1_116' title='bbox 582 1842 690 1931; x_wconf 80' lang='grc' dir='ltr'><em>οάσαν,</em></span> <span class='ocrx_word' id='word_1_117' title='bbox 712 1843 805 1934; x_wconf 74' lang='grc' dir='ltr'><em>ἧσπερ</em></span> <span class='ocrx_word' id='word_1_118' title='bbox 827 1851 878 1912; x_wconf 79' lang='grc' dir='ltr'><em>καί</em></span> <span class='ocrx_word' id='word_1_119' title='bbox 896 1852 1067 1935; x_wconf 80' lang='grc' dir='ltr'><em>Μετάνειρα</em></span> <span class='ocrx_word' id='word_1_120' title='bbox 1088 1851 1212 1935; x_wconf 77' lang='grc' dir='ltr'><em>ἐγένετο,</em></span> 
     </span>
     <span class='ocr_line' id='line_1_17' title="bbox 240 1942 1306 2035; baseline 0 -24"><span class='ocrx_word' id='word_1_121' title='bbox 240 1947 290 2011; x_wconf 78' lang='grc' dir='ltr'><em>καὶ</em></span> <span class='ocrx_word' id='word_1_122' title='bbox 311 1949 492 2031; x_wconf 76' lang='grc' dir='ltr'><em>κατάγεσθαι</em></span> <span class='ocrx_word' id='word_1_123' title='bbox 513 1942 585 2030; x_wconf 91' lang='grc' dir='ltr'><em>παρ’</em></span> <span class='ocrx_word' id='word_1_124' title='bbox 610 1947 705 2035; x_wconf 74' lang='grc' dir='ltr'><em>αὐτῷ,</em></span> <span class='ocrx_word' id='word_1_125' title='bbox 733 1947 780 2012; x_wconf 81' lang='grc' dir='ltr'><em>ὅτε</em></span> <span class='ocrx_word' id='word_1_126' title='bbox 806 1949 848 2021; x_wconf 83' lang='grc' dir='ltr'><em>εἰς</em></span> <span class='ocrx_word' id='word_1_127' title='bbox 874 1947 910 2010; x_wconf 87' lang='grc' dir='ltr'><em>τὰ</em></span> <span class='ocrx_word' id='word_1_128' title='bbox 933 1950 1078 2032; x_wconf 77' lang='grc' dir='ltr'><em>μυστήρια</em></span> <span class='ocrx_word' id='word_1_129' title='bbox 1105 1949 1212 2028; x_wconf 76' lang='grc' dir='ltr'><em>ἔπεδῆ-</em></span> <span class='ocrx_word' id='word_1_130' title='bbox 1305 1943 1306 1948; x_wconf 28' lang='lat'>¹</span> 
     </span>
     <span class='ocr_line' id='line_1_18' title="bbox 228 2043 1212 2132; baseline 0 -24"><span class='ocrx_word' id='word_1_131' title='bbox 228 2049 354 2127; x_wconf 84' lang='grc' dir='ltr'><em>’μησαν,</em></span> <span class='ocrx_word' id='word_1_132' title='bbox 381 2044 415 2108; x_wconf 74' lang='grc' dir='ltr'><em>ἐν</em></span> <span class='ocrx_word' id='word_1_133' title='bbox 441 2045 586 2132; x_wconf 76' lang='grc' dir='ltr'><em>Κορίνθῳ</em></span> <span class='ocrx_word' id='word_1_134' title='bbox 614 2045 762 2108; x_wconf 78' lang='grc' dir='ltr'><em>οἰκοῦσαι·</em></span> <span class='ocrx_word' id='word_1_135' title='bbox 789 2054 968 2125; x_wconf 89' lang='grc' dir='ltr'><em>καταστῆσαι</em></span> <span class='ocrx_word' id='word_1_136' title='bbox 997 2043 1029 2108; x_wconf 77' lang='grc' dir='ltr'><em>δὲ</em></span> <span class='ocrx_word' id='word_1_137' title='bbox 1056 2045 1148 2120; x_wconf 83' lang='grc' dir='ltr'><em>αι’πδις</em></span> <span class='ocrx_word' id='word_1_138' title='bbox 1172 2043 1212 2120; x_wconf 78' lang='grc' dir='ltr'><em>ὥς</em></span> 
     </span>
     <span class='ocr_line' id='line_1_19' title="bbox 240 2139 1210 2229; baseline 0 -23"><span class='ocrx_word' id='word_1_139' title='bbox 240 2143 332 2208; x_wconf 75' lang='grc' dir='ltr'><em>αὑτὸν</em></span> <span class='ocrx_word' id='word_1_140' title='bbox 353 2145 474 2205; x_wconf 82' lang='grc' dir='ltr'><em>Λυσίαν</em></span> <span class='ocrx_word' id='word_1_141' title='bbox 496 2141 548 2205; x_wconf 81' lang='grc' dir='ltr'><em>τόν</em></span> <span class='ocrx_word' id='word_1_142' title='bbox 570 2143 727 2224; x_wconf 85' lang='grc' dir='ltr'><em>Κεφάλου,</em></span> <span class='ocrx_word' id='word_1_143' title='bbox 754 2142 843 2221; x_wconf 85' lang='grc' dir='ltr'><em>φίλον</em></span> <span class='ocrx_word' id='word_1_144' title='bbox 866 2139 938 2204; x_wconf 84' lang='grc' dir='ltr'><em>όντα</em></span> <span class='ocrx_word' id='word_1_145' title='bbox 959 2141 1053 2229; x_wconf 73' lang='grc' dir='ltr'><em>ἑαυτῷ</em></span> <span class='ocrx_word' id='word_1_146' title='bbox 1075 2143 1127 2206; x_wconf 80' lang='grc' dir='ltr'><em>καλ</em></span> <span class='ocrx_word' id='word_1_147' title='bbox 1148 2143 1210 2206; x_wconf 78' lang='grc' dir='ltr'><em>έπε-</em></span> 
     </span>
    </p>
   </div>
   <div class='ocr_carea' id='block_1_6' title="bbox 157 2242 1278 3275">
    <p class='ocr_par' dir='ltr' id='par_1_7' title="bbox 240 2242 367 2321">
     <span class='ocr_line' id='line_1_20' title="bbox 240 2242 367 2321; baseline -0.024 -17"><span class='ocrx_word' id='word_1_148' title='bbox 240 2242 367 2321; x_wconf 84' lang='grc' dir='ltr'><em>τήδειον.</em></span> 
     </span>
    </p>

    <p class='ocr_par' dir='ltr' id='par_1_8' title="bbox 157 2338 1211 3066">
     <span class='ocr_line' id='line_1_21' title="bbox 157 2338 1211 2429; baseline 0.001 -20"><span class='ocrx_word' id='word_1_149' title='bbox 157 2362 183 2401; x_wconf 74' lang='lat'><em>2⁴</em></span> <span class='ocrx_word' id='word_1_150' title='bbox 263 2344 376 2410; x_wconf 90' lang='grc' dir='ltr'><em>Πάλιν</em></span> <span class='ocrx_word' id='word_1_151' title='bbox 393 2347 510 2410; x_wconf 90' lang='grc' dir='ltr'><em>τοίνυν</em></span> <span class='ocrx_word' id='word_1_152' title='bbox 529 2338 554 2408; x_wconf 82' lang='grc' dir='ltr'><em>ὦ</em></span> <span class='ocrx_word' id='word_1_153' title='bbox 574 2343 694 2427; x_wconf 87' lang='grc' dir='ltr'><em>ἀνδρες</em></span> <span class='ocrx_word' id='word_1_154' title='bbox 703 2339 877 2426; x_wconf 79' lang='grc' dir='ltr'><em>Ἀθηναῖοι</em></span> <span class='ocrx_word' id='word_1_155' title='bbox 895 2343 975 2426; x_wconf 85' lang='grc' dir='ltr'><em>μετά</em></span> <span class='ocrx_word' id='word_1_156' title='bbox 988 2353 1091 2409; x_wconf 82' lang='grc' dir='ltr'><em>ταῦτα</em></span> <span class='ocrx_word' id='word_1_157' title='bbox 1104 2348 1211 2429; x_wconf 75' lang='grc' dir='ltr'><em>Σῖμος</em></span> 
     </span>
     <span class='ocr_line' id='line_1_22' title="bbox 197 2446 1210 2538; baseline 0.002 -22"><span class='ocrx_word' id='word_1_158' title='bbox 197 2450 215 2516; x_wconf 89' lang='grc' dir='ltr'>ὁ</span> <span class='ocrx_word' id='word_1_159' title='bbox 245 2450 406 2526; x_wconf 81' lang='grc' dir='ltr'><em>Θετταλὸς</em></span> <span class='ocrx_word' id='word_1_160' title='bbox 433 2451 518 2535; x_wconf 81' lang='grc' dir='ltr'><em>ἔχων</em></span> <span class='ocrx_word' id='word_1_161' title='bbox 545 2446 696 2534; x_wconf 81' lang='grc' dir='ltr'><em>Νέαιραν</em></span> <span class='ocrx_word' id='word_1_162' title='bbox 727 2447 865 2533; x_wconf 82' lang='grc' dir='ltr'><em>ταυτηνὶ</em></span> <span class='ocrx_word' id='word_1_163' title='bbox 897 2447 1082 2535; x_wconf 82' lang='grc' dir='ltr'><em>ἀφικνεῖται</em></span> <span class='ocrx_word' id='word_1_164' title='bbox 1109 2452 1210 2538; x_wconf 83' lang='grc' dir='ltr'><em>δεῦρο</em></span> 
     </span>
     <span class='ocr_line' id='line_1_23' title="bbox 197 2552 1210 2639; baseline 0.002 -18"><span class='ocrx_word' id='word_1_165' title='bbox 197 2559 244 2632; x_wconf 83' lang='grc' dir='ltr'><em>είς</em></span> <span class='ocrx_word' id='word_1_166' title='bbox 270 2557 311 2620; x_wconf 85' lang='grc' dir='ltr'><em>τὰ</em></span> <span class='ocrx_word' id='word_1_167' title='bbox 333 2556 559 2639; x_wconf 76' lang='grc' dir='ltr'><em>Παναθήναια</em></span> <span class='ocrx_word' id='word_1_168' title='bbox 585 2556 626 2619; x_wconf 85' lang='grc' dir='ltr'><em>τά</em></span> <span class='ocrx_word' id='word_1_169' title='bbox 652 2555 786 2638; x_wconf 89' lang='grc' dir='ltr'><em>μεγάλα.</em></span> <span class='ocrx_word' id='word_1_170' title='bbox 828 2556 1072 2639; x_wconf 84' lang='grc' dir='ltr'><em>συνηκολούθει</em></span> <span class='ocrx_word' id='word_1_171' title='bbox 1095 2552 1134 2622; x_wconf 74' lang='grc' dir='ltr'><em>δὲ</em></span> <span class='ocrx_word' id='word_1_172' title='bbox 1155 2555 1210 2623; x_wconf 84' lang='grc' dir='ltr'><em>καλ</em></span> 
     </span>
     <span class='ocr_line' id='line_1_24' title="bbox 197 2656 1208 2751; baseline 0.004 -27"><span class='ocrx_word' id='word_1_173' title='bbox 197 2660 217 2743; x_wconf 79' lang='grc' dir='ltr'><em>ἡ</em></span> <span class='ocrx_word' id='word_1_174' title='bbox 240 2658 408 2746; x_wconf 81' lang='grc' dir='ltr'><em>Νικαρέτη</em></span> <span class='ocrx_word' id='word_1_175' title='bbox 436 2660 534 2746; x_wconf 77' lang='grc' dir='ltr'><em>αὐτῆ,</em></span> <span class='ocrx_word' id='word_1_176' title='bbox 565 2664 747 2745; x_wconf 88' lang='grc' dir='ltr'><em>κατῆγοντο</em></span> <span class='ocrx_word' id='word_1_177' title='bbox 776 2656 814 2726; x_wconf 73' lang='grc' dir='ltr'><em>δὲ</em></span> <span class='ocrx_word' id='word_1_178' title='bbox 839 2661 928 2748; x_wconf 85' lang='grc' dir='ltr'><em>παρά</em></span> <span class='ocrx_word' id='word_1_179' title='bbox 956 2663 1138 2750; x_wconf 74' lang='grc' dir='ltr'><em>Κτησίππῳ</em></span> <span class='ocrx_word' id='word_1_180' title='bbox 1164 2674 1208 2751; x_wconf 82' lang='grc' dir='ltr'><em>τῳ</em></span> 
     </span>
     <span class='ocr_line' id='line_1_25' title="bbox 198 2763 1210 2852; baseline 0.003 -20"><span class='ocrx_word' id='word_1_181' title='bbox 198 2766 437 2832; x_wconf 80' lang='grc' dir='ltr'><em>Γλαυκωνίδου</em></span> <span class='ocrx_word' id='word_1_182' title='bbox 459 2774 505 2852; x_wconf 78' lang='grc' dir='ltr'><em>τῷ</em></span> <span class='ocrx_word' id='word_1_183' title='bbox 529 2766 738 2852; x_wconf 87' lang='grc' dir='ltr'><em>Κνδαντίδη,</em></span> <span class='ocrx_word' id='word_1_184' title='bbox 765 2763 821 2832; x_wconf 79' lang='grc' dir='ltr'><em>καὶ</em></span> <span class='ocrx_word' id='word_1_185' title='bbox 850 2767 1005 2834; x_wconf 83' lang='grc' dir='ltr'><em>συνέπινε</em></span> <span class='ocrx_word' id='word_1_186' title='bbox 1031 2767 1087 2834; x_wconf 83' lang='grc' dir='ltr'><em>καὶ</em></span> <span class='ocrx_word' id='word_1_187' title='bbox 1114 2785 1210 2835; x_wconf 85' lang='grc' dir='ltr'><em>σννε·</em></span> 
     </span>
     <span class='ocr_line' id='line_1_26' title="bbox 199 2869 1210 2960; baseline 0.003 -23"><span class='ocrx_word' id='word_1_188' title='bbox 199 2874 325 2937; x_wconf 89' lang='grc' dir='ltr'><em>δείπνει</em></span> <span class='ocrx_word' id='word_1_189' title='bbox 348 2869 501 2940; x_wconf 77' lang='grc' dir='ltr'><em>ἐναντίον</em></span> <span class='ocrx_word' id='word_1_190' title='bbox 527 2877 661 2938; x_wconf 83' lang='grc' dir='ltr'><em>πολλῶν</em></span> <span class='ocrx_word' id='word_1_191' title='bbox 683 2871 814 2956; x_wconf 86' lang='grc' dir='ltr'><em>Νέαιρα</em></span> <span class='ocrx_word' id='word_1_192' title='bbox 841 2871 937 2957; x_wconf 79' lang='grc' dir='ltr'><em>αὑτηί</em></span> <span class='ocrx_word' id='word_1_193' title='bbox 965 2873 1010 2950; x_wconf 83' lang='grc' dir='ltr'><em>ὡς</em></span> <span class='ocrx_word' id='word_1_194' title='bbox 1033 2873 1075 2939; x_wconf 82' lang='grc' dir='ltr'><em>δν</em></span> <span class='ocrx_word' id='word_1_195' title='bbox 1098 2872 1210 2960; x_wconf 84' lang='grc' dir='ltr'><em>ἑταίρα</em></span> 
     </span>
     <span class='ocr_line' id='line_1_27' title="bbox 198 2973 1210 3066; baseline 0.003 -22"><span class='ocrx_word' id='word_1_196' title='bbox 198 2973 290 3044; x_wconf 84' lang='grc' dir='ltr'><em>οὖσα</em></span> <span class='ocrx_word' id='word_1_197' title='bbox 327 2973 383 3040; x_wconf 84' lang='grc' dir='ltr'><em>καλ</em></span> <span class='ocrx_word' id='word_1_198' title='bbox 405 2975 457 3040; x_wconf 85' lang='grc' dir='ltr'><em>ὅτι</em></span> <span class='ocrx_word' id='word_1_199' title='bbox 480 2975 589 3061; x_wconf 86' lang='grc' dir='ltr'><em>ἀληθῆ</em></span> <span class='ocrx_word' id='word_1_200' title='bbox 613 2976 710 3062; x_wconf 88' lang='grc' dir='ltr'><em>λέγω,</em></span> <span class='ocrx_word' id='word_1_201' title='bbox 732 2979 861 3045; x_wconf 82' lang='grc' dir='ltr'><em>τούτων</em></span> <span class='ocrx_word' id='word_1_202' title='bbox 883 2979 964 3063; x_wconf 74' lang='grc' dir='ltr'><em>ὑμῖν</em></span> <span class='ocrx_word' id='word_1_203' title='bbox 987 2982 1066 3057; x_wconf 82' lang='grc' dir='ltr'><em>τοὺς</em></span> <span class='ocrx_word' id='word_1_204' title='bbox 1087 2981 1210 3066; x_wconf 89' lang='grc' dir='ltr'><em>μάρτυ-</em></span> 
     </span>
    </p>

    <p class='ocr_par' dir='ltr' id='par_1_9' title="bbox 158 3083 1278 3275">
     <span class='ocr_line' id='line_1_28' title="bbox 158 3083 1278 3169; baseline 0.004 -19"><span class='ocrx_word' id='word_1_205' title='bbox 158 3107 184 3150; x_wconf 81' lang='grc' dir='ltr'><em>ιο</em></span> <span class='ocrx_word' id='word_1_206' title='bbox 198 3107 257 3169; x_wconf 82' lang='grc' dir='ltr'><em>ρας</em></span> <span class='ocrx_word' id='word_1_207' title='bbox 279 3086 378 3148; x_wconf 82' lang='grc' dir='ltr'><em>καλῶ.</em></span> <span class='ocrx_word' id='word_1_208' title='bbox 414 3085 473 3147; x_wconf 92' lang='grc' dir='ltr'><em>καί</em></span> <span class='ocrx_word' id='word_1_209' title='bbox 491 3106 548 3167; x_wconf 92' lang='grc' dir='ltr'><em>μοι</em></span> <span class='ocrx_word' id='word_1_210' title='bbox 565 3084 657 3149; x_wconf 89' lang='grc' dir='ltr'><em>κάλει</em></span> <span class='ocrx_word' id='word_1_211' title='bbox 675 3083 868 3169; x_wconf 77' lang='grc' dir='ltr'><em>Εὐφίλητον</em></span> <span class='ocrx_word' id='word_1_212' title='bbox 886 3089 1042 3169; x_wconf 88' lang='grc' dir='ltr'><em>Σίμωνος</em></span> <span class='ocrx_word' id='word_1_213' title='bbox 1058 3086 1211 3165; x_wconf 76' lang='grc' dir='ltr'><em>Αἰξωνέα</em></span> <span class='ocrx_word' id='word_1_214' title='bbox 1221 3113 1278 3163; x_wconf 73' lang='lat'>13⁵³</span> 
     </span>
     <span class='ocr_line' id='line_1_29' title="bbox 197 3186 1007 3275; baseline 0.004 -20"><span class='ocrx_word' id='word_1_215' title='bbox 197 3187 252 3256; x_wconf 79' lang='grc' dir='ltr'><em>καί</em></span> <span class='ocrx_word' id='word_1_216' title='bbox 272 3186 509 3275; x_wconf 81' lang='grc' dir='ltr'><em>Ἀριστόμαχον</em></span> <span class='ocrx_word' id='word_1_217' title='bbox 532 3190 746 3274; x_wconf 78' lang='grc' dir='ltr'><em>Κριτοδήμου</em></span> <span class='ocrx_word' id='word_1_218' title='bbox 766 3187 1007 3275; x_wconf 80' lang='grc' dir='ltr'><em>Ἀλωπεκῆθεν.</em></span> 
     </span>
    </p>
   </div>
   <div class='ocr_carea' id='block_1_7' title="bbox 243 3331 1210 3603">
    <p class='ocr_par' dir='ltr' id='par_1_10' title="bbox 243 3331 1210 3603">
     <span class='ocr_line' id='line_1_30' title="bbox 600 3331 801 3386; baseline 0.03 -6"><span class='ocrx_word' id='word_1_219' title='bbox 600 3331 801 3386; x_wconf 78' lang='grc' dir='ltr'>ΜΑΡΤΤΡΕΣ.</span> 
     </span>
     <span class='ocr_line' id='line_1_31' title="bbox 308 3417 1210 3511; baseline 0.006 -25"><span class='ocrx_word' id='word_1_220' title='bbox 308 3423 482 3502; x_wconf 76' lang='grc' dir='ltr'><em>Εὐφίλητος</em></span> <span class='ocrx_word' id='word_1_221' title='bbox 508 3422 647 3502; x_wconf 88' lang='grc' dir='ltr'><em>Σίμωνος</em></span> <span class='ocrx_word' id='word_1_222' title='bbox 674 3423 842 3503; x_wconf 76' lang='grc' dir='ltr'><em>Αἰξωνεύς,</em></span> <span class='ocrx_word' id='word_1_223' title='bbox 872 3417 1077 3508; x_wconf 76' lang='grc' dir='ltr'><em>Ἀριστόμαχος</em></span> <span class='ocrx_word' id='word_1_224' title='bbox 1103 3430 1210 3511; x_wconf 84' lang='grc' dir='ltr'><em>Κριτο·</em></span> 
     </span>
     <span class='ocr_line' id='line_1_32' title="bbox 243 3513 1209 3603; baseline 0.009 -24"><span class='ocrx_word' id='word_1_225' title='bbox 243 3520 340 3600; x_wconf 85' lang='grc' dir='ltr'><em>δῆμον</em></span> <span class='ocrx_word' id='word_1_226' title='bbox 356 3513 573 3600; x_wconf 77' lang='grc' dir='ltr'><em>Ἀλωπεκῆθεν,</em></span> <span class='ocrx_word' id='word_1_227' title='bbox 596 3528 795 3601; x_wconf 83' lang='grc' dir='ltr'><em>μαρτυροῦσιν</em></span> <span class='ocrx_word' id='word_1_228' title='bbox 816 3520 926 3583; x_wconf 83' lang='grc' dir='ltr'><em>εἰδέναι</em></span> <span class='ocrx_word' id='word_1_229' title='bbox 947 3527 1046 3603; x_wconf 86' lang='grc' dir='ltr'><em>Σῖμον</em></span> <span class='ocrx_word' id='word_1_230' title='bbox 1067 3523 1119 3586; x_wconf 85' lang='grc' dir='ltr'><em>τὸν</em></span> <span class='ocrx_word' id='word_1_231' title='bbox 1140 3527 1209 3589; x_wconf 66' lang='lat' dir='ltr'><em>ea-</em></span> 
     </span>
    </p>
   </div>
   <div class='ocr_carea' id='block_1_8' title="bbox 0 0 1330 3918">
    <p class='ocr_par' dir='ltr' id='par_1_11' title="bbox 0 0 1330 3918">
     <span class='ocr_line' id='line_1_33' title="bbox 0 0 1330 3918; baseline 0 1"><span class='ocrx_word' id='word_1_232' title='bbox 0 0 1330 3918; x_wconf 95' lang='lat' dir='ltr'><em> </em></span> 
     </span>
    </p>
   </div>
  </div>
 </body>
</html>
