2654 3926
194 191 237 253 24
479 193 576 246 mn.
604 189 908 262 [ΔΗιιοΣοεαονε]

194 345 241 418 ὧν
263 352 504 430 κατεψεύδοντο
522 350 631 434 ἡμῶν·
653 349 800 435 πέμπτον
822 352 885 435 γάρ
909 348 1006 435 μέρος
1028 346 1117 436 είχον
1139 360 1202 416 τοῦ

193 456 321 534 ὕδατος.
358 455 472 522 καὶτὸ
496 459 642 542 σόφισμα
659 451 702 540 ἦν
719 465 828 540 τοῦτο,
851 457 970 533 αὐτοὺς
987 451 1049 540 μὲν
1072 453 1202 533 ἑαυτοῖς

194 565 477 646 συναγωνίζεσθαι
499 559 555 627 καλ
578 562 753 646 ὁμολογεῖν
780 564 923 646 ἅπαντα,
948 560 1024 646 περὶ
1042 562 1139 646 ,ἡμῶν
1162 559 1296 628 661053

154 685 180 724 1⁰
194 665 302 752 λέγειν
325 668 364 732 τά
387 669 597 735 οὐδεπώποτε
619 672 791 752 γενόμενα.
827 666 882 734 καλ
904 678 1023 734 τοῦτον
1044 669 1103 734 τὸν
1124 671 1201 748 τρό-

192 795 257 839 πον
284 773 589 858 ἐπιβουλευσάντων
621 771 676 838 καὶ
707 771 1019 857 συναγωνιζομένων
1045 771 1202 857 ἀλληλοις

193 876 243 964 ἐφ’
261 878 356 962 ἡμᾶς,
370 880 536 944 καδίσκων
555 879 717 963 τεττάρων
735 877 900 945 τεθέντων
917 878 998 944 κατὰ
1011 879 1070 944 τὸν
1082 881 1201 962 νόμον,

192 986 325 1062 εἰκότως
342 978 434 1068 οίμαι
448 985 483 1050 οί
495 982 646 1050 δικασταί
664 983 915 1068 ἐξηπατήθησαν
929 982 985 1049 καὶ
1003 983 1200 1050 ἐστασίασαν

192 1088 347 1174 ἀλληλοις
376 1089 432 1156 καὶ
462 1088 770 1176 παρακρουσθέντες
805 1090 869 1157 ὑπὸ
906 1099 964 1174 τῆς
993 1099 1201 1175 παρασκευῆς

192 1195 388 1282 ἐψηφίζοντο
411 1197 431 1261 6
453 1220 485 1262 τι
503 1199 617 1282 ἔτυχεν
636 1195 779 1275 ἕκαστος.
815 1194 872 1262 καί
893 1197 931 1262 αί
949 1205 1055 1282 ψῆφοι
1073 1196 1201 1280 ὀλίγαις

191 1303 279 1368 πάνυ
304 1301 457 1386 ἐγένοντο
479 1305 627 1386 πλείους,
649 1301 670 1386 ἢ
693 1299 802 1385 τρισὶν
829 1301 850 1386 ἢ
877 1299 1061 1385 τέτταρσιν,
1087 1300 1125 1367 ἐν
1151 1311 1198 1390 τῷ

193 1411 390 1493 Θεοπόμπου
411 1409 558 1495 καδίσκῳ
582 1406 603 1491 ἢ
627 1407 664 1473 ἐν
686 1417 731 1496 τῷ
755 1416 811 1492 τῆς
833 1410 997 1492 γυναικός.

154 1532 178 1570 11
258 1511 325 1578 Καὶ
342 1516 415 1578 τότε
432 1509 494 1597 μὲν
512 1522 614 1579 ταῦτα
632 1508 658 1578 ὦ
677 1515 797 1598 ἄνδρες
820 1510 969 1580 δικασταὶ
990 1507 1033 1596 ἦν
1054 1513 1095 1578 τά
1116 1535 1200 1597 πρα-

191 1616 322 1704 χθέντα.
367 1618 480 1702 ἐπειδὴ
509 1616 539 1683 δ’
568 1617 683 1685 οὑτοσὶ
706 1619 724 1686 6
746 1630 822 1696 παῖς
849 1617 977 1703 ἐγένετο
1008 1615 1064 1684 καλ
1090 1618 1201 1685 ἐδόκει

190 1726 303 1809 καιρὸς
323 1718 420 1807 εἶναι,
443 1723 504 1789 οὐκ
527 1722 698 1807 ὀργισθείς
721 1723 785 1807 ἐγὼ
807 1735 876 1801 τοῖς
899 1723 1100 1809 γενομένοις,
1122 1723 1194 1790 ἀλλ’

190 1819 373 1914 ἡγούμενος
394 1831 481 1907 είκίς
502 1853 533 1895 τι
556 1837 679 1896 παθεῖν
698 1832 775 1906 τοὺς
793 1832 865 1895 τότε
889 1830 1088 1913 δικάζοντας,
1111 1832 1200 1914 είσή-

191 1960 295 2020 γαγον
317 1937 364 2012 είς
385 1938 463 2013 τοὺς
484 1936 647 2022 φράτερας
672 1938 749 2012 τοὺς
771 1945 832 2001 τοῦ
848 1932 983 2017 Ἀγνίου
1007 1936 1200 2022 Εὐβουλίδη

191 2044 249 2108 τὸν
267 2043 369 2106 παῖδα
385 2045 530 2125 τουτονί,
553 2040 589 2106 ἐκ
606 2050 663 2126 τῆς
686 2043 854 2126 θυγατρὸς
877 2042 958 2106 ὄντα
978 2050 1035 2124 τῆς
1058 2039 1201 2124 ἐκείνου,

152 2166 178 2206 ¹2
191 2149 247 2214 ἵνα
278 2148 322 2234 μὴ
354 2145 545 2232 ἐξερημωθῇ
578 2146 596 2213 6
628 2142 726 2224 οίιως.
772 2145 897 2223 ἐκεῖνος
928 2146 991 2231 γάρ
1023 2141 1049 2211 ὦ
1081 2147 1202 2233 ἄνδρες

192 2250 341 2318 δικασταὶ
368 2253 386 2319 6
409 2253 634 2336 Εὐβουλίδης,
663 2252 681 2318 6
708 2260 754 2339 τῷ
777 2248 893 2339 Ἁγνίᾳ
919 2249 1007 2334 γένει
1034 2251 1081 2317 δν
1103 2251 1201 2337 ἐγγυ-

191 2359 287 2443 τάτω,
309 2359 448 2442 μάλιστα
470 2355 533 2443 μὲν
555 2358 676 2443 ηὔχετο
693 2369 763 2434 τοῖς
784 2363 877 2435 θεοῖς
898 2357 975 2424 νίδν
998 2357 1085 2445 αὑτῷ
1109 2357 1201 2441 γενέ·

192 2471 287 2548 σθαι,
319 2467 427 2550 ὥσπερ
459 2462 514 2530 καὶ
545 2463 566 2547 ἡ
598 2465 749 2548 θυγάτηρ
781 2463 802 2547 ἡ
833 2461 968 2530 τουτουὶ
1003 2466 1108 2548 μήτηρ
1139 2475 1201 2530 τοῦ

190 2571 308 2647 παιδὸς
333 2571 422 2656 αὐτῷ
449 2566 593 2653 ἐγένετο·
627 2569 739 2653 ἐπειδὴ
772 2565 809 2635 δέ
835 2570 954 2635 τούτου
981 2566 1118 2654 ἀπέτυχε
1145 2569 1201 2635 καὶ

192 2676 253 2742 οὐκ
282 2673 410 2759 ἐγένετο
439 2685 515 2752 παῖς
543 2676 648 2760 ἄρρην
678 2673 765 2763 αὐτῷ
796 2669 875 2740 οὐδὲ
904 2665 967 2757 είς,
995 2674 1076 2758 μετδι
1103 2673 1197 2740 ταῦτ’

190 2782 254 2865 ἤδη
274 2780 475 2859 ἐσπούδαζεν
494 2781 581 2858 ὅπως
599 2780 637 2845 ἐκ
654 2788 711 2864 τῆς
728 2783 895 2866 θυγατρὸς
913 2782 1088 2865 εἰσποιηθῇ
1111 2781 1200 2869 αὑτῷ

190 2887 263 2963 υίὸς
289 2889 336 2963 είς
364 2889 423 2952 τὸν
451 2882 544 2952 οἶκον
576 2889 635 2953 τὸν
663 2884 782 2952 ἑαυτοῦ
808 2883 948 2952 καὶτὸν
970 2884 1120 2968 Ἁγνίου,
1146 2885 1202 2952 καί

190 2994 238 3070 είς
259 2995 338 3069 τοὺς
360 2992 523 3078 φράτερας
546 2993 685 3076 είσαχθῇ
708 2994 785 3068 τοὺς
808 2990 948 3074 ἐκείνου,
969 2991 1152 3076 ἡγούμενος
1170 2987 1201 3056 «ὦ

191 3098 311 3184 ἄνδρες
335 3094 485 3162 δικασταὶ
504 3095 624 3160 ἐκτῶν
645 3095 837 3160 ὑπολοίπων
855 3105 974 3161 τοῦτον
991 3091 1077 3161 εἶναι
1096 3094 1200 3185 ἑαυτῷ

191 3206 404 3286 οἰκειότατον,
426 3200 482 3268 καὶ
505 3201 609 3278 οὕτως
626 3200 669 3267 διν
687 3201 826 3285 μάλιστα
848 3202 907 3267 τὸν
929 3197 1022 3267 οἶκον
1043 3204 1103 3268 τὸν
1125 3199 1202 3267 ἑαυ-

152 3329 177 3369 ιε
192 3319 257 3376 τῶν
280 3305 502 3396 διασῴζεσθαι
530 3305 584 3372 καλ
611 3306 672 3373 ωἰκ
701 3305 743 3372 διν
766 3306 1023 3390 ἐξερημωθῆναι.
1060 3304 1115 3372 καὶ
1136 3306 1201 3392 ἐγὼ

191 3425 293 3482 ταῦτα
320 3411 495 3499 ὑπηρέτησ’
531 3412 637 3500 αὐτῷ,
664 3412 682 3478 6
709 3414 770 3498 τὴν
796 3412 1007 3497 Εὐβουλίδου
1033 3412 1202 3497 θυγατέρα

194 3523 277 3607 ἔχων
296 3519 568 3602 ἐπιδικασάμενος
586 3515 674 3602 γένει
693 3519 740 3584 ὢν
758 3517 934 3602 ἐγγυτάτω,
951 3515 1006 3583 καλ
1024 3520 1201 3602 είσψγαγον
1212 3531 1275 3580 1054
