2656 3926
489 170 682 222 ΕΠΙΣΤΟΛΗ
700 172 745 224 VI.
1057 169 1123 232 427

106 330 303 413 προσδοκᾶν
334 331 456 407 ἱκανῶς
484 328 710 415 γεγραμμένη,
739 342 809 407 τοῖς
838 328 867 395 δ’
902 329 1125 415 ὑπηρετοῦσιν

104 434 310 526 Ἀντιπάτρῳ
328 439 472 512 πολλοὺς
489 434 543 501 καλ
562 437 732 521 δυσχερεῖς
750 435 974 502 ἀπολείπουσα
993 439 1126 517 λόγους,

109 546 147 608 οἳ
168 546 414 627 παραλαβόντες
441 543 480 607 τά
509 539 587 627 παρ’
611 539 826 628 Ἀντιπάτρου
848 543 1022 627 γράμματα
1044 542 1126 627 πρὸς

110 651 303 734 Δείναρχον
326 650 373 724 είς
394 651 570 733 Κόρινθον
593 646 748 731 ἐλθόντα,
771 646 898 724 ἁπάσας
918 648 976 724 τὰς
998 645 1035 712 ἐν
1059 651 1125 712 Πε-

111 756 310 844 λοποννήσῳ
332 757 445 830 πόλεις
466 754 627 819 τοιούτων
650 757 760 837 λόγων
783 755 945 837 ἔπλησαν,
973 753 1055 818 οἵων
1078 755 1126 831 είς

80 859 262 943 εκεφαλην
285 859 396 925 αὐτῶν
418 856 573 944 τρέψειαν
596 859 632 924 οἱ
650 862 736 927 θεοί.
777 856 981 944 ἀφικομένου
1005 854 1042 924 δὲ
1064 868 1125 926 τοῦ
1186 940 1190 949 Ι

110 976 178 1031 νῦν
200 965 339 1049 ἥκοντος
360 964 440 1048 μετὰ
467 973 527 1029 τοῦ
553 959 629 1050 παρ’
657 963 738 1048 ἐμοῦ
765 961 925 1048 φέροντος
952 964 1125 1048 γράμματα

110 1072 201 1158 παρά
219 1073 452 1154 Πολεμαΐστου
470 1071 553 1154 πρὸς
575 1071 634 1136 τὸν
656 1069 804 1156 ἀδελφὸν
822 1068 1003 1152 Ἐπίνικον,
1026 1067 1120 1154 ἄνδρ’

109 1177 194 1262 ὑμῖν
216 1178 341 1243 εὔνουν
362 1172 417 1240 καὶ
441 1173 514 1258 ἐμοὶ
537 1179 654 1260 φίλον,
682 1174 836 1242 κάκείνου
864 1179 946 1261 πρὸς
969 1172 1018 1259 ἔμ’
1046 1173 1125 1258 άγα-
1135 1193 1203 1244 1492

110 1286 243 1367 γόντος,
265 1281 448 1348 άκούσαντί
466 1304 523 1366 μοι
546 1280 567 1346 ἃ
589 1285 702 1365 ἔλεγεν
726 1281 834 1348 ἐδόκει
855 1284 938 1365 πρὸς
960 1281 1046 1367 ὑμᾶς
1067 1281 1126 1346 αὐ-

111 1391 173 1454 τὸν
196 1386 402 1472 ἀποστεῖλαι,
429 1386 518 1463 ὅπως
538 1387 646 1453 πάντα
669 1397 782 1472 σαφῶς
805 1387 1004 1464 ἀκούσαντες
1025 1388 1065 1452 τά
1088 1385 1125 1452 ἐν

112 1503 159 1582 τῷ
188 1491 397 1582 στρατοπέδῳ
425 1496 585 1576 γεγονότα
611 1503 672 1559 τοῦ
698 1492 774 1580 περὶ
800 1495 861 1578 την
888 1494 996 1579 μάχην
1021 1514 1125 1577 παρα-

113 1597 348 1684 γεγενημένου,
371 1595 455 1664 τότ’
479 1599 526 1675 είς
547 1601 585 1666 τὸ
608 1602 715 1684 παρὸν
737 1606 895 1685 θαρρῆτε,
916 1597 972 1664 καὶ
994 1599 1034 1663 τά
1057 1603 1126 1664 λοι-

113 1708 159 1773 πὰ
186 1715 254 1771 τῶν
280 1711 372 1770 θεῶν
398 1706 571 1771 θελόντων
603 1704 648 1782 ὡς
674 1702 833 1790 βούλεσθ’
865 1703 951 1786 ἕξειν
978 1704 1126 1790 ὑπολαμ-

114 1812 246 1898 βάνητε.
286 1810 460 1896 εὐτυχεῖτε.
