2658 3922
473 247 573 300 ΠΡΟΣ
591 246 841 300 υυΒουΛιΔΗυ.
1095 241 1158 306 251

149 406 347 474 Εὐκλείδου.
383 404 460 493 περὶ
483 402 520 472 δὲ
542 416 599 491 τῆς
621 408 743 493 μητρὸς
766 403 835 493 (καί
857 405 921 492 γὰρ
943 405 1067 488 ταύτην
1090 404 1161 468 δια-

147 515 333 598 βεβλήκασί
352 509 431 599 μου)
454 510 547 596 λέξω,
569 510 625 578 καὶ
648 513 814 599 μάρτυρας
833 505 880 578 ὧν
898 510 941 577 ἀν
960 508 1045 594 λέγω
1063 512 1161 576 καλῶ.

104 631 106 634 ’
147 611 257 684 καίτοι
280 613 307 684 ὦ
335 619 455 704 ἀνδρες
477 615 652 703 Ἀθηναιοι
679 618 720 686 οὐ
747 620 853 702 μόνον
880 616 969 704 παρδι
995 616 1032 682 τὸ
1059 615 1239 700 &rivo-1308

148 717 217 808 σμα
238 724 279 789 τά
301 721 376 810 περὶ
390 725 459 809 ,την
482 723 607 810 ἀγορὰν
636 723 808 808 διέβαλλεν
834 723 920 810 ἡμᾶς
941 720 1161 807 Εὐβουλίδης,

141 828 236 894 ’ἀλλὰ
253 827 309 895 καί
325 830 414 915 παρὰ
431 831 511 907 τοὺς
527 831 664 914 νόμους,
682 833 717 896 οἲ
731 829 925 895 κελεύουσιν
940 831 1056 913 ἔνοχον
1075 820 1161 891 εἶναι

147 943 190 1020 τῇ
213 939 394 1023 κακηγορίᾳ
416 936 475 1002 τὸν
497 935 559 1020 την
582 933 740 1020 ἐργασίαν
762 936 823 1020 την
846 933 883 1001 ἐν
904 942 945 1020 τῇ
967 933 1072 1018 ἀγορᾷ
1094 941 1161 997 τῶν

102 1057 133 1100 ⁸1
149 1044 297 1106 πολιτῶν
319 1032 341 1126 ἣ
363 1051 430 1106 τῶν
457 1040 639 1107 πολιτίδων
666 1041 869 1120 όνειδίζοντά
896 1064 971 1106 τινι.
1010 1037 1105 1122 ἡμεῖς
1127 1033 1156 1101 δ’

150 1147 383 1230 ὁμολογοῦμεν
409 1143 466 1211 καί
492 1148 619 1222 ταινίας
646 1150 771 1211 πωλείυ
797 1143 852 1210 καὶ
879 1148 936 1228 ζῆν
964 1143 1025 1229 οὐχ
1048 1141 1162 1208 ὅντινα

149 1254 276 1338 τρόπον
298 1253 502 1336 βουλόμεθα.
542 1248 599 1315 καλ
620 1255 655 1316 εί
674 1253 731 1316 σοί
755 1249 824 1316 ἐστι
850 1259 948 1317 τοῦτο
976 1258 1112 1332 σημείου
1136 1243 1161 1312 ὧ

146 1357 346 1442 Εὐβουλίδη
375 1368 436 1425 τοῦ
464 1359 508 1443 μὴ
538 1353 738 1442 Ἀθηναίους
765 1355 851 1441 ἡμᾶς
880 1350 984 1438 εἶναι,
1014 1352 1078 1438 ἐγώ
1109 1367 1162 1419 σοι

149 1463 270 1529 τούτου
290 1462 375 1540 ὅλως
391 1463 589 1530 τούναντίον
610 1459 773 1546 ἐπιδείξω,
795 1461 847 1526 ότι
869 1460 930 1528 οὐκ
953 1458 1057 1538 ἐξεστι
1079 1455 1162 1548 ξένφ

150 1565 190 1634 ἐν
218 1575 257 1652 τῇ
288 1565 395 1654 ἀγορᾷ
424 1565 629 1652 ἐργάζεσθαι.
673 1569 732 1632 καί
758 1587 814 1650 μοι
843 1565 957 1650 λαβὼν
988 1564 1162 1650 ἀνάγνωθι

151 1683 283 1758 πρῶτον
305 1674 365 1739 τὸν
388 1674 547 1749 Σόλωνος
568 1673 684 1756 νόμον.

590 1879 728 1936 ΝΟΜΟΣ.

111 2035 140 2077 ει
220 2012 312 2101 Λαβέ
349 2017 391 2102 δὴ
427 2013 483 2081 καὶ
518 2016 577 2082 τὸν
609 2011 883 2102 Ἀριστοφῶντος·
920 2014 1006 2080 οὕτω
1038 2015 1101 2100 γὰρ
1134 2008 1160 2079 ὦ

152 2121 273 2206 ἀνδρες
297 2116 471 2204 Ἀθηναῖοι
505 2129 626 2185 τοῦτον
660 2118 773 2197 ἔδοξεν
808 2117 933 2195 ἐκεῖνος
965 2123 1072 2196 καλῶς
1106 2117 1162 2184 καὶ

155 2226 338 2308 δημοτικῶς
363 2226 618 2308 νομοθετῆσαι,”
635 2221 710 2288 ὥστ’
743 2222 952 2308 ἐψηφίσασθε
977 2223 1078 2288 πόλιν
1102 2224 1162 2290 τὸν

154 2329 256 2396 αὐτὸν
279 2327 541 2394 ἀνανεώσασθαι.

593 2487 729 2539 nomon.
814 2557 820 2566 h

219 2621 389 2706 Προσήιιει
420 2619 536 2685 τοίνυν
566 2617 648 2704 ὑμῖν
678 2621 845 2703 βοηθοῦσι
874 2628 943 2695 τοῖς
973 2621 1089 2704 νόμοις
1117 2623 1161 2707 μη

153 2728 231 2804 τοὺς
259 2721 496 2812 ἐργαζομένους
523 2721 639 2803 ξένους
663 2727 826 2809 νομίζειν,
852 2722 936 2790 ἀλλὰ
961 2727 1039 2802 τοὺς
1065 2743 1162 2794 συκο-

154 2843 361 2918 φαντοῦντας
381 2831 557 2916 πονηρούς.
594 2828 665 2896 ἐπεὶ
683 2825 710 2895 ὦ
727 2829 918 2916 Εὐβουλίδη
937 2831 1079 2898 ἐστικαὶ
1096 2831 1163 2898 ἕτε-

155 2962 213 3025 ρος
233 2935 308 3024 περὶ
330 2946 388 3022 της
408 2935 526 3021 ἀργίας
552 2939 670 3022 νόμος,
698 2929 725 3026 β
749 2936 848 3014 αὐτὸς
873 2939 987 3024 ἔνοχος
1009 2938 1057 3004 ὢν
1078 2938 1163 3023 ἡμᾶς

117 3065 142 3106 ει
155 3045 232 3120 τοὺς
254 3039 491 3129 ἐργαζομένους
514 3043 709 3127 διαβάλλεις.
753 3041 838 3110 ἀλλὰ
859 3043 922 3129 γάρ
950 3045 1090 3129 τοσαύτη
1113 3068 1163 3122 τις

155 3149 270 3237 ἀτυχία
297 3147 366 3216 ἐστὶ
391 3147 467 3234 περὶ
493 3147 578 3234 ἡμᾶς
603 3157 684 3233 νῦν)
711 3148 794 3214 ὥστε
821 3151 926 3238 τούτῳ
954 3146 1015 3234 μὲν
1037 3147 1162 3228 ἔξεστιν

156 3258 216 3334 ἐξω
231 3264 292 3321 τοῦ
306 3253 495 3340 πράγματος
510 3256 717 3339 βλασφημεῖν
737 3253 793 3321 καί
811 3255 918 3321 πάντα
933 3265 1053 3338 ποιεῖν,
1075 3254 1163 3332 ὅπως

71 3399 76 3416 =
155 3365 297 3446 μηδενὸς
317 3369 385 3424 τῶν
413 3359 552 3424 δικαίων
580 3358 645 3443 ἐγὼ
674 3361 775 3447 τύχα·
803 3358 876 3445 ἐμοὶ
905 3356 936 3426 δ’
962 3357 1157 3443 ἐπιτιμήσετ’

157 3472 249 3551 ίσως,
272 3466 331 3532 ἐὰν
359 3462 459 3549 λέγω,
492 3463 532 3530 ὃν
559 3466 688 3550 τρόπον
711 3461 808 3544 οὗτος
833 3463 1001 3551 ἐργάζεται
1025 3465 1163 3547 περιιὼν

157 3571 193 3638 έυ
218 3581 258 3659 τῇ
284 3574 395 3655 πόλει,
420 3567 477 3636 καὶ
505 3571 651 3648 εἰκότας·
679 3570 705 3637 δ·
728 3571 791 3655 γὰρ
820 3569 913 3654 ὑμεῖς
939 3574 1023 3649 ίστε,
1054 3570 1089 3631 τί
1113 3569 1166 3632 δεῖ

211 3685 335 3729 onom.
363 3684 415 3728 vol.
428 3685 473 3726 111.
972 3673 1004 3722 ιι
