2658 3922
486 191 586 243 ΠΡΟΣ
603 191 853 244 morum
1106 186 1173 256 259

117 369 147 410 ει
162 349 244 436 ἡμῖν
266 346 373 415 θέσθε
399 350 461 435 τήν
487 356 612 436 ψήφου.
654 347 728 435 έμοὸ
754 350 818 437 νάρ
845 345 888 435 ἦν
915 348 1051 429 πάππος
1073 343 1099 414 ὦ
1122 349 1180 414 ἀν-

164 457 241 542 δρες
259 451 448 540 Ἀθηναῖοι,
474 465 532 541 τής
559 457 681 543 μητρὸς
703 457 826 543 πατήρ,
844 445 1088 543 ’Δαμόστρατος
1108 456 1180 520 Με-

163 562 280 638 λιτεύς.
324 562 430 651 τούτῳ
458 565 629 647 γίγνονται
656 558 806 648 τέτταρες
832 563 963 647 παῖδες,
991 561 1027 628 ἐκ
1054 555 1115 646 μέν
1141 553 1182 644 ἧς

160 672 199 736 τὸ
222 678 356 755 πρῶτον
382 669 456 752 ἔσχε
483 668 640 751 γυναικὸς
666 668 820 754 θυγάτηρ
846 666 902 734 καὶ
927 668 1001 746 υίὸς
1027 658 1054 756 ,οὸ
1082 662 1175 750 ὄνομ’

157 769 350 855 Ἀμυθέων,
378 770 414 836 ἐκ
442 767 479 836 δὲ
505 781 563 856 τής
589 772 731 858 ὕστερον
754 773 999 859 Χαιρεστράτης
1024 771 1046 856 ή
1073 773 1179 856 μήτηρ

162 875 268 961 ήέμή
291 874 347 941 καλ
374 875 586 961 Τιμοκράτης.
631 877 762 953 τούτοις
789 872 826 942 δὲ
854 880 1027 960 γίγνονται
1053 877 1180 961 παῖδες,

162 991 208 1070 τῷ
241 978 303 1067 μὲν
330 977 519 1067 Ἀμυθέωνι
551 983 810 1068 Δαμόστρατος,
845 991 906 1049 τοῦ
936 982 1072 1048 πάππου
1103 982 1179 1048 τοῦ-

162 1085 238 1172 νομ’
273 1089 378 1173 ἔχων,
410 1084 466 1152 καὶ
495 1089 742 1173 Καλλίστρατος
774 1085 830 1153 καὶ
860 1086 1032 1166 Δεξίθεος.
1075 1085 1131 1152 καὶ
1158 1087 1178 1152 ὁ

163 1190 225 1278 μὲν
244 1190 419 1278 Ἀμυθέων
442 1191 460 1260 ὁ
486 1201 544 1276 τῆς
569 1195 691 1280 μητρὸς
717 1191 862 1279 ἀδελφὸς
888 1204 955 1259 τῶν
981 1191 1020 1260 έν
1042 1196 1179 1280 Σικελίᾳ

26 1376 31 1382 ¹
165 1297 457 1386 στρατευσαμένων
490 1296 546 1364 καὶ
576 1298 843 1383 τελευτησάντων
875 1297 965 1384 έστί,
995 1296 1052 1364 καὶ
1081 1295 1178 1364 τέθα-

163 1427 241 1472 πται
264 1404 301 1471 ίν
324 1415 393 1481 τοϊς
415 1405 589 1489 δημοσίοις
611 1407 774 1489 μνήμασι·
804 1402 859 1470 καὶ
884 1414 987 1471 ταῦτα
1014 1406 1178 1490 μαρτυρή-

34 1523 38 1526 ·
122 1533 150 1573 ιε
164 1528 266 1578 σεται.
314 1519 354 1596 τῇ
386 1506 417 1576 δ’
453 1508 581 1596 ἀδελφή
618 1508 721 1578 αὐτοῦ
757 1511 982 1597 συνοικησάσῃ
1013 1509 1179 1598 Διοδώρῳ

158 1614 285 1684 Ἀλαιελ
307 1617 381 1694 υίὸς
407 1618 555 1700 γίγνεται
582 1617 772 1701 Κτησίβιος.
815 1614 872 1682 καὶ
899 1612 997 1694 οὗτος
1023 1611 1085 1700 μὸν
1111 1614 1178 1680 ἑτε-

164 1724 322 1808 λεύτησεν
359 1720 396 1788 έν
428 1717 561 1810 Ἀβύδῳ
600 1722 682 1806 μετὰ
722 1722 965 1808 Θρασυβούλου
1005 1723 1178 1807 στρατευό-

163 1850 282 1913 μενος,
318 1831 355 1913 ζῇ
386 1822 425 1893 δὲ
455 1827 584 1893 τούτων
616 1828 635 1895 ὁ
668 1830 907 1914 Δαμόστρατος
937 1826 957 1894 ὁ
991 1836 1052 1894 τοῦ
1079 1822 1177 1911 Ἀμυ-

163 1933 313 2019 θέωνος,
346 1941 404 2016 τής
434 1935 557 2022 μητρὸς
593 1931 796 2019 ἀδελφιδοῦς
826 1942 883 2018 τής
914 1931 1002 2017 ἐμής.
1050 1940 1108 2016 τής
1139 1927 1177 1998 δέ

164 2039 407 2124 Χαιρεστράτης
440 2047 498 2122 τής
531 2038 610 2123 έμής
642 2042 749 2126 τήθης
778 2040 839 2123 τήν
869 2038 1019 2124 ἀδελφήν
1052 2039 1176 2122 λαμβά-

163 2168 216 2211 νει
239 2143 489 2230 Ἀπολλόδωρος
515 2145 695 2222 Πλωθεύς·
727 2145 855 2210 τούτων
886 2147 1033 2226 γίγνεται
1059 2139 1176 2228 Ὀλύμ-

165 2270 279 2336 πιχρς,
309 2258 369 2315 τοῦ
402 2245 431 2315 δ’
464 2246 667 2335 Ὀλυμπίχου
694 2245 963 2336 Ἀπολλόδωρος,
993 2246 1049 2315 καὶ
1080 2243 1177 2328 οὗτος

167 2357 213 2441 ζῇ.
249 2357 309 2419 καί
328 2376 384 2439 μοι
406 2353 500 2420 κάλει
522 2353 652 2432 αὐτούς.

566 2548 766 2601 ΜΑΡΤῙῬΕΣ.

126 2694 152 2735 ιο
236 2673 372 2740 Τούτων
401 2669 465 2757 μὲν.
491 2674 607 2738 τοίνυν
641 2671 800 2758 ἀκηκόατε
834 2672 1091 2760 μαρτυρούντων
1119 2651 1176 2742 καλ

166 2778 413 2864 διομνυμένων·
435 2779 494 2846 τδν
518 2775 555 2845 δὲ
579 2776 646 2860 [καὶ
670 2779 885 2865 ὁμομήτριον]
904 2776 960 2844 καὶ
978 2774 1048 2844 κατ’
1069 2779 1175 2867 ἀμφό-

164 2883 230 2971 τερ’
261 2885 342 2970 ἡμῖν
369 2893 514 2970 συγγενῆῚ
539 2890 645 2970 καλῶ,
676 2883 732 2951 καὶ
759 2887 837 2962 τοὺς
862 2885 948 2962 νίεῑς
972 2884 1084 2953 αύτού.
1128 2896 1174 2976 τῷ

165 2993 228 3077 μὰρ
256 2991 450 3078 Τιμοκράτει
472 3000 518 3080 τῷ
546 2993 604 3076 τῆς
631 2992 754 3079 μητρὸς
781 2990 913 3080 ἀδελφῷ
941 2999 998 3076 τῆς
1024 2990 1103 3076 έμής
1128 3001 1173 3082 τῷ

166 3099 354 3186 ὁμοπατρίῳ
381 3095 436 3162 καὶ
464 3097 653 3185 ὁμομητρία
679 3102 827 3182 γίγνεται
853 3095 1030 3182 Εὐξίθεος,
1055 3107 1116 3166 τοῦ
1138 3095 1170 3164 δ’
1184 3109 1250 3158 1311

165 3202 333 3282 Εὐξιθέου
362 3214 451 3289 τρεῖς
478 3203 577 3281 υἱεῖς·
612 3199 706 3271 οὗτοι
734 3204 856 3282 πάντες
884 3207 990 3292 ζῶσιν.
1032 3205 1092 3270 καί
1116 3227 1174 3288 μοι
1307 3275 1308 3311 ρ

165 3311 258 3376 κάλει
279 3311 358 3390 τοὺς
380 3308 622 3395 ἐπιδημοῦντας
643 3309 763 3378 αύτῶν.
