2658 3922
433 167 533 218 ΠΡΟΣ
551 168 784 223 ΚΔΔΔΙΠΠΟΝ.
1050 167 1111 232 191

90 321 280 413 Ἀριστόνῳ
308 333 354 412 τῷ
384 329 525 402 Δεκελεῖ
555 325 610 392 καὶ
636 325 829 414 Ἀρχεβιάδῃ
858 335 903 416 τῷ
933 331 1115 414 Λαμπτρεῖ,

95 430 283 512 ἄνθρωπος
305 429 347 494 δέ
365 452 415 507 τις
437 433 590 518 σώφρων.
627 429 726 511 οὗτος
743 433 855 518 ἐπειδὴ
874 433 1005 501 ἐκπλεῖν
1024 436 1116 518 ἔμελ-

96 539 163 600 λεν
185 537 233 612 είς
254 536 315 621 την
338 539 486 622 Λιβύην,
514 539 787 625 διαλογισάμενος
807 543 890 627 πρὸς
911 543 972 607 τὸν
992 538 1116 625 πατέρα

96 643 163 706 τὸν
193 640 273 725 έμδν
304 641 456 708 ἐναντίον
479 641 694 731 Ἀρχεβιάδου
721 644 776 711 καὶ
805 650 973 731 Φρασίου,
998 644 1116 732 προσέ-

96 745 178 824 ταξε
201 748 239 813 τὸ
262 745 423 833 ἀργύριον
447 749 465 814 ὃ
487 749 677 816 κατέλειπεν
697 745 753 838 (ἦν
773 749 810 815 δὲ
828 761 925 818 τοῦτο
945 749 1117 818 ἑκκαίδεκα

97 864 188 936 μναῖ
213 851 269 918 καὶ
297 855 534 939 τετταράκοντα
564 858 724 942 δραχμαί,
753 856 798 933 ὡς
827 856 891 941 ἐγώ
921 858 1002 943 ὑμῖν
1027 859 1116 924 πάνυ

97 958 248 1043 ἀκριβῶς
276 958 443 1046 ἐπιδείξω)
473 961 666 1048 Κηφισιάδῃ
701 961 902 1046 ἀποδοῦναι,
931 962 1037 1046 λέγων
1065 963 1117 1029 ὅτι

97 1068 267 1142 κοινωνὸς
289 1073 339 1151 εῖη
363 1067 467 1132 αὐτοῦ
490 1067 508 1133 δ
528 1069 738 1152 Κηφισιάδης
761 1063 868 1150 οὗτος,
891 1070 1032 1153 οίκητωρ
1055 1067 1116 1152 μὲν
1181 1065 1183 1070 ’

99 1171 153 1236 ὢν
176 1170 212 1236 έν
235 1173 370 1261 Σατύρῳ,
393 1172 429 1238 έν
453 1169 491 1238 δέ
513 1182 558 1261 τῷ
581 1176 721 1260 παρόντι
744 1171 795 1258 ἐφ’
819 1172 913 1261 ἑτέρα
935 1173 1116 1257 ἀποδημῶν

67 1276 253 1364 ιέμπορίμ
291 1277 396 1356 δεῖξαι
420 1275 451 1342 δ’
474 1277 577 1345 αὐτὸν
594 1288 640 1368 τῷ
659 1278 757 1365 πατρλ
775 1288 820 1367 τῷ
841 1279 907 1366 έμβ
926 1276 981 1344 καὶ
999 1287 1117 1361 συστη-

99 1399 160 1448 σαι
183 1392 228 1470 τῷ
248 1380 442 1471 Ἀρχεβιάδῃ
466 1383 522 1451 καλ
544 1395 589 1473 τῷ
616 1389 748 1473 Φρασίᾳ
770 1383 980 1472 προσέταξεν,
1004 1383 1115 1468 ἐπειδὴ

97 1490 178 1572 ἥκοι
203 1489 239 1554 ἐκ
261 1499 319 1574 τῆς
341 1489 535 1576 ἀποδημίας.
577 1493 717 1557 είώθασι
740 1487 777 1556 δέ
804 1491 923 1568 πάντες
945 1491 982 1557 οί
1001 1511 1116 1576 τραπε-

98 1599 199 1679 ζῖται,
222 1595 301 1661 ὅταν
323 1619 374 1673 τις
395 1597 557 1684 ἀργύριον
585 1595 690 1674 ταθεὶς
714 1597 846 1681 ἰδιώτης
868 1596 1056 1664 ἀποδοῦναί
1070 1619 1116 1684 τω

98 1700 299 1789 προστάττῃ,
316 1714 449 1790 πρώτον
463 1701 523 1788 μὲν
538 1712 597 1770 τοῦ
615 1701 735 1780 θέντος
747 1703 893 1786 τούνομα
905 1702 1047 1789 γράφειν
1060 1700 1116 1768 καλ

98 1810 142 1873 τὸ
164 1808 346 1892 κεφάλαιον
368 1819 429 1876 τοῦ
452 1808 630 1896 ἀργυρίου,
659 1811 769 1875 ἔπειτα
796 1809 1025 1896 παραγράφειν
1053 1809 1192 1896 ‘1931287

101 1915 191 1979 δεῖνι
219 1913 404 1982 ἀποδοῦναι
439 1915 517 1996 δεῑ,’
544 1913 600 1982 καί
635 1913 693 1980 ἐὰν
726 1910 787 1999 μέν
819 1915 1026 1997 γιγνώσκωσι
1055 1915 1115 1998 την

101 2022 185 2099 ὄψιν
207 2030 267 2086 τοῦ
290 2019 473 2107 ἀνθρώπου
491 2014 518 2109 ᾧ
538 2020 580 2086 δν
599 2018 658 2106 δέῃ
676 2019 874 2103 ἀποδοῦναι,
896 2030 1034 2086 τοσοῦτο
1057 2023 1116 2104 μό-

100 2151 167 2192 νον
185 2137 306 2209 ποιεῖν,
323 2126 447 2208 γράψαι
466 2119 492 2212 ᾧ
513 2127 567 2190 δεῖ
582 2124 778 2209 ἀποδοῦναι,
801 2125 860 2191 ἐὰν
878 2121 916 2190 δέ
934 2126 978 2209 μὴ
996 2125 1116 2209 γιγνώ-

103 2247 225 2313 σκωσι,
252 2229 308 2295 καὶ
335 2232 456 2297 τούτου
483 2231 630 2314 τούνομα
656 2231 989 2317 προσπαραγράφειν,
1016 2229 1052 2306 ὃς
1074 2229 1116 2296 άν

102 2334 209 2424 μέλλῃ
233 2336 408 2420 συστήσειν
426 2334 481 2400 καὶ
500 2334 619 2414 δείξειν
638 2338 697 2402 τὸν
715 2339 907 2422 ἄνθρωπον,
929 2335 970 2401 δν
992 2335 1034 2402 δν
1058 2334 1116 2422 δέῃ

74 2447 309 2528 τκομίσασθαι
331 2444 368 2509 τὸ
391 2441 561 2527 άργύριον.
597 2442 696 2528 τύχης
718 2438 756 2508 δὲ
779 2441 948 2527 συμβάσης
964 2442 1117 2527 τοιαύτης

104 2560 151 2639 τῷ
175 2551 313 2616 Λύκωνι
335 2549 457 2634 τούτῳ,
485 2547 567 2614 ὥστε
591 2546 695 2624 εὐθὺς
717 2545 895 2614 ἐκπλέοντα
917 2546 1019 2612 αὐτὸν
1041 2546 1117 2634 περὶ

105 2661 165 2724 τὸν
192 2655 387 2742 Ἀργολικὸν
417 2657 543 2721 κόλπον
578 2653 643 2719 ὑπὸ
675 2654 862 2740 λῃστρίδων
893 2663 980 2718 νεῶν
1011 2653 1051 2718 τά
1081 2676 1116 2720 τε

106 2765 254 2850 χρήματα
275 2767 479 2848 καταχθῆναι
506 2761 554 2838 είς
572 2757 691 2847 Ἀργος
717 2758 772 2826 καὶ
795 2759 897 2826 αὐτὸν
918 2757 1116 2838 τοξευθέντα

107 2869 302 2953 ἀποθανεῖν,
320 2871 448 2955 ἔρχεται
466 2864 519 2932 ἐπὶ
537 2867 598 2951 τὴν
616 2867 776 2952 τράπεζαν
794 2865 984 2943 Κάλλιππος
1002 2865 1116 2933 οὑτοσὶ

107 2978 211 3054 εὐθύς
238 2975 386 3062 ἐρωτῶν,
408 2975 554 3040 Λύκωνα
576 2971 808 3060 Ἡρακλεώτην
835 2974 867 3037 εί
890 2973 1116 3056 γιγνώσκοιεν.

108 3079 372 3170 ἀποκριναμένου
392 3077 429 3146 δέ
448 3084 645 3166 Φορμίωνος
666 3077 801 3147 τουτουὶ
819 3079 870 3146 ὅτι
888 3079 1116 3162 γιγνώσκοιεν,

108 3184 187 3273 ’ἄρα
206 3186 261 3254 καὶ
280 3188 396 3274 ἐχρῆτο
414 3186 511 3272 ύμῖν’
517 3215 526 3266 3
545 3189 607 3272 ἔφη
626 3185 645 3253 ὁ
667 3188 839 3273 Φορμίων·
863 3182 963 3249 ’ἀλλὰ
986 3184 1069 3268 πρὸς
1084 3186 1119 3246 τί

109 3294 261 3383 έρωτᾷς’;
285 3296 383 3381 επρὸς
405 3290 506 3373 ὅτι’;
530 3295 606 3378 ἔφη·
631 3291 711 3375 εἐγώ
731 3308 784 3358 σοι
804 3290 876 3377 ἐρῶ.
914 3288 1039 3365 ἐκεῖνος
1055 3284 1116 3373 μὲν

108 3402 352 3486 τετελεύτηκεν,
382 3399 445 3483 έγδο
476 3394 513 3464 δέ
542 3396 712 3484 προξενῶν
743 3396 894 3482 τυγχάνω
923 3406 990 3460 τῶν
1015 3391 1115 3476 Ἡρα-

108 3513 269 3574 κλεωτῶν.
300 3503 380 3584 ἀξιῶ
399 3506 441 3589 δή
461 3520 497 3569 σε
517 3501 624 3581 δεῖξαί
639 3526 696 3587 μοι
714 3502 753 3568 τά
771 3501 955 3587 γράμματα,
973 3495 1017 3564 ἵν’
1036 3498 1114 3560 είδῖι
