2658 3914
446 169 546 222 ΠΡΟΣ
564 170 778 224 nomm.
1051 169 1114 234 163

590 433 619 501 L

228 573 371 651 ΠΡΟΣ
401 573 704 652 ΠΟΛΤΚΛΕΑ
730 575 858 650 ΠΕΡΙ
882 573 990 652 ΤΟΥ

310 692 899 770 ΕΠΙΤΡΙΗΡΑΡΧΗΜΑΤΟΣ.

504 880 707 935 ΤΠΟΘΕΣΙΣ.

164 1003 385 1094 Ἀπολλόδωρος
412 1008 429 1073 6
452 1009 610 1085 Πασίωνος
635 1009 850 1093 τριηραρχήσας
876 1013 1036 1092 φιλοτίμως
1062 1012 1114 1076 τὸν

99 1105 265 1189 ὡρισμένον
287 1107 410 1191 χρόνον,
433 1105 696 1190 έπετριηράρχησεν
724 1103 821 1190 ἕτερον
844 1107 899 1170 οόκ
922 1105 1034 1190 ὀλίγον,
1060 1119 1113 1172 τοῦ

99 1203 242 1285 διαδόχου
261 1201 451 1277 Πολυκλέους
469 1203 510 1286 μή
529 1201 670 1277 ἐλθόντος
687 1197 856 1288 παραχρῆμ’
880 1203 929 1266 έπί
950 1204 1005 1284 τήν
1027 1213 1114 1285 ναόν,

98 1309 186 1362 τοῦτο
209 1293 250 1380 δ’,
273 1293 317 1361 ὅτ’
341 1291 450 1380 ήλθεν,
477 1299 514 1362 οό
540 1300 763 1384 παραλαβόντος
788 1299 917 1382 εὐθέως,
944 1300 1017 1363 ἀλλά
1043 1318 1114 1381 σκη-

98 1395 239 1477 ψαμένου
266 1395 433 1478 περιμένειν
459 1396 512 1460 τόν
540 1397 780 1480 συντριήραρχον.
823 1398 966 1460 τοσοότου
993 1395 1025 1460 δὲ
1047 1397 1114 1480 χρό-

99 1517 158 1556 νου
170 1503 223 1556 τοῦ
239 1491 537 1578 ἐπιτριηραρχήματος
549 1491 632 1568 ἀξιοῖ
639 1495 821 1574 κομίσασθαι
834 1493 866 1557 τὸ
880 1493 1022 1576 ἀνάλωμα
1034 1494 1114 1572 παρὰ

101 1589 291 1666 Πολυκλέους
311 1585 538 1674 Ἀπολλόδωρος.

174 1820 250 1894 Τοίς
281 1816 445 1892 τοιούτοις
476 1826 545 1882 τῶν
577 1813 717 1900 ἀγόνων
752 1811 779 1881 6
809 1816 929 1903 ἀνδρες
963 1815 1113 1883 δικασταί
1124 1823 1192 1874 1206

101 1920 257 2000 καὶτοὺς
280 1920 568 2007 διαγνωσομένους
594 1924 754 2008 προσήκει
776 1921 917 2007 μάλιστα
938 1919 1113 2010 προσέχειν

102 2031 162 2096 τὸν
183 2038 278 2095 νοῦν.
314 2029 442 2114 οὐγὰρ
465 2027 542 2112 ἐμὸς
563 2025 619 2093 καί
636 2025 852 2104 Πολυκλέους
874 2029 959 2105 ίδιός
982 2027 1072 2096 έστιν
1096 2030 1114 2096 6

102 2133 194 2218 ἀγὼν
217 2134 334 2218 μόνον,
355 2131 439 2198 ἀλλὰ
461 2131 517 2198 καί
538 2141 595 2216 τῆς
616 2136 744 2210 πόλεως
765 2136 885 2210 κοινός.
922 2126 970 2198 &v
992 2134 1056 2221 γὰρ
1075 2136 1115 2200 τὰ

101 2237 165 2326 μὲν
188 2237 373 2323 ἐγκλήματα
396 2237 465 2304 ίδιοί
487 2236 594 2321 έστιν,
623 2238 661 2302 αλ
685 2234 723 2303 δέ
752 2237 873 2323 βλάβαι
895 2243 1021 2322 κοιναί,
1047 2249 1116 2316 πῶς

102 2343 164 2430 οὐχ
186 2339 271 2431 ὑπὲρ
292 2344 421 2409 τούτων
444 2344 530 2419 είκός
553 2341 643 2408 ἐστιν
671 2342 876 2420 ἀκούσαντας
897 2342 982 2427 ὑμᾶς
1005 2343 1117 2430 ὀρθῶς

103 2453 301 2536 διαγνῶναις
328 2451 361 2515 εί
385 2443 447 2534 μέν
473 2448 537 2534 γδρ
564 2445 640 2535 περὶ
666 2450 770 2515 ἀλλον
797 2451 887 2526 τινὸς
909 2452 1115 2533 συμβολαίου

104 2557 167 2641 ἐγὼ
198 2557 437 2643 διαφερόμενος
469 2556 552 2641 πρὸς
580 2551 756 2620 Πολυκλέα
789 2549 914 2641 εἰσῄειν
943 2557 990 2632 είς
1018 2556 1115 2640 ὑμᾶς,

105 2663 181 2748 ἐμός
207 2661 249 2728 ἀν
275 2655 319 2746 ήν
345 2657 401 2726 καί
423 2658 638 2738 Πολυκλέους
661 2661 679 2727 6
703 2658 807 2744 ἀγόν·
835 2670 900 2727 νῦν
922 2657 960 2726 δέ
982 2665 1062 2748 περί
1079 2686 1114 2729 τε

105 2770 260 2853 διαδοχῆς
291 2767 374 2844 νειός
404 2765 496 2833 έστιν
523 2766 542 2835 6
569 2768 668 2851 λόγος
694 2763 750 2831 καί
781 2765 1115 2854 ἐπιτριηραρχήματος

104 2872 198 2940 πέντε
228 2884 343 2958 μηνῶν
371 2870 427 2938 καί
456 2871 490 2952 ἓξ
518 2872 651 2960 ἡμερῶν
686 2869 919 2959 ἀνηλωμένου,
953 2872 1009 2940 καί
1038 2875 1114 2962 περί

80 2991 169 3046 ’τῶν
191 2982 316 3064 νόμιον,
338 2981 459 3066 πότερα
485 2979 599 3066 κόριοί
622 2979 707 3044 είσιν
729 2977 751 3063 ή
774 2979 825 3045 οὔ.
866 2978 1047 3066 ἀναγκαίου
1070 2983 1112 3066 δή

105 3109 160 3171 μοι
189 3087 283 3151 δοκεῖ
309 3079 395 3150 είναι
424 3083 458 3164 ἐξ
487 3083 589 3171 ἀρχῆς
623 3085 750 3150 ἅπαντα
779 3086 1003 3170 διηγήσασθαι
1031 3089 1114 3174 πρὸς

105 3192 196 3276 ὑμᾶς.
232 3189 288 3256 καί
309 3192 391 3277 πρὸς
413 3195 504 3256 θεῶν
527 3192 647 3277 ἄνδρες
674 3188 842 3276 δικαστσί,
869 3191 984 3277 δέομαι
1006 3192 1113 3278 ὑμῶν,

106 3300 148 3384 μή
171 3319 211 3382 με
234 3297 405 3382 ἡγήσησθε
427 3295 632 3382 ἀδολεσχεῖν,
654 3295 713 3362 έδν
732 3297 788 3362 διὰ
806 3297 1018 3385 μακροτέρων
1042 3301 1112 3382 διη-

105 3413 211 3487 γῶμαι
232 3402 274 3469 τά
300 3425 335 3468 τε
362 3400 560 3486 ἀναλώματα
586 3400 643 3469 καί
669 3403 727 3479 τός
748 3401 891 3490 προέξεις,
915 3403 959 3481 ὡς
982 3401 1019 3468 έν
1041 3427 1111 3468 και-

105 3517 151 3597 ρῷ
175 3531 210 3574 τε
234 3507 366 3574 ἕκασται
389 3505 444 3573 καί
471 3509 625 3594 χρήσιμοι
647 3517 689 3595 τῇ
711 3510 806 3573 πόλει
835 3507 1111 3592 ἐδιακονήθησαν.

899 3608 952 3660 11·
