2650 3918
455 231 457 237 .
483 191 580 243 RATA
596 191 761 244 ΝΕΑῘΡΑΣ.
1063 190 1127 254 321

118 351 235 433 ρίσθη,
258 348 302 426 ὡς
320 350 446 436 ἄνδρας
466 348 616 435 ἀγαθοὺς
636 351 734 428 ὄντας
754 348 810 417 καὶ
831 354 988 436 βεβαίους
1010 353 1130 435 φίλους

117 450 196 539 περὶ
221 455 281 521 τόν
309 454 416 539 δῆμον
441 459 626 540 γεγονότας.
671 455 708 522 ἐκ
734 456 862 522 τούτων
887 456 951 543 γάρ
975 455 1130 523 ἁπάντων

118 565 251 627 είσεσθε
273 561 335 644 την
356 583 391 627 τε
409 571 470 628 τοῦ
493 562 601 646 δημου
624 561 768 647 δωρειάν
789 561 851 644 τὴν
873 560 1040 628 ἀπόθετον
1062 572 1130 638 τοῖς

118 663 306 752 εὐεργέταις
325 665 672 753 προπηλακιζομένην,
693 664 748 732 καί
770 667 860 733 ὅσων
881 666 967 752 ὑμᾶς
989 665 1128 750 ἀγαθῶν
1139 684 1208 736 1377

118 771 286 837 κωλύουσι
316 776 453 857 κυρίους
481 768 567 840 εἶναι
598 769 770 850 Στέμανός
800 795 836 840 τε
868 770 982 839 οὑτοσί
1012 770 1068 839 καὶ
1097 772 1133 839 οί

117 878 179 943 τὸν
201 875 303 942 αὐτὸν
324 880 449 964 τρόπον
470 878 576 966 τούτω
599 880 818 965 γεγαμηκότες
838 875 894 943 καὶ
915 878 1130 945 παιδοποιοό·

118 1005 224 1067 μενοι.

76 1113 106 1154 οι
185 1091 355 1172 Πλαταιῆς
376 1087 440 1173 γάρ
463 1083 490 1154 ὦ
513 1089 633 1176 ἀνδρες
650 1085 824 1173 Ἀθηναῖοι
854 1091 952 1173 μόνοι
973 1098 1040 1154 τῶν
1057 1084 1130 1153 Ἓλ-

118 1197 230 1277 ληνων
246 1194 329 1278 ὑμῖν
347 1193 540 1278 ἐβοήθησαν
559 1194 810 1279 Μαραθῶνάδε,
833 1192 886 1259 ὅτε
904 1197 1009 1270 Δᾶτις
1030 1192 1048 1258 ὁ
1071 1195 1131 1277 βα-

118 1297 235 1376 σιλέως
270 1302 419 1384 Δαρείου
455 1301 634 1386 στρατηγὸς
674 1297 856 1385 ἀναχωρῶν
887 1297 921 1376 ἐξ
954 1294 1130 1385 Ἐρετρίας,

117 1405 269 1490 Εὔβοιαν
296 1400 354 1489 ὑφ’
382 1401 487 1493 ἕαυτηό
517 1405 757 1489 ποιησάμενος,
786 1402 891 1488 ἀπέβη
914 1406 963 1480 είς
983 1404 1047 1488 τὴν
1067 1405 1130 1490 χώ-

118 1533 182 1598 ραν
204 1514 310 1596 πολλῇ
334 1510 474 1596 δυνάμει
495 1509 552 1577 καὶ
570 1509 717 1597 ἐπόρθει.
761 1507 817 1577 καλ
840 1511 888 1576 ἔτι
909 1508 965 1576 καὶ
986 1519 1051 1578 νῦν
1073 1518 1131 1594 τῆς

118 1615 347 1703 ἀνδραγαθίας
369 1616 480 1683 αὐτῶν
496 1617 715 1702 ὑπομνήματα
731 1616 753 1701 ἡ
772 1615 810 1682 ἐν
832 1624 871 1702 τῇ
893 1619 1026 1702 ποικίλη
1047 1623 1128 1703 στοᾷ

118 1723 231 1808 γραφὴ
250 1723 450 1806 δεδήλωκεν·
473 1722 519 1799 ὡς
536 1720 672 1799 ἕκαστος
688 1722 752 1808 γάρ
770 1721 891 1806 τάχους
907 1717 1007 1808 εἶχεν,
1024 1721 1130 1799 εὐθὺς

117 1832 342 1915 προσβοηθῶν
372 1825 571 1914 γέγραπται,
599 1828 636 1892 οί
664 1828 721 1904 τάς
751 1835 855 1904 κυνᾶς
884 1826 942 1904 τὰς
968 1831 1130 1905 Βοιωτίας

77 1959 105 2001 ω
118 1936 256 2020 ἔχοντες.
292 1934 393 1999 πάλιν
411 1929 449 1998 δὲ
467 1931 592 2018 Ξέρξου
611 1935 720 2010 ίόντος
738 1931 791 1998 ἐπὶ
808 1933 870 2017 την
886 1929 1041 2018 Ἑλλάδα,
1064 1937 1129 2018 Θη-

118 2044 225 2125 βαίων
242 2039 466 2125 μηδισάντων,
488 2038 550 2104 οὐκ
567 2037 751 2123 ἐτόλμησαν
769 2036 952 2123 ἀποστῆναι
973 2047 1030 2123 τῆς
1050 2039 1130 2122 ὑμε-

117 2144 214 2230 τέρας
231 2146 361 2229 φιλίας,
383 2142 467 2208 ἀλλθ
490 2145 677 2226 μόνοντῶν
699 2145 811 2209 ἀλλων
832 2146 990 2209 Βοιωτῶν
1013 2144 1049 2209 οδ
1067 2139 1130 2228 μέν

118 2250 248 2333 ἡμίσεις
276 2247 386 2313 αὐτῶν
412 2247 493 2332 μετὰ
515 2249 790 2332 Λακεδαιμονίων
811 2247 873 2330 ,καὶ
894 2249 1070 2314 Λεωνίδου
1092 2248 1130 2315 ἐν

120 2353 351 2437 Θερμοπύλαις
371 2350 635 2438 παραταξάμενοι
655 2361 701 2442 τῷ
719 2355 877 2444 βαρβάρῳ
901 2352 1028 2420 ἐπιόντι
1051 2370 1130 2420 συν-

119 2459 306 2542 απώλοντο,
328 2458 365 2523 οί
383 2453 421 2523 δὲ
439 2453 549 2523 λοιποί
572 2457 730 2544 ἐμβάντες
746 2460 795 2538 είς
806 2460 865 2537 τάς
881 2457 1040 2545 ὑμετέρας
1061 2483 1130 2547 τρι-

117 2569 227 2652 ηρεις,
256 2563 368 2648 ἐπειδὴ
396 2562 509 2641 αὐτοῖς
536 2565 641 2631 οίκεία
663 2565 772 2650 σκάφη
796 2565 857 2652 οὐχ
878 2565 1022 2652 ὑπῆρχε,
1050 2582 1129 2632 συν-

118 2671 329 2757 εναυμάχουν
355 2671 436 2754 ὑμῖν
465 2668 522 2735 ἐπί
544 2693 579 2736 τε
598 2666 790 2761 Ἀρτεμισίῳ
815 2669 931 2738 καὶέν
953 2675 1129 2757 Σαλαμῖνι.

79 2806 106 2846 οε
119 2775 175 2843 καὶ
202 2778 264 2861 την
291 2778 484 2842 τελευταίαν
514 2775 622 2863 μάχην
650 2777 837 2842 Πλαταιᾶσι
865 2778 1052 2868 Μαρδονίῳ
1081 2788 1127 2867 τῷ

119 2879 280 2967 βασιλέως
310 2889 479 2971 στρατηγῷ
510 2879 587 2967 μεθ’
618 2883 715 2966 ὑμῶν
745 2880 801 2950 καί
831 2893 899 2949 τῶν
930 2889 1128 2950 συνελευθε-

120 2989 271 3074 ρούντων
305 2990 367 3073 την
393 2986 535 3055 Ἑλλάδα
571 2988 809 3074 μαχεσάμενοι,
844 2991 892 3066 είς
921 2992 1037 3058 κοινὸν
1067 2991 1129 3074 την

120 3093 316 3179 ἐλευθερίαν
346 3105 416 3170 τοις
447 3095 560 3171 ἀλλοις
581 3091 720 3178 Ἕλλησι
749 3092 946 3178 κατέθηκαν.
991 3092 1062 3161 ἐπεὶ
1090 3091 1129 3160 δέ

120 3202 315 3276 Παυσανίας
331 3199 350 3267 ό
368 3201 643 3285 Λακεδαιμονίων
664 3202 820 3285 βασιλεὺς
840 3201 990 3287 ὑβρίζειν
1009 3199 1130 3286 ε’νεχεί-

121 3328 172 3390 ρει
199 3306 303 3391 ὑμᾶς,
331 3303 387 3370 καὶ
413 3305 475 3370 οὐκ
499 3306 610 3389 ἠγάπα
636 3305 688 3371 ὅτι
713 3314 771 3389 τῆς
795 3305 974 3390 ἡγεμονίας
1003 3308 1127 3390 [μόνοι]

120 3409 313 3497 ἠξιώθησαν
339 3411 597 3495 Λακεδαιμόνιοι
627 3411 693 3478 ὑπὸ
715 3422 783 3478 τῶν
807 3409 994 3494 Ἑλλήνων,
1025 3408 1128 3494 καὶὴ

120 3520 215 3594 πόλις
236 3525 276 3602 τῇ
298 3512 361 3602 μέν
382 3515 523 3605 ἀληθεία
543 3515 654 3600 ηγείτο
676 3526 733 3600 τῆς
755 3516 948 3602 ἐλευθερίας
968 3525 1038 3591 τοῖς
1052 3513 1128 3579 Ἕλ-

177 3630 198 3671 n
199 3639 303 3672 εεεεεεε
329 3630 380 3671 v01.
394 3629 439 3671 m„
934 3621 968 3670 νε
