2654 3926
471 161 570 213 ΠΡΟΣ
588 161 774 214 ΛΕΩΧΑΡΗ.

563 381 678 446 XLIV.

106 521 259 596 ΠΡΟΣ
287 521 545 597 ΛΕΩΧΑΡΗ
577 523 704 596 ΠΕΡΙ
737 522 842 598 ΤΟΥ
867 522 1129 600 ΑΡΧΙΑΔΟΤ

504 639 735 718 ΚΛΗΡΟΤ.
1082 656 1084 664 ‘

519 827 720 884 ΤΠΟΘΕΣΙΣ.

174 949 337 1037 Ἀρχιάδου
355 949 578 1035 τελευτήσαντος
596 955 724 1031 άπαιδος
742 960 920 1040 Λεωκράτης
937 957 1059 1040 κατέσχε
1075 959 1128 1022 τὸν

109 1046 245 1133 κλῆρον,
275 1054 420 1136 συγγενής
448 1047 474 1114 τ’
507 1050 550 1114 ὢν
580 1054 672 1116 αὐτοῦ
701 1055 751 1118 καλ
780 1057 1007 1135 εἰσπεποιήσθαι
1035 1056 1127 1139 λέγων

110 1148 170 1212 ὑπ’
195 1147 363 1230 Ἀρχιάδου.
398 1149 448 1210 καλ
471 1147 553 1230 μέχρι
576 1149 629 1229 μέν
652 1173 731 1226 τινος
754 1151 842 1225 αὐτὸς
864 1159 1008 1232 κατεῖχεν,
1031 1153 1129 1215 ἔπειτα

111 1247 167 1309 τὸν
194 1247 263 1309 υἱὸν
289 1246 341 1308 τὸν
372 1245 479 1308 ἑαυτοῦ
506 1247 700 1326 Λεώστρατον
732 1250 901 1328 είσποιήσας
932 1245 1004 1311 ἀνθ’
1035 1248 1127 1314 αδτοιλ

23 1350 24 1410 λ
112 1351 155 1432 τῷ
176 1341 328 1430 Ἀρχιάδῃ,
352 1344 493 1418 ἐξίσταται
520 1353 573 1406 τοδ
601 1345 685 1406 οἴκου
713 1345 763 1406 καλ
789 1347 832 1419 είς
853 1345 904 1408 τὸν
928 1347 1038 1408 οἰκεῖον
1060 1345 1129 1407 ἀνε-
1181 1382 1185 1389 x

114 1442 260 1524 χώρησεν,
283 1439 324 1514 ὥς
346 1439 449 1502 άδειαν
473 1441 635 1515 δεδωκότος
657 1443 771 1504 τούτων
793 1452 846 1506 τοῦ
869 1442 973 1523 νόμου.
1011 1441 1129 1522 ἐποίησε

116 1537 149 1599 δὲ
172 1536 260 1600 ταώτδ
283 1536 333 1598 καλ
356 1535 372 1599 δ
394 1537 597 1616 Λεώστρατος,
621 1538 671 1602 καλ
693 1537 766 1600 ἀνθ’
792 1540 884 1602 αὑτοῦ
907 1538 1073 1602 καταλιπὼν
1096 1538 1129 1601 ἒν

23 1681 24 1700 ι
115 1639 156 1720 τῷ
181 1635 252 1720 οἴκῳ
275 1643 327 1697 τοῦ
348 1630 503 1714 Ἀρχιάδου
526 1636 619 1696 παῖδα
637 1637 818 1717 Λεωκράτην
840 1637 1035 1717 καλούμενον,
1058 1635 1128 1698 ἔπα-
1139 1647 1190 1698 108

87 1737 230 1811 ευήλθεν
253 1729 340 1805 αὐτὸς
364 1732 406 1804 εἰς
428 1730 482 1810 τήν
501 1732 598 1794 οίκίαν
617 1730 672 1810 τήν
694 1742 747 1795 τοῦ
771 1734 859 1813 φύσει
882 1731 999 1811 πατρός.
1035 1729 1129 1811 δμὲν

117 1827 154 1906 δή
174 1829 363 1908 Λεωκράτης,
382 1826 398 1890 ὁ
416 1833 577 1902 τελευταῖος
596 1828 777 1907 εἰσποιηθείς
794 1835 834 1917 τῷ
849 1827 999 1915 Ἀρχιάδη,
1021 1827 1130 1908 τέθνη-

116 1949 169 1987 κεν
192 1923 297 2004 άτιαις,
320 1925 524 2005 προσελήλυθε
552 1923 585 1988 δὲ
606 1932 647 2013 τῷ
669 1929 766 2009 κλήρῳ
786 1924 1010 2008 Ἀριστόδημος,
1037 1924 1130 2008 λε’μων

117 2021 258 2104 ἐγγύτατα
279 2031 333 2084 τοῦ
355 2020 462 2104 γένους
486 2016 563 2083 εἶναι
581 2019 787 2109 τῷἈρχιάδη,
806 2018 898 2104 οὕπερ
921 2017 961 2104 ήν
983 2023 999 2085 ὁ
1022 2029 1130 2102 κλῆρος

118 2119 148 2194 ἐξ
171 2119 272 2198 ἀρχής,
294 2117 345 2179 καλ
367 2115 408 2180 δι’
434 2118 549 2181 ἐκεῖνον
576 2125 616 2204 τῷ
638 2122 808 2199 Λεωκράτει
834 2123 1048 2206 τῷτελευταίῳ
1071 2128 1130 2180 τῶν

119 2215 357 2295 εἰσποιηθέντων.
400 2216 564 2295 Λεωχάρης
598 2211 625 2275 δ’
659 2213 676 2277 δ
705 2215 833 2294 ἀδελφὸς
866 2225 919 2278 τοῦ
954 2215 1131 2294 τεθνηκότος

118 2313 299 2393 ἀμφισβητεῖ
317 2323 370 2375 τοῦ
392 2313 516 2392 κλήρου,
539 2311 572 2373 τὸ
596 2308 650 2390 μὲν
673 2312 742 2374 ὅλον
766 2312 983 2392 ἰσχυριζόμενος
1004 2312 1131 2391 ποιήσει,

119 2409 159 2483 ὣς
179 2410 245 2484 υίὸς
268 2409 394 2488 ποιητὸς·
411 2407 454 2471 δον
477 2417 530 2471 τοῦ
553 2409 762 2488 Λεωκράτους,
785 2410 908 2487 φάσκων
932 2405 959 2470 δ’
985 2403 1061 2471 εἶναι
1082 2406 1132 2470 καί

93 2507 262 2590 οσυγχενής
280 2503 447 2587 Ἀρχιάδου.
484 2504 500 2568 ὁ
524 2501 554 2567 δ’
579 2503 654 2586 ὑπὲρ
679 2502 890 2586 Ἀριστοδήμου
914 2505 1006 2588 λέγων
1028 2505 1132 2567 ἕπιδεί·

120 2621 204 2664 κνυσι
226 2603 281 2682 τήν
304 2600 358 2681 μὲν
381 2599 561 2684 τοῦγένους
585 2603 751 2686 ἀγχιστείαν
767 2601 965 2689 Ἀριστοδήμῳ
989 2604 1132 2665 διδοῦσαν

119 2699 168 2761 τὸν
195 2705 320 2780 κλῆρον,
348 2697 402 2777 τήν
431 2698 463 2761 δὲ
493 2701 617 2780 ποίησιν
644 2702 853 2780 παραπλησίαν
882 2693 988 2763 οὖσαν·
1016 2701 1053 2762 οδ
1076 2700 1132 2782 χδιρ

121 2800 187 2876 ζῶν,
210 2795 318 2876 φησὶν,
346 2793 363 2857 δ
385 2798 566 2876 Λεωκράτης
597 2797 753 2877 ἐποιήσατο
781 2800 874 2860 παῖδα
901 2797 953 2859 τὸν
975 2799 1131 2876 Λεωχάρη,

120 2896 253 2973 καθάπερ
278 2895 310 2955 οἱ
329 2893 416 2973 νόμοι
438 2894 620 2974 κελεύουσιν,
643 2893 718 2956 ἀλλὰ
736 2895 806 2973 μετδι
823 2894 879 2973 τήν
897 2894 1012 2957 ἐκείνου
1035 2900 1131 2955 τελευ-

120 2990 170 3070 τήν
185 2989 230 3054 ἐπ’
243 2990 437 3072 ἀποστερήσει
451 3000 503 3071 τής
517 2991 619 3064 οὐσίας
632 2991 712 3069 παρὰ
726 2992 796 3066 τους
809 2993 920 3070 νόμους
933 2988 953 3068 ἡ
968 2990 1130 3070 εἰσποίησις

120 3090 233 3169 γίνεται.
271 3087 347 3170 λέγει
369 3086 402 3150 δὲ
425 3087 476 3150 τὸν
499 3088 588 3170 λόχον
610 3097 664 3150 τοῦ
683 3084 895 3169 Ἀριστοδήμου
919 3086 935 3150 δ
958 3087 1032 3160 υίός.

184 3286 299 3356 Λίτιος
321 3278 383 3363 μέν
406 3278 475 3343 ἐστι
497 3275 676 3362 Λεωχάρης
703 3277 817 3345 οὑτοσὶ
841 3274 867 3343 ώ
890 3278 1011 3361 ἄνδρες
1039 3279 1130 3342 δικα-

121 3389 201 3466 σταί,
225 3393 285 3450 τοῦ
308 3382 364 3449 καὶ
386 3383 486 3461 αὐτὸς
507 3385 683 3468 κρίνεσθαι
704 3382 760 3449 καλ
783 3379 840 3468 ἐμὲ
861 3383 1025 3467 νεώτερον
1048 3385 1129 3448 ὄντα

120 3489 225 3574 λέγειν
253 3490 290 3556 ίν
317 3491 416 3574 ὑμῖν,
442 3488 546 3570 άξιῶυ
572 3493 793 3572 κληρονομεῖν
821 3484 869 3554 ὧν
895 3488 937 3555 οὐ
952 3496 1128 3571 προσῆκεν

171 3605 296 3646 Dauom.
323 3604 374 3645 VoL
388 3604 431 3643 m.
951 3597 968 3643 4
