2654 3926
192 203 235 267 64
473 204 567 255 mv.
594 200 899 273 [ΔΗΜοΣοεαονε]

151 383 180 424 ιι
255 361 353 430 Ἀλλά
371 365 437 448 μὴν
455 360 510 428 καὶ
527 363 733 447 πρεσβύτερά
755 386 793 446 γε
816 362 919 428 αὑτοῦ
942 363 1207 446 διαμεμαρτύρη-

191 493 258 535 κεν.
295 469 399 554 δγδιρ
423 472 519 553 μηπω
548 467 584 532 έν
613 477 658 556 τῷ
684 474 763 556 οῖκῳ
786 477 831 555 τῷ
852 465 1028 553 Ἀρχιάδου
1052 469 1116 552 ἰόν,
1144 465 1201 533 ὅθ’

190 576 211 659 ἡ
235 573 325 658 λῆξις
355 575 436 658 αὕτη
466 584 527 640 τοῦ
554 576 679 658 κλήρου
709 572 854 657 ἐγένετο,
881 585 950 650 πῶς
976 573 1019 638 ἀν
1047 575 1149 657 εἰδείη
1173 599 1207 638 τι

191 682 332 758 τούτων;
356 677 456 745 ἔπειτ’
479 681 510 745 εἰ
527 675 588 763 μὲν
607 679 708 745 αὑτὸν
727 680 1029 765 διεμεμαρτυρήκει,
1051 675 1138 764 εἶχεν
1161 679 1206 745 ἀν

193 790 294 869 λόγον
317 787 405 875 αὐτῷ
429 787 467 851 τὸ
490 795 636 870 πρᾶγμα·
665 784 786 862 ἀδίκως
809 781 870 869 μὲν
893 785 935 851 ἀν
959 788 1120 870 ἔγραφεν,
1147 785 1206 850 ού-
1318 861 1319 866 ¹

194 889 251 958 δδν
284 889 314 958 δ’
346 887 444 976 ἧττον
471 888 554 977 ὑπὲρ
586 901 646 956 τοῦ
679 891 760 956 κατὰ
792 891 853 974 τὴν
880 889 1011 973 ἡλικίαν
1041 887 1071 974 γ’
1099 893 1205 968 όντος.

71 1061 73 1066 .
192 1008 257 1063 νῦν
289 993 326 1062 δὲ
358 1001 515 1081 γνησίους
546 998 642 1072 υἰοὺς
671 995 814 1081 γέγραφε
841 1005 886 1084 τῷ
911 994 1065 1083 Ἀρχιάδῃ
1089 995 1205 1085 ἐκείνω

193 1099 290 1186 εἰναι,
312 1107 371 1169 τόν
389 1127 423 1168 τε
442 1103 545 1168 αὑτοῦ
563 1100 686 1186 πατέρα
705 1104 860 1184 δηλονότι
880 1099 935 1167 καί
957 1105 1015 1168 τὸν
1038 1103 1119 1167 κατὰ
1141 1104 1205 1186 την

194 1207 225 1287 ἐξ
241 1207 342 1293 ἀρχῆς
360 1212 505 1292 ποίησιν,
528 1208 589 1274 οὐκ
604 1207 873 1292 ἐπιλογισάμενος
891 1208 941 1273 ὅτι
959 1207 1204 1291 ἐπανεληλυθό-

193 1339 245 1392 τες
266 1310 361 1398 ἰγσαν.
398 1315 521 1380 ούκοῦν
549 1313 673 1397 ἀνάγκη
704 1312 930 1400 πρεσβυτέρας
946 1312 1079 1398 πράξεις
1100 1312 1203 1378 αὐτὸν

194 1420 248 1487 καί
275 1423 319 1505 μὴ
347 1420 404 1497 τὰς
431 1417 482 1504 ἐφ’
511 1417 631 1484 ἑαυτοῦ
658 1419 879 1504 γεγενημένας
906 1415 1202 1504 διαμεμαρτυρηκέ-

194 1551 259 1592 ναι.
296 1522 363 1591 &W
389 1525 483 1608 ὑμεῖς
509 1533 555 1612 τῷ
584 1534 681 1591 τοῦτο
710 1527 920 1609 τετολμηκότι
948 1526 1134 1590 πιστεύσετε
1159 1524 1204 1602 ὡς
1215 1538 1288 1587 1097

155 1629 304 1714 πάληδη
329 1630 473 1714 λέγοντι;
501 1631 542 1714 νὴ
566 1627 641 1712 Δί’,
664 1628 735 1695 ἀλλ’
762 1630 909 1715 ἀκηκοὼς
935 1639 995 1696 τοῦ
1017 1631 1121 1696 αὑτοῦ
1144 1652 1205 1695 πα-

194 1739 270 1822 τρὸς
298 1736 610 1822 διαμεμαρτύρηκεν.
648 1735 666 1801 δ
690 1733 730 1800 δέ
755 1760 793 1820 γε
820 1739 922 1820 νόμος
948 1736 1052 1820 ἀκοὴν
1075 1737 1205 1820 <πλην>

194 1853 261 1907 τῶν
296 1843 575 1924 τετελευτηκότων
615 1841 736 1906 κωλύει
780 1841 994 1927 <μαρτυρεῖν·
1036 1837 1132 1918 οὗτος
1167 1839 1205 1907 δὲ

194 1947 392 2030 τετόλμηκε>
424 1948 660 2030 διαμαρτυρεῖν
690 1950 808 2025 ζῶντος
840 1957 901 2013 τοῦ
932 1949 1053 2032 πατρὸς
1078 1948 1117 2011 τά
1143 1945 1200 2012 ὑπ’

196 2053 324 2119 ἐκείνου
348 2051 551 2137 πραχθέντα·
580 2051 649 2118 έπεί
677 2052 819 2119 κάκεῖνο.
861 2055 917 2119 διά
944 2058 979 2119 τί
1006 2075 1083 2118 ποτε
1113 2055 1204 2118 Λεώ-

197 2175 334 2243 στρατος
379 2155 494 2224 οὑτοσὶ
534 2157 594 2243 οὐχ
634 2159 758 2242 αὑτὸν,
789 2157 873 2223 ἀλλά
910 2167 1028 2224 τοῦτον
1071 2158 1205 2241 έπεγρά-

195 2277 281 2344 ψατο
311 2272 350 2350 τῇ
380 2264 612 2352 διαμαρτυρίμ;
643 2265 684 2329 τά
712 2265 774 2350 γάρ
797 2265 1002 2348 πρεσβύτερα
1029 2276 1095 2330 τῶν
1125 2286 1204 2349 πρα-

196 2370 330 2453 γμάτων
357 2372 417 2436 τὸν
443 2373 669 2456 πρεσβύτερον
697 2373 765 2436 ἔδει
799 2371 1041 2456 διαμαρτυρεῖν.
1083 2370 1133 2435 ότι
1163 2372 1204 2453 νὴ

197 2475 273 2558 Δί’,
296 2475 338 2541 ἀν
366 2482 469 2560 εἴποι,
495 2485 615 2542 τοῦτον
643 2478 857 2560 εἰσπεποίηκα
877 2477 955 2542 υἰὸν
977 2484 1022 2562 τῷ
1043 2472 1205 2562 Ἀρχιάδη

64 2625 72 2634 -
158 2599 185 2641 οι
199 2579 322 2645 οὐκοῦν
359 2576 396 2646 σὲ
430 2583 490 2647 τὸν
526 2584 738 2648 εἰσποιοῦντα
768 2578 823 2646 καί
854 2581 1133 2660 κατασκευάζοντα
1167 2582 1206 2645 τδι

197 2685 371 2770 πράγματα
393 2684 449 2750 καί
472 2690 574 2770 λόγον
598 2689 666 2752 ἔδει
690 2688 834 2769 διδόναι,
857 2687 1037 2770 γενόμενον
1059 2686 1206 2750 ὑπεύθυ-

197 2815 259 2857 νον
282 2785 330 2854 ὧν
352 2795 542 2875 πεποίηκας·
565 2794 670 2874 πολλη’
693 2788 723 2875 γ’
747 2790 882 2875 ἀνάγκη.
919 2790 1002 2855 ἀλλά
1024 2801 1121 2857 τοῦτο
1144 2791 1203 2874 μέν

199 2899 336 2981 ἔφυγες,
364 2905 403 2981 τῇ
434 2898 654 2984 διαμαρτυρία
684 2893 721 2962 δὲ
748 2905 867 2962 τοῦτον
894 2898 953 2963 τὸν
983 2893 1083 2962 οὐδὲν
1105 2893 1203 2962 εἰδότ’

199 3002 382 3088 ἐπεγράψω.
429 3002 511 3067 ὥστε
534 3003 683 3087 φανερὸν
712 3001 792 3086 ὑμῖν
815 3001 905 3067 ἐστιν
928 2996 954 3066 ὦ
978 3003 1096 3087 ἀνδρες
1118 3003 1207 3066 δικα-

199 3111 287 3190 σταί,
315 3108 354 3173 τδι
383 3107 693 3192 διαμαρτυρούμενα
716 3107 760 3192 μὴ
791 3101 877 3172 εἰναι
901 3105 1025 3191 ἀληθῆ,
1052 3104 1107 3172 καὶ
1128 3105 1203 3187 παρ’

199 3215 311 3289 αὐτοῖς
324 3236 361 3294 γε
375 3214 505 3288 τούτοις
523 3213 739 3296 ὁμολογεῖται.
776 3210 910 3296 καὶμὴν
929 3211 1061 3278 κάκεῖνο
1081 3213 1207 3276 δίκαιόν

200 3317 286 3400 ἐστι,
319 3318 362 3401 μη
396 3317 549 3399 λέγοντος
579 3315 694 3380 αὐτίκα
722 3311 799 3399 μάλ’
831 3314 965 3382 ἀκούειν
992 3314 1207 3402 Λεωστράτου
1256 3328 1263 3346 ’

200 3427 351 3506 τουτουί,
373 3419 455 3508 ὑπὲρ
481 3416 528 3488 ὧν
551 3445 587 3505 γε
611 3423 872 3506 διαμαρτυρῆσαι
894 3420 956 3485 ούκ
978 3418 1165 3504 ἐτόλμησεν.

163 3546 188 3587 ει
265 3526 320 3604 Ὡς
348 3525 385 3594 δὲ
411 3526 467 3593 καὶ
494 3538 561 3592 τῶν
589 3526 728 3607 ἀγώνων
756 3524 950 3590 ἀδικώτατοι
976 3522 1030 3589 καὶ
1059 3528 1208 3606 πλείστης
