2614 3922
163 138 313 213 ,Lxxxrv
425 134 603 202 Aeonum
619 131 701 206 (xiv,
717 133 868 202 e-xvrn,
881 137 935 202 ει).

174 299 275 367 νομίζω
289 320 324 346 ω
338 293 490 367 συμφέρειν
505 294 633 364 ..ἀρχὴν
651 293 724 364 (dele
740 309 848 348 comma
866 296 932 348 ente
949 293 999 363 τὴν
1017 293 1068 363 μὲν
1083 293 1189 364 ἀρχὴν)

174 400 209 424 ω
227 383 277 430 τοῦ
295 374 455 445 πολέμου..
472 377 516 442 ἴση
535 398 570 422 ω
588 374 638 428 καλ
656 375 754 428 δικαία
777 372 932 442 γενήσεται.
957 403 992 414 -
1013 375 1191 428 ὑποκεῖσθαι

174 455 220 528 [τῇ
243 455 362 526 γνώμγ];
390 454 464 508 unde
491 452 760 522 interpolamentum
784 451 947 522 provenerit
973 468 1030 507 non
1052 455 1189 522 appetem

173 534 246 602 XXI,
263 539 312 588 108
331 536 425 588 exedat
442 530 597 599 ὑποθέντες
615 540 648 602 τῇ
667 533 777 604 γνώμγ,
801 535 830 586 ei
853 533 890 586 nd
914 548 978 586 eum
1000 531 1092 586 locum
1114 531 1191 586 refe·

174 612 276 668 rendue
289 611 423 668 Aristidis
435 612 514 666 loeus
527 628 611 680 quem
626 611 711 666 attuli
723 611 777 667 vol.
787 612 809 681 I,
823 610 945 668 LXXVI.
970 609 1191 681 Παρασκευάζο-

175 696 245 747 σθαι
272 689 300 747 θ’
331 692 350 746 ἃ
374 690 509 763 προσήκει
527 716 562 740 ω
580 690 674 746 πάντα
694 692 924 758 ..ὑποκεῖσθαι,
951 691 986 747 of.
1012 708 1097 761 supra
1120 683 1188 744 ἀλλ’

176 766 267 834 ἐνίους
280 775 384 842 μᾶλλον
399 766 496 844 ἐκείνῳ
504 771 516 842 s
523 770 705 833 πιστεύοντας
717 769 736 837 ἥ
750 788 822 826 τισιν
837 772 942 838 odron,
960 770 1059 838 ideque
1076 771 1192 826 numeri

174 868 231 906 non
243 851 390 921 peliuntur
403 849 546 907 edieeium
558 857 592 921 τῇ
606 851 710 922 γνώμῃ.
724 881 761 894 -·-
774 850 811 905 25
825 850 902 918 quod
915 848 1019 905 sustuli
1032 867 1094 904 oum
1109 849 1189 904 SBO

176 925 317 986 ἐνταυθοῖ
334 925 476 1000 (ἐνταυθὶ)
500 931 565 996 ante
589 927 728 999 λέγοντες,
751 929 871 984 fortasse
894 946 950 983 non
969 932 1045 984 reeie
1063 929 1189 999 fecerim,

175 1027 239 1084 oum
257 1008 382 1080 λέγοντες
400 1009 492 1080 magis
511 1010 548 1064 ad
566 1006 597 1063 oi
613 1004 755 1064 ἐνταυθοῖ
772 1025 858 1078 quem
881 1003 936 1064 ίντ.
960 1009 998 1062 nd
1016 1006 1046 1064 οῖ
1060 1007 1191 1078 λέγοντες

175 1106 226 1159 pro
244 1089 494 1160 interpretamento
513 1088 687 1156 adscriptum
706 1105 767 1142 esse
784 1087 932 1157 probabile
951 1087 997 1156 sit,
1016 1105 1050 1142 ex
1067 1105 1188 1156 sequen-

175 1169 253 1223 tibus
268 1169 384 1226 seilicet.
403 1169 444 1224 of.
452 1169 547 1235 LVIII,
557 1175 589 1222 62
600 1170 664 1230 τοὺς
675 1163 796 1235 ἐκεῖθεν,
811 1167 860 1220 nbi
869 1167 999 1222 addimm
1012 1167 1042 1222 in
1055 1167 1188 1236 quibuod.

176 1248 223 1304 ἀεὶ
240 1247 378 1319 λέγοντας.
399 1281 432 1290 -
451 1249 489 1304 80
507 1243 678 1319 ἑξακισχίλια
693 1246 817 1302 τάλαντα
832 1264 849 1301 a
862 1263 907 1308 me
921 1249 985 1316 post
998 1246 1189 1317 Soheefernm,

176 1328 350 1397 Dobreeum,
372 1327 548 1382 Dindorfium
566 1327 644 1381 unois
662 1326 802 1380 inclusum
818 1325 941 1382 numerio
961 1321 1047 1394 quam
1064 1326 1189 1381 maxime

177 1407 345 1462 defenditur.
378 1406 461 1478 Ἡμῖν
481 1405 512 1462 ἀὲ
530 1407 562 1462 τὸ
578 1414 627 1475 τῆς
641 1407 732 1476 χώρας
748 1403 845 1476 τίμημ’
861 1429 897 1465 ev
910 1404 1036 1476 ὑπάρχον
1054 1406 1189 1476 ἀφορμὴν

178 1481 271 1552 ἕξάκις
288 1510 323 1534 ω
341 1488 416 1556 χίλια
434 1483 548 1540 τάλαντ’
569 1485 728 1541 ἀκούσεται.
764 1484 863 1553 Neque
881 1483 963 1539 video
986 1483 1056 1553 quid
1075 1487 1190 1554 praetor

179 1564 350 1634 suspioIones
373 1567 471 1619 contre
493 1565 613 1633 proferri
637 1564 735 1634 poesie.
772 1564 845 1619 Ante
869 1564 941 1618 haee
964 1581 991 1619 v.
1016 1581 1066 1634 pro
1090 1565 1190 1634 ἀθρόα

178 1643 266 1699 πολλὰ
280 1643 325 1714 (Α)
345 1644 391 1698 vel
408 1642 504 1712 ἀθρόα
522 1644 571 1698 καὶ
589 1643 677 1699 πολλὰ
692 1645 721 1714 (S
736 1643 784 1714 el.)
802 1661 905 1714 repono
923 1642 1033 1714 ἀθρόον
1046 1643 1191 1714 πολλάκις,

178 1725 212 1776 ut
230 1723 300 1776 heeo
320 1721 358 1777 eii
376 1722 516 1777 senienIIa
534 1723 619 1791 hique
637 1722 758 1777 numeri:
781 1723 831 1777 καὶ
852 1722 905 1793 γὰρ
928 1722 978 1786 τὺις
997 1722 1103 1794 κρήνας
1112 1722 1127 1795 l
1137 1725 1193 1780 καὶ

178 1803 213 1856 τὰ
231 1799 362 1872 φρέᾶτ(α)
381 1827 416 1850 ω
435 1796 588 1857 ἐπιλείπειν
606 1801 712 1872 πέφυκ’
727 1806 737 1864 ί
751 1803 787 1856 ἀν
801 1822 842 1864 τις
855 1800 905 1858 ἀπ’
923 1803 1014 1857 αὑτῶν
1027 1827 1063 1851 ω
1077 1803 1193 1874 ἀθρόον

179 1880 311 1944 πολλάκις
321 1883 334 1952 ί
346 1881 483 1954 λαμβάνῃ.
519 1881 618 1950 Neque
641 1881 716 1942 enim
738 1881 834 1951 ἀθρόοι
853 1881 945 1936 ddum
966 1881 1133 1937 hauriunrur
1154 1901 1194 1938 ex

179 1959 312 2030 fontibus,
332 1961 381 2016 sed
399 1960 510 2032 ἀθρόον
528 1961 612 2030 ὕδωρ.
630 1993 667 2003 -
684 1962 721 2017 31
742 1962 806 2016 secl.
824 1959 881 2016 vid.
899 1961 1052 2032 repetitum
1067 1961 1193 2033 ἡγοῦμαι

178 2043 244 2110 posi
266 2035 375 2109 ἐλθεῖν,
399 2043 428 2095 et
450 2041 544 2096 neseio
569 2058 606 2094 en
627 2039 744 2095 tolerari
765 2039 856 2110 possit
879 2035 925 2095 ἐπὶ
948 2040 979 2096 ὑὲ
1001 2040 1052 2110 τὴν
1067 2039 1194 2098 Ἑλλάδα

180 2119 315 2190 codicum,
333 2123 366 2174 ui
384 2119 422 2174 eii
440 2115 487 2176 ἐπὶ
506 2120 537 2176 ὑὲ
551 2121 603 2190 τὴν
616 2119 728 2175 Ἑλλάδ’
748 2117 861 2189 Ἕλλην’
882 2116 976 2176 οὐθέν’
993 2119 1030 2175 ἂν
1044 2115 1139 2176 ἐλθεῖν
1153 2147 1194 2171 ω

179 2202 324 2272 ἀπαλλαγῇ
343 2207 391 2268 τῆς
408 2200 587 2271 ὑπαρχούσης
600 2201 707 2262 πενίας.
727 2231 764 2242 -
781 2199 819 2254 33
839 2217 890 2254 sor.
909 2201 1012 2270 οἴομαι,
1031 2202 1063 2254 ut
1082 2200 1120 2254 sii
1136 2195 1193 2270 ἐγὼ

179 2282 275 2335 τοίνυν
298 2280 419 2352 οἴομαι)
437 2278 546 2335 τοσοῦτ’
567 2278 683 2348 ἀπέχειν
709 2281 851 2351 Θηβαίους
868 2302 903 2328 ω
921 2287 970 2335 τοὺ
993 2275 1053 2349 μετ’
1079 2275 1194 2336 ἐκείνου

179 2358 241 2414 ποτ’
262 2358 298 2414 dcv
310 2361 323 2428 ί
336 2358 431 2414 ἐλθεῖν
456 2355 503 2414 ἐπὶ
525 2361 588 2421 τοὺς
604 2355 749 2427 Ἕλληνας.
779 2389 814 2400 -
841 2357 880 2414 40
903 2358 1053 2413 deleverim
1076 2379 1194 2430 γεγενη-

179 2437 279 2508 μὲνηνε
300 2435 331 2492 ἐκ
349 2437 401 2509 μέν
419 2459 450 2509 γε
469 2448 524 2495 τῶν
542 2440 612 2508 πρὸς
625 2439 690 2501 τοὺς
702 2438 713 2509 l
727 2439 824 2492 αὑτοῦ
842 2437 998 2508 προγόνους
1012 2435 1141 2508 πολέμιον
1155 2463 1194 2488 ω

180 2517 291 2572 σύνοιδε
310 2518 362 2586 τὴν
379 2518 461 2574 πόλιν
472 2517 486 2590 s
498 2520 653 2587 εὐδαίμονα
671 2516 721 2571 καὶ
739 2517 870 2587 μεγάλην.

251 2596 297 2652 Or.
316 2597 384 2668 XV,
401 2598 438 2652 24
454 2597 605 2653 deleverim
624 2599 765 2669 βασιλείας
787 2596 818 2650 in
835 2596 892 2650 his:
916 2596 967 2666 τήν
990 2616 1019 2652 τε
1038 2598 1120 2652 πόλιν
1142 2599 1195 2654 διὰ

180 2678 410 2745 Λακεδαιμονίων
420 2677 434 2747 f
446 2679 555 2746 ἀσθενῆ
570 2675 728 2743 ποιήσαντα
742 2701 776 2724 ω
791 2676 840 2730 καὶ
857 2676 984 2746 περὶτῆς
998 2677 1084 2732 αὑτοῦ
1099 2679 1195 2750 [βασι-

180 2756 266 2826 λείας]
286 2756 508 2810 κινδυνεύσαντα
519 2757 532 2824 ί
543 2757 614 2826 πρὸς
631 2753 775 2825 Κλέαρχον
794 2755 843 2810 καί
861 2761 964 2826 Κῦρον.

251 2835 296 2890 Or.
320 2835 443 2907 XVIII,
466 2837 484 2890 2
509 2835 589 2890 deleo
613 2836 644 2891 τὸ
673 2837 739 2890 anie
766 2834 867 2905 ὁμοίως
889 2837 997 2905 ἀμφοῖν
1020 2836 1193 2908 ἀκροᾶσθαι,

180 2916 215 2970 of.
229 2915 300 2968 Mus.
315 2914 367 2968 Rh.
381 2915 475 2983 XLIII,
491 2921 551 2970 281.
570 2915 667 2982 XLIV,
683 2921 715 2968 l'l
727 2931 788 2984 sqq.
809 2947 840 2956 -
860 2915 899 2969 26
917 2914 1044 2983 quamvis
1067 2914 1137 2986 ὅπερ
1156 2911 1194 2986 ἦν

181 2995 240 3048 sine
265 2992 371 3063 ἀληθές
396 2994 463 3048 ferri
486 2993 578 3063 possit
603 2997 638 3064 (v.
663 2991 750 3048 eriam
768 2994 823 3049 vol
841 2995 876 3064 Il,
894 3013 921 3065 p.
937 2994 1068 3063 CXLIII),
1095 2997 1194 3050 tamen

180 3073 303 3127 numeris
322 3073 492 3127 adieetivum
511 3073 684 3128 defenditur:
702 3075 821 3142 renigero
836 3072 905 3142 ὅπερ
921 3067 957 3142 ἦν
972 3071 1078 3142 ἀληθές
1091 3099 1127 3123 ω
1142 3075 1191 3130 ὅσ’

181 3153 221 3207 ἂν
239 3161 288 3222 τῆς
306 3151 410 3216 πόλεως
427 3152 568 3226 προλάβγ
587 3151 639 3222 (iia
657 3169 731 3206 nuno
749 3152 857 3223 malim)
872 3178 906 3201 ω
920 3154 974 3223 πρὸ
992 3161 1042 3208 τοῦ
1063 3155 1127 3217 τοὺς
1146 3155 1194 3225 ὑρ-

182 3252 248 3295 κους
266 3234 433 3287 ἀποδοῦναι.
470 3234 602 3302 Νομίζων
618 3233 817 3287 ..ἀποδοῦναι
835 3250 923 3286 unum
934 3233 1091 3288 membrum
1108 3238 1192 3304 puto3

182 3315 213 3365 ai
230 3311 260 3364 in
278 3309 384 3381 ἀληθὲς
402 3311 458 3366 ὅσα
477 3319 525 3380 τῆς
543 3313 587 3365 est
604 3327 755 3366 concursus
770 3311 905 3375 brevium.
920 3344 953 3353 -
967 3312 1004 3367 31
1020 3330 1083 3366 oum
1096 3312 1193 3368 hiatus

182 3390 228 3446 ἀεὶ
244 3391 369 3461 ὁμολογῶ
387 3390 454 3446 ferri
472 3407 528 3447 non
545 3390 643 3459 possit,
664 3407 715 3444 sor.
734 3390 847 3445 videtur
859 3391 930 3461 ὑπὲρ
949 3387 982 3446 οὑ
997 3392 1045 3447 καὶ
1062 3391 1125 3448 τότε
1142 3393 1193 3448 καὶ

182 3487 234 3534 νῦν
253 3469 304 3535 καὶ
323 3464 369 3534 ὑεῖ
391 3503 426 3528 ω
449 3483 579 3548 πολεμεῖν
592 3477 676 3548 ¹(sine
701 3481 763 3546 καί,
788 3480 863 3547 quod
887 3481 980 3549 recepi
1006 3497 1040 3535 ex
1058 3481 1076 3535 S
1097 3499 1138 3551 pr.
1158 3482 1193 3550 L)
