2654 3926
201 149 243 212 12
497 151 583 203 xm.
611 147 915 219 [ΔΗαοΣοωαονε]

200 313 342 395 εφόρησε
365 309 420 375 καὶ
443 311 560 392 τάλλα,
588 310 697 396 ὥσπερ
728 307 882 387 ἐξουσίαν
910 309 1092 384 δεδωκότος
1119 307 1208 394 αὐτῷ
1297 280 1300 414 δ

200 428 259 482 τοῦ
283 420 389 501 νόμον
412 427 520 482 ποιεῖν
540 415 558 480 ὅ
577 439 608 480 τι
626 415 668 480 δν
687 416 846 499 βούληται
868 412 922 478 καὶ
945 416 988 499 μὴ
1013 415 1057 490 ώς
1080 415 1212 479 δίκαιόν
1298 415 1300 426 ’

175 522 299 588 Βέστιν.
337 521 400 605 ἐγώ
425 517 456 586 δ’
481 516 645 602 ώόίνδρες
664 517 815 586 δικασταὶ
832 520 950 603 ἥδιστα
968 516 1029 604 μέν
1046 519 1088 584 άν
1112 519 1212 603 ἐμαυ-
1300 563 1301 570 1

200 630 259 694 τὸν
289 622 381 694 εἶδον
411 623 610 711 εὐτυχοῦνθ’
638 626 747 710 ὥσπερ
776 629 939 709 πρότερον
967 634 1006 711 τῇ
1036 624 1134 712 ούσίμ
1155 622 1213 689 καὶ

201 731 331 817 μένοντ’
369 733 405 799 ἐν
436 743 506 809 τοῖς
537 735 749 817 τριακοσίοις·
783 731 895 814 ἐπειδὴ
929 727 965 796 δέ
997 731 1036 796 τά
1067 727 1127 814 μὲν
1153 741 1214 814 τῆς

200 847 314 921 κοινῆς
336 838 470 924 ἀτυχίας
493 839 662 924 μετασχών
680 849 749 914 τοῖς
767 837 879 913 ἄλλοις
897 849 965 914 τοῖς
984 834 1214 923 ἐργαζομένοις

201 943 320 1020 ἐντοῖς
335 948 454 1030 ἔργοις,
468 945 507 1008 τὰ
523 941 555 1008 δ’
570 945 639 1032 ι’δίᾳ
652 945 807 1029 μεγάλαις
821 943 1072 1028 περιπεπτωκὼς
1087 945 1214 1026 ζημίαις
1303 944 1304 1006 λ

201 1049 392 1115 ἀπολώλεκα
405 1052 466 1134 τὴν
481 1051 612 1133 οὐσίαν,
630 1049 685 1115 καὶ
702 1052 739 1116 τὸ
758 1055 946 1115 τελευταῖον
962 1051 1043 1115 νυνί
1054 1071 1093 1132 με
1108 1049 1162 1112 δεῖ
1171 1057 1212 1133 τῇ
1304 1114 1305 1143 χ

201 1159 294 1222 πόλει
313 1158 386 1240 τρία
403 1156 546 1220 τάλαντα
565 1162 771 1237 καταθεῖναι,
794 1155 956 1219 τάλαντον
978 1153 1060 1219 κατὰ
1077 1155 1137 1237 την
1157 1177 1214 1238 με·

202 1263 278 1343 ρίδα
306 1260 477 1346 (μετέσχον
505 1262 584 1345 γάρ,
617 1263 661 1338 ώς
687 1263 732 1345 μη
759 1257 831 1326 ποτ’
864 1261 1010 1344 ώφελον,
1035 1259 1125 1342 κάγὼ
1153 1270 1214 1326 τοῦ
1305 1285 1306 1290 ’

202 1366 425 1452 δημευθέντος
448 1365 637 1455 μετάλλου),
660 1366 841 1450 ἀναγκαῖόν
865 1365 955 1431 ἐστιν
977 1368 1025 1443 είς
1046 1368 1107 1450 την
1131 1365 1214 1450 ἐμὴν

202 1472 294 1551 τάξιν
316 1479 496 1557 πειρᾶσθαι
518 1475 717 1539 καθιστάναι
740 1475 799 1539 τὸν
823 1471 864 1538 ού
886 1475 992 1556 μόνον
1016 1471 1125 1556 [ἐμοῦ]
1148 1481 1215 1538 νῦν

203 1581 282 1643 ὄντα
309 1579 570 1664 πλουσιώτερον,
598 1579 682 1645 άλλδ
709 1577 764 1644 καὶ
790 1581 969 1664 πρότερον,
990 1576 1045 1643 καὶ
1068 1577 1214 1644 οὐδεπώ-

203 1681 274 1749 ποτ’
297 1681 398 1750 οὐδέν
421 1682 702 1772 λελητουργηκόθ’
725 1684 805 1769 ὑμῖν
824 1681 897 1750 οὐδ’
921 1686 1151 1770 εἰσενηνοχότα
1174 1695 1216 1771 τῇ

176 1792 306 1856 ιπόλει.
343 1788 458 1874 δέομαι
481 1785 544 1856 οὖν
566 1791 660 1875 ὑμῶν
684 1789 838 1855 ἁπάντων
861 1784 888 1855 ώ
911 1791 1030 1876 ἄνδρες
1052 1791 1216 1875 δικασταί,

129 1899 133 1908 ’
204 1895 262 1961 ἐὰν
285 1894 480 1961 ἐπιδεικνύω
505 1900 696 1963 Φαίνιππον
723 1894 856 1962 τουτονί
884 1895 938 1962 καὶ
965 1899 1216 1981 παραβεβηκότα

202 2001 242 2065 τά
257 2000 293 2065 ἐν
307 2014 375 2078 τοῖς
388 2005 504 2086 νόμοις
518 2004 629 2068 δίκαια
643 2001 698 2068 καὶ
711 2003 957 2087 πλουσιώτερον
973 1999 1040 2068 ὅντ’
1060 2001 1216 2087 ἐμαυτοῦ,
1227 2021 1298 2070 1040

203 2110 373 2191 βοηθῆσαί
398 2132 454 2192 μοι
483 2106 538 2174 καὶ
567 2120 686 2176 τοῦτον
720 2112 767 2186 είς
795 2111 872 2185 τοὺς
901 2112 1109 2195 τριακοσίους
1138 2106 1211 2174 ἄντ’

204 2212 285 2297 ἐμοῦ
311 2224 522 2299 καταστῆσαι·
555 2217 611 2281 διὰ
639 2226 736 2282 τοῦτο
764 2216 827 2299 γὰρ
855 2215 891 2281 οί
914 2219 1012 2299 νόμοι
1038 2211 1115 2279 καθ’
1143 2213 1218 2280 ἕκα-

205 2335 283 2385 στον
311 2323 382 2398 ἔτος
408 2331 543 2388 ποιοῦσι
569 2323 627 2399 τὰς
654 2320 853 2402 ἀντιδόσεις,
887 2320 938 2385 ότι
965 2323 1002 2386 τὸ
1031 2322 1217 2406 διευτυχεῖν

205 2437 349 2510 συνεχῶς
371 2436 409 2512 τῇ
433 2428 546 2515 οὐσία,
570 2428 610 2493 οὐ
633 2432 768 2503 πολλοῖς
790 2438 857 2492 τών
880 2432 1024 2492 πολιτῶν
1048 2424 1217 2510 διαμένειν

204 2536 357 2596 εἴθισται.
395 2531 427 2610 ἐξ
452 2532 552 2619 ἀρχῆς
575 2530 608 2597 δ’
636 2533 717 2617 ὑμῖν
746 2533 873 2597 ἅπαντα
895 2532 935 2596 τδι
958 2534 1119 2615 γενόμενα
1141 2531 1219 2619 περὶ

203 2637 264 2719 τὴν
288 2635 459 2704 άντίδοσιν
483 2641 691 2723 διηγήσομαι.

177 2761 190 2802 ο
276 2744 342 2807 Τοῦ
360 2743 423 2829 γάρ
442 2756 713 2828 μεταγειτνιῶνος
736 2746 839 2828 μηνὸς
862 2737 888 2809 ὦ
912 2745 1031 2832 ἄνδρες
1055 2743 1220 2828 δικασταὶ,

204 2857 242 2932 τῇ
266 2845 404 2935 δευτέρᾳ
426 2848 615 2934 ίσταμένου,
638 2849 775 2916 ἐποίουν
794 2850 830 2915 οἱ
846 2848 1021 2934 στρατηγοὶ
1039 2861 1107 2928 τοῖς
1127 2875 1218 2938 τρια-

204 2957 328 3031 κοσίοις
350 2955 407 3030 τὰς
429 2953 623 3033 ἀντιδόσεις.
666 2955 704 3022 ἐν
726 2957 859 3033 ταύταις
886 2956 1023 3022 ἐκάλεσα
1050 2957 1131 3021 κατὰ
1158 2960 1218 3023 τὸν

204 3061 309 3143 νόμον
334 3063 524 3140 Φαίνιππον
546 3064 691 3127 τουτονί.
729 3060 869 3138 καλέσας
888 3059 925 3127 δέ
944 3059 998 3127 καὶ
1016 3064 1217 3147 παραλαβὼν

204 3175 271 3229 τῶν
294 3166 425 3230 οἰκείων
447 3167 539 3242 τινάς
561 3164 616 3231 καὶ
639 3170 759 3251 φίλων,
783 3166 992 3254 ἐπορευόμην
1016 3153 1214 3253 Κύθηρόνδ’

204 3271 252 3346 είς
274 3269 334 3354 τὴν
357 3269 509 3356 ἐσχατιὰν
534 3271 645 3338 αὐτοῦ.
687 3271 742 3338 καὶ
765 3284 898 3359 πρῶτον
926 3271 986 3357 μέν
1008 3276 1217 3359 περιαγαγών

205 3378 265 3460 τὴν
298 3375 450 3463 ἐσχατιὰν
483 3378 585 3444 πλέον
618 3377 639 3462 ἢ
667 3381 811 3445 σταδίων
844 3374 949 3445 οὖσαν
981 3380 1218 3465 τετταράκοντα

205 3485 325 3569 κύκλῳ,
349 3481 455 3560 ἐδειξα
477 3481 531 3548 καὶ
555 3484 824 3569 διεμαρτυράμην
844 3484 996 3552 ἐναντίον
1016 3487 1218 3570 Φαινίππου,
