2658 3914
229 194 293 260 154
514 195 609 250 XLIX
633 193 938 265 [ΔΗΜΟΣΘΕΝΟΤΣ]

225 349 304 424 οὐδὲ
336 354 457 420 τούτου
484 349 515 436 μ’
548 355 675 438 ἔφασαν
701 361 990 439 καταμαρτυρῆσαι
1019 349 1061 418 ἀν
1090 350 1237 436 τάληθῆ·

225 462 349 526 οἰκεῖον
376 458 439 544 γὰρ
467 457 579 536 αὑτοῖς
605 453 701 524 εἶναι.
737 458 822 524 ὅπου
844 462 960 526 τοίνυν
990 455 1104 542 μηδεὶς
1125 461 1237 525 τετόλ-

225 588 306 650 μηκε
324 575 391 630 τῶν
409 565 541 630 οίιιείοιν
559 566 665 653 τούτῳ
683 573 889 649 μαρτυρῆσαι
911 560 967 628 καί
989 560 1239 648 ἐπιμελομένων

224 681 292 738 τῶν
317 671 454 754 τούτου,
481 669 535 736 ὅτε
562 669 722 755 ἀπεδήμει
749 665 846 747 οὗτος
867 670 955 756 παρὰ
977 672 1124 754 βασιλεῖ,
1145 669 1167 754 ῆ
1189 671 1239 748 ὡς

224 776 286 844 οὐκ
304 776 454 860 ἐλαβενὸ
471 776 647 852 Φιλώνδας
664 777 701 843 τὸ
720 780 846 842 ναῦλον
868 785 935 842 νῦν
958 774 1067 853 ξύλων
1090 775 1155 842 ἀπὸ
1176 786 1238 860 τῆς

224 880 399 966 τραπέζης,
429 880 450 966 ἢ
478 881 523 958 ὡς
549 880 660 948 αὐτῶν
691 905 741 958 τις
770 881 920 965 διέλυσε,
956 892 1025 958 πῶς
1055 881 1117 948 οὐκ
1148 883 1237 960 εἰκός

185 1005 211 1045 ιι
225 987 314 1054 ἐστιν
335 987 422 1072 ὑμᾶς
442 987 601 1072 ἡγεῖσθαί
620 1011 660 1072 με
687 986 816 1072 τάληθῆ
838 986 963 1071 λέγεινς
990 985 1046 1054 καί
1068 988 1134 1072 μήν
1158 987 1231 1056 οὐδ’

224 1092 331 1160 ἐκεῖνό
353 1117 391 1178 με
414 1095 563 1179 <είπεῖν>
584 1096 756 1178 τολμήσει,
785 1094 830 1170 ὡς
851 1095 950 1171 ἀλλος
972 1117 1021 1170 τις
1044 1091 1175 1160 διέλυσε
1196 1097 1236 1162 τὸ

222 1205 349 1268 ναῦλον
370 1197 454 1288 ὑπὲρ
476 1213 544 1268 τῶν
566 1200 675 1280 ξύλων
698 1195 746 1270 ὧν
768 1201 892 1284 ῆχαχεν
914 1199 935 1266 ὁ
958 1200 1149 1283 Φιλώνδας,
1171 1198 1192 1284 ή
1217 1201 1236 1266 δ

222 1309 328 1393 πατήρ
351 1307 370 1374 ό
394 1307 479 1392 ἐμός.
516 1305 575 1374 ἐὰν
606 1303 643 1372 δὲ
671 1315 868 1391 καταχρῆται
894 1313 940 1394 τῷ
969 1308 1077 1395 λόγῳ,
1104 1303 1236 1384 ἀξιοῦτε

223 1413 326 1480 αὐτὸν
348 1410 403 1482 καί
425 1413 487 1497 τήν
510 1416 693 1498 μαρτυρίαν
715 1409 943 1498 παρασχέσθαι
970 1410 1051 1495 ὑμῖν
1073 1419 1134 1478 τοῦ
1155 1410 1236 1479 ἀπο·

224 1520 342 1594 δόντος
372 1518 410 1582 τὸ
442 1522 569 1583 ναῦλον
596 1513 679 1603 ὑπὲρ
707 1529 774 1588 τῶν
801 1517 919 1596 ξύλων.
955 1517 1054 1594 αὐτὸς
1080 1511 1142 1601 μλν
1171 1517 1235 1602 γὰρ

224 1622 432 1704 ὁμολογεῖται
459 1620 642 1706 ἀποδημεῖν
668 1623 757 1704 παρὰ
783 1626 930 1707 βασιλεῖ,
955 1625 1015 1690 τὸν
1042 1617 1080 1688 δέ
1104 1622 1235 1688 Φιλών-

224 1729 299 1811 δαν,
322 1726 362 1791 ὃν
385 1729 529 1811 ἔπεμψεν
552 1726 605 1793 ἐπὶ
626 1728 667 1794 τοὶ
690 1726 772 1805 ξύλα
793 1725 849 1796 καὶ
867 1728 1045 1812 συνέστησε
1067 1736 1112 1818 τῷ
1136 1725 1233 1811 πατρὶ

222 1840 268 1924 τη]
303 1830 386 1920 ἐμῷ,
417 1835 601 1916 τεθνηκότα
627 1830 801 1917 κατέλαβες
831 1834 922 1918 ήκυν
949 1834 1037 1920 παρὰ
1064 1831 1232 1919 βασιλέως.

183 1954 210 1996 ιο
223 1935 404 2021 ἀναγκαῖον
428 1938 469 2022 δή
492 1949 559 2004 τῶν
581 1939 693 2004 ἀλλον
717 1941 847 2006 οίκείων
869 1938 925 2006 καὶ
946 1939 1153 2024 ἐπιτηδείων,
1175 1937 1233 2016 οὓς

222 2042 391 2119 κατέλιπες
408 2040 592 2127 ἀποδημεῖν
610 2041 740 2127 μέλλων
759 2049 1050 2130 συνεπιμελεῖσθαι
1067 2055 1135 2110 τῖον
1154 2061 1232 2110 σαν-

222 2160 295 2234 τοῦ,
317 2148 442 2216 είδέναι
464 2150 539 2216 τινὰ
562 2149 645 2216 ὅθεν
666 2151 705 2214 τὸ
727 2155 853 2217 ναῦλον
873 2162 942 2219 νῦν
964 2149 1073 2228 ξύλων
1095 2153 1298 2236 πορίσαςΙλῖῖ

223 2256 241 2323 ὁ
266 2256 442 2332 Φιλώνδας
470 2263 515 2343 τῷ
545 2256 721 2343 ναυκλήρῳ
751 2252 924 2338 διέλυσεν,
955 2256 987 2320 εί
1016 2255 1060 2338 μή
1088 2251 1154 2339 φῆς
1174 2255 1231 2319 τὸν

222 2362 345 2449 πατέρα
362 2363 422 2429 τὸν
441 2361 521 2446 ἐμὸν
541 2369 700 2444 συστῆσαι
723 2359 824 2447 αὐτῷ,
847 2355 930 2444 μηδὲ
952 2362 1067 2444 λαβεῖν
1088 2362 1148 2426 τὸν
1173 2363 1231 2428 Φι·

223 2469 356 2535 λόνδαν
387 2467 476 2553 παρὰ
507 2475 568 2532 τοῦ
599 2461 721 2550 πατρὸς
751 2474 810 2534 τοῦ
840 2466 920 2551 ἐμοῦ
947 2467 985 2532 τὸ
1012 2469 1138 2532 ναῦλον
1166 2475 1230 2532 τῶν

183 2592 210 2631 ιι
224 2572 341 2652 ξύλων.
378 2575 563 2658 μαρτυρίαν
588 2574 705 2636 τοίνυν
732 2570 869 2647 οὐδενὸς
896 2573 980 2655 ἔχεις
1006 2569 1230 2656 παρασχέσθαι

223 2689 290 2744 τῶν
314 2680 446 2744 οίκείυυ
468 2688 534 2744 τῦν
558 2685 699 2760 σαυτοῦ,
721 2676 765 2752 ὡς
787 2675 849 2742 οὐκ
871 2675 1002 2761 ἐλήφθη
1026 2685 1088 2744 σοῦ
1110 2675 1229 2761 ἀποδη-

223 2792 365 2868 μοῦντος
382 2784 419 2848 τὸ
437 2787 563 2850 ναῦλον
581 2793 648 2847 τῶν
666 2781 775 2859 ξύλων
797 2779 861 2848 ἀπὸ
883 2790 940 2864 τῆς
961 2780 1128 2868 τραπέζης,
1150 2780 1230 2848 ἀλλὰ

227 2890 325 2956 δυοῖν
351 2889 512 2974 θάτερον,
539 2886 559 2971 ή
583 2885 698 2953 οὐδενί
725 2895 786 2974 χρῆ
814 2898 881 2954 τῶν
911 2889 1043 2953 οἰκείου
1075 2883 1155 2954 οὐδὲ
1180 2908 1229 2954 πι-

225 2994 349 3070 στεύεις
375 3004 442 3064 τῶν
465 3001 588 3062 σαυτοῦ
612 2992 741 3076 οὐδενί,
764 2990 785 3076 ή
807 2992 903 3069 είδδις
925 2991 1068 3078 ἀκριβῶς
1090 2995 1149 3059 τὸν
1173 2996 1228 3061 Φι

224 3102 357 3167 λώνδαν
380 3102 524 3184 λαβόντα
545 3099 583 3164 τὸ
606 3102 732 3164 ναῦλον
760 3108 827 3164 τῶν
850 3096 959 3176 ξύλων
980 3099 1069 3183 παρὰ
1091 3107 1151 3166 τοῦ
1172 3119 1229 3164 πα-

223 3209 300 3291 τρὸς
322 3215 382 3273 τοῦ
405 3204 505 3290 ἐμοῦ,
532 3196 620 3292 ᾧπερ
648 3203 751 3270 αὐτὸν
779 3202 980 3287 συνέστησας
1003 3204 1056 3270 ὅτε
1080 3201 1229 3286 ἐξέπλεις,

225 3319 287 3378 οίει
316 3314 389 3379 δεῖν
418 3310 642 3395 ἀποστερήσας
667 3308 769 3393 ημᾶς,
798 3308 857 3374 ἐὰν
879 3310 983 3396 δίνη,
1014 3314 1228 3377 πλεονεκτεῖν.

186 3437 211 3476 ιι
225 3418 289 3501 ἐγὼ
315 3421 432 3483 τοίνυν
459 3412 485 3481 ὦ
509 3416 628 3501 ἀνδρες
655 3411 805 3480 δικασταί
833 3416 915 3500 πρὸς
936 3423 975 3500 τῆ
998 3418 1179 3502 μαρτυρίᾳ,
1208 3407 1227 3501 ᾖ

224 3522 428 3611 παρέσχημαι
455 3521 536 3605 ὑμῖν
558 3528 806 3605 μαρτυροῦντας
832 3522 910 3596 τοὺς
932 3520 1050 3597 δόντας
1071 3521 1108 3586 τὸ
1131 3518 1228 3606 ἀργό-
