2650 3918
406 269 408 271 χ
452 195 548 251 ΚΑΤΑ
566 195 787 266 <ammom
1062 193 1125 259 287

117 351 161 420 δι’
190 353 248 432 οῦς
265 356 422 440 οἰκοῦμεν
439 356 628 440 τήνπόλιν,
650 353 871 442 παραβέβηκε·
893 353 1044 433 καὶτοὺς
1066 351 1127 439 μὲν

115 461 174 538 τὰς
191 462 314 544 νήσους
333 463 506 538 οἰκοῦντας
522 462 715 546 κωλύσομεν
734 460 874 546 ἀδικεῖν,
892 459 943 548 ἐφ’
962 461 1021 538 οῦς
1037 464 1128 548 τριή·

38 629 43 637 .
117 589 185 654 ρεις
199 568 253 660 δεῖ
263 568 500 658 πληρώσαντας
513 566 696 650 ἀναγκάσαι
714 567 754 633 τὰ
773 568 884 634 δίκαια
901 577 1022 651 ποιεῖν,
1043 565 1129 651 ὑμᾶς

117 668 154 738 δὲ
175 675 254 750 τοὺς
281 675 435 759 μιαρούς,
461 665 512 752 οἷς
534 673 638 740 αύτοῦ
668 673 723 740 δεῖ
741 669 952 757 καθημένους
973 671 1129 740 τουτουσὶ

116 779 198 846 κατὰ
220 782 298 856 τοὺς
319 783 444 864 νόμους
467 778 633 847 ἐπιθεῖναι
657 781 773 865 δίκην,
795 778 968 858 ἐάσουσινς
991 779 1064 864 ούκ,
1086 780 1206 848 ἀνιεῖσι

116 908 155 969 γε
179 891 379 971 σωφρονῆτε.
417 883 491 970 λέγε
512 886 574 970 τήν
598 887 730 977 στήλην.
1317 873 1318 908 ί

553 1079 689 1132 ΣΤΗΛΗ.

74 1221 101 1262 ⁶⁷
184 1203 271 1292 Περὶ
293 1201 355 1290 μὲν
378 1199 440 1272 οὖν
466 1213 534 1270 τῶν
561 1206 675 1287 νόμων
697 1200 753 1270 καὶ
775 1212 836 1271 τοῦ
857 1201 1047 1289 πράγματος
1068 1201 1130 1268 οὐκ

116 1305 181 1378 οἶδ’
209 1311 227 1376 ὅ
250 1334 283 1378 τι
312 1312 367 1378 δεῖ
392 1314 494 1378 πλείω
524 1307 646 1405 λέγειν·
681 1309 800 1393 ίκανῦς
826 1308 890 1393 γάρ
918 1331 975 1392 μοι
1003 1309 1129 1374 δοκεῖτε

117 1415 354 1501 μεμαθηκέναι.
399 1417 562 1501 βούλομαι
595 1411 632 1482 δὲ
664 1413 798 1499 δεηθεὶς
828 1413 924 1499 ὑμῶν
954 1414 995 1480 τὰ
1027 1410 1124 1480 δίκαι’

116 1519 201 1610 ὑπὲρ
223 1523 369 1608 ἐμαυτοῦ
391 1521 528 1591 καὶτοῦ
551 1523 673 1609 πατρὸς
699 1525 910 1608 καταβαίνειν
931 1518 988 1587 καὶ
1010 1521 1054 1605 μή
1078 1519 1130 1586 ἐν·

117 1635 229 1716 οχλεῖυ
246 1629 337 1715 ὑμῖν.
373 1627 437 1713 ἐγὼ
453 1623 564 1718 γάρῶ
583 1629 703 1714 ἀνδρες
717 1624 877 1696 δικασταί
898 1630 1039 1712 βοηθεῖν
1062 1627 1130 1692 οίύ

118 1759 216 1820 μενος
239 1737 310 1803 δεῖν
328 1743 373 1824 τῷ
392 1733 492 1822 πατρὶ
513 1733 570 1803 καί
591 1744 690 1803 τοῦτο
714 1735 844 1800 δίκαιον
867 1727 953 1799 εἶναι
975 1734 1130 1816 νομίζων,

117 1843 179 1925 τήν
197 1840 339 1919 ἔνδειξιν
352 1842 475 1927 ταύτην
490 1840 705 1926 ἐποιησάμην,
724 1840 834 1926 ὥσπερ
853 1837 886 1917 ἐξ
905 1837 1007 1927 ἀρχῆς
1024 1833 1130 1922 εἶπον,

76 1971 104 2012 σε
117 1947 181 2016 οὐκ
202 1945 334 2031 ἀγνοῶν
365 1949 441 2018 ούτε
468 1950 546 2024 τοὺς
575 1950 783 2032 βλασφημεῖν
806 1944 1049 2031 βουλομένους,
1079 1943 1130 2009 ὅτι

117 2055 238 2138 λύγους
255 2053 438 2140 εὑρήσουσιΙ
453 2055 531 2129 τοὺς
550 2054 790 2136 διαβαλοῦντας
807 2053 869 2136 τήν
888 2051 970 2136 ἐμήν
987 2050 1130 2134 ἡλικίαν,

118 2159 196 2226 ούτε
218 2159 297 2235 τοὺς
318 2153 595 2240 ἐπαινεσομένους
623 2154 679 2222 καὶ
703 2167 891 2243 σωφρονεῖν
913 2178 953 2240 με
974 2164 1131 2239 νομιοῦν·

117 2285 188 2346 τας,
210 2265 242 2328 εί
261 2265 320 2330 τὸν
343 2260 468 2348 ἐχθρὸν
489 2271 550 2328 τοῦ
571 2263 693 2348 πατρὸς
714 2267 932 2349 τιμωρεῖσθαι
953 2270 1131 2346 προαιροῦ-

119 2388 191 2455 μαι·
219 2364 292 2434 ἀλλ’
317 2365 502 2452 ἡγούμενος
528 2376 630 2434 ταῦτα
656 2362 718 2452 μὲν
746 2367 851 2454 οὕτως
877 2368 964 2443 ὅπως
986 2365 1029 2433 ἀν
1050 2366 1131 2452 τύχη

118 2475 210 2562 παρὰ,
226 2484 296 2565 τοῖς
314 2471 537 2560 ἀκροωμένοις
556 2475 805 2558 συμβήσεσθαι,
820 2470 893 2556 ἐμοὶ
911 2468 950 2538 δὲ
970 2473 1008 2539 τὸ
1030 2487 1131 2558 προσ·

118 2576 243 2672 ταχθὲν
256 2581 321 2648 ὑπὸ
335 2590 395 2648 τοῦ
409 2581 542 2665 πατρός,
564 2580 672 2657 άλλως
682 2602 725 2669 ιτε
743 2577 799 2646 καὶ
818 2580 947 2648 δίκαιον
959 2579 1017 2662 ύν,
1038 2575 1127 2644 τοῦτ’

78 2714 105 2755 τε
119 2684 206 2756 εἶναι
234 2685 399 2772 πονητέον.
436 2688 514 2752 πότε
543 2685 607 2772 γάρ
636 2697 678 2775 με
703 2683 758 2753 καὶ
786 2686 1004 2769 δεῖδβοηθεῖν
1027 2682 1130 2771 αὐτοῖς

119 2794 180 2882 ούχ
203 2794 284 2861 ὅταν
305 2795 326 2880 ή
345 2790 407 2880 μὲν
428 2793 569 2877 τιμωρία
586 2791 668 2859 κατά
685 2793 763 2869 τοὺς
785 2794 910 2874 νόμους
931 2783 965 2878 ᾖ,
981 2787 1131 2876 Ιμετέχων

120 2896 150 2965 δ’
178 2899 278 2977 αὐτὸς
299 2898 451 2987 τυγχάνω
478 2904 546 2981 τῆς
562 2905 625 2964 τοῦ
650 2899 772 2983 πατρὸς
794 2895 943 2982 ἀτυχίας,
970 2898 1071 2980 μόνος
1093 2891 1131 2960 δὲ

119 3003 412 3089 καταλελειμμένος
429 3004 448 3072 ὁ
465 3006 589 3100 πατήρς
613 3003 693 3096 ὅπερ
715 3011 780 3074 νυν
802 2999 1018 3087 συμβέβηκεν.
1033 3003 1132 3086 «πρὸς

119 3113 182 3199 γάρ
210 3120 279 3188 τοῖς
305 3111 419 3188 ἄλλοις
446 3109 631 3196 ἀτυχήμασι
660 3106 716 3175 καὶ
737 3105 832 3179 τοῦθ’
860 3106 940 3199 ήμῖν
963 3101 990 3173 ὦ
1012 3107 1132 3191 ἄνδρες

120 3214 273 3286 δικασταί
300 3213 520 3301 συμβέβηκεν·
545 3212 773 3298 παροξύνουσι
796 3209 857 3298 μὲν
885 3213 970 3300 ήμῦς
987 3213 1132 3293 Ιύίειαντες

118 3321 175 3390 καὶ
194 3321 428 3408 συνάχθεσθαί
442 3336 524 3406 φασι
541 3331 610 3398 τοῖς
628 3317 860 3405 γεγενημένοις
881 3316 937 3386 καὶ
950 3319 1053 3389 δεινά
1074 3339 1131 3386 πε·

119 3426 284 3498 πονθίναι
306 3425 513 3512 λέγουσικαὶ
530 3435 650 3497 τοῦτον
672 3428 789 3512 ἔνοχον
812 3420 899 3491 εἶναι
920 3431 960 3508 τη
983 3419 1132 3503 ἐνδείξει,

120 3535 341 3622 συμπράττειν
356 3531 386 3625 δ’
406 3530 517 3610 οὐδεὶς
530 3531 639 3600 ἐθέλει
652 3542 718 3600 τῶν
736 3532 911 3613 εἰπόντων,
930 3522 1013 3598 ούδέ
1028 3539 1131 3608 φησιν
