2658 3914
345 144 441 194 RATA
458 143 587 198 ενεεν.
605 145 668 198 m
685 145 835 199 ΜΝΗΣΙΒ.
853 144 963 198 tvm.
1104 140 1167 208 123

158 301 431 387 συμβουλεύομέν
454 320 520 369 σοι·
550 301 662 386 έπειδή
689 302 788 380 αὐτὸς
815 298 875 386 μδν
902 303 943 370 ού
972 301 1168 387 παρεγένου,

157 408 179 492 ή
203 403 240 472 δέ
262 410 347 492 γυνή
370 406 426 474 καὶ
447 410 487 474 τδι
509 411 641 493 παιδία,
668 409 772 475 ἄλλοι·
787 406 827 474 δέ
847 428 901 475 σοι
923 409 1085 496 μάρτυρες
1108 408 1168 476 οὐκ

158 516 257 579 εἰσίν·
282 513 440 600 ὀνομαστὶ
463 511 524 600 μὲν
547 513 666 600 μηδενλ
686 515 937 601 προαγορεύειν,
959 526 1029 592 τοῖς
1051 516 1168 602 δεδρα-

159 622 232 685 αόσι
257 616 295 685 δὲ
312 618 368 686 καὶ
385 625 563 705 κτείνασιν,
586 617 656 687 εἶτα
678 621 761 706 πρὸς
782 622 841 686 τὸν
863 618 1000 705 βασιλέα
1022 623 1067 706 μή
1091 626 1169 705 λαγ-

117 748 145 790 το
158 725 282 810 χύνειν.
318 722 482 814 οὐδὲγὰρ
506 725 542 792 ἐν
565 736 610 814 τῶ
634 729 727 814 νόμω
750 727 819 791 ἔστι
837 743 904 792 σοι·
927 727 969 793 οὐ
991 727 1054 814 γύρ
1079 725 1169 794 ἐστιν

159 829 196 895 έν
217 828 306 914 γένει
329 848 383 897 σοι
405 831 427 915 ἡ
449 833 646 919 ἄνθρωπος,
668 829 748 898 οὐδὲ
769 833 975 919 θεράπαινα,
998 831 1031 910 έξ
1055 827 1103 899 ὧν
1126 835 1168 902 σδ

157 933 276 1019 λέγεις·
304 937 341 1003 οί
365 933 403 1004 δὲ
432 940 530 1023 νόμοι
552 939 683 1003 τούτων
707 939 880 1004 κελεύουσι
902 939 964 1022 τήν
987 938 1101 1018 δίωξιν
1123 935 1169 1005 εἰ·

157 1060 227 1107 ναι·
255 1039 332 1108 ὥστ’
358 1043 391 1108 εἰ
416 1044 528 1126 διομεῖ
553 1041 606 1108 έπί
628 1043 809 1132 Παλλαδίῳ
837 1043 936 1121 αὐτὸς
961 1041 1017 1109 καὶ
1039 1044 1060 1128 ἡ
1082 1045 1167 1128 γυνή

157 1145 213 1212 καί
241 1148 282 1214 τὰ
311 1149 428 1214 παιδία
456 1147 511 1214 καὶ
538 1147 763 1234 καταράσεσθε
794 1149 907 1226 αὐτοῖς
929 1145 985 1215 καὶ
1007 1158 1046 1234 πή
1069 1152 1168 1238 οἰκίᾳ,

157 1256 277 1339 χείρων
299 1275 335 1320 τε
358 1252 465 1332 δόξεις
486 1258 622 1330 πολλοῖς
643 1249 746 1339 εἰναι,
774 1253 837 1320 κᾶν
860 1251 922 1340 μέν
944 1253 1099 1342 ἀποφύγη
1123 1251 1168 1340 σ’,

158 1356 405 1444 ἐπιωρκηκέναι,
428 1358 487 1424 έδν
506 1354 544 1424 δέ
557 1358 643 1446 έλης,
665 1362 840 1445 φθονήσει.
877 1356 949 1425 ἀλλ’
971 1355 1054 1446 ὑπὲρ
1073 1376 1169 1427 σεαυ-

157 1474 218 1530 τοῦ
240 1461 295 1528 καί
316 1471 375 1548 τής
393 1467 498 1542 οἰκίας
515 1463 788 1551 ἀφοσιωσάμενος
809 1466 852 1543 ὡς
875 1465 981 1554 ῥᾷστα
1002 1467 1064 1550 τήν
1087 1481 1245 1550 nvp-1161

116 1596 144 1636 τε
158 1569 269 1656 φορὰν
284 1568 413 1656 φέρειν,
435 1571 519 1658 ἄλλη
538 1567 575 1636 δὲ
593 1577 628 1638 εί
644 1593 690 1658 πη
712 1573 840 1657 βούλει,
861 1571 1031 1658 τιμωροῦί
1066 1582 1169 1638 ταῦτα

158 1675 301 1754 ἀκούσας
324 1675 387 1760 ἐγὼ
415 1688 482 1742 τῶν
511 1677 692 1762 ἐξηγητῶν,
718 1676 773 1744 καὶ
796 1680 874 1755 τοὺς
895 1680 1020 1762 νόμους
1042 1676 1169 1744 ἐπισκε-

158 1781 304 1866 ψάμενος
321 1786 400 1861 τούς
416 1793 478 1851 τοῦ
496 1784 688 1868 Δράκοντος
706 1783 743 1849 έκ
761 1793 817 1867 τῆς
840 1787 971 1869 στήλης,
994 1782 1168 1868 ἐβουλευό-

157 1911 224 1973 μην
255 1889 335 1973 μετδι
365 1900 432 1955 τῶν
464 1893 573 1974 φίλων
601 1889 619 1954 ὅ
646 1913 680 1954 τι
706 1892 768 1975 χρή
797 1913 836 1972 με
858 1901 976 1955 ποιεῖν.
1023 1894 1169 1976 συμβου·

158 1996 326 2059 λευόντων
349 1992 388 2061 δέ
408 2019 465 2079 μοι
487 1995 605 2080 ταύτό,
628 1994 649 2060 δ
672 1991 732 2078 μέν
755 1991 838 2080 ὑπὲρ
861 2005 919 2079 τής
940 1997 1045 2071 οἰκίας
1067 2013 1169 2082 προσ-

157 2097 219 2182 ήκί
248 2122 304 2183 μοι
335 2099 456 2185 πρᾶξαι
487 2098 541 2167 καὶ
571 2100 592 2165 δ
622 2099 822 2185 ἐξηγήσαντό
854 2123 911 2185 μοι
941 2100 976 2166 οἰ
1005 2099 1169 2186 ἐξηγηταί,

160 2203 315 2288 ἐποίησα,
346 2204 368 2269 ἃ
397 2201 427 2270 δ’
462 2205 497 2270 έιι
527 2216 595 2270 τῶν
624 2207 738 2289 νόμων
768 2201 877 2271 ούκέτι
906 2228 964 2288 μοι
992 2216 1169 2291 προσῆκεν,

117 2336 145 2376 τε
159 2307 302 2394 ἡσυχίαν
320 2305 420 2395 εἰχον.
452 2311 578 2375 κελεύει
601 2311 697 2393 γδρὸ
715 2313 818 2394 νόμος
836 2305 862 2374 ὦ
881 2311 1001 2395 ἄνδρες
1020 2309 1169 2376 δικασταὶ

158 2416 237 2490 τοὺς
258 2418 484 2501 προσήκοντας
511 2412 672 2493 ἐπεξιέναι
699 2412 794 2500 μέχρι
817 2413 1025 2498 ἀνεψιαδῶν,
1054 2412 1109 2479 καί
1132 2415 1168 2482 ἐν

157 2529 204 2608 τρλ
227 2520 316 2610 ὅρκῳ
339 2519 522 2605 ἐπερωτᾶν,
543 2523 579 2586 τί
598 2523 775 2606 προσήκων
799 2519 880 2603 ἐστί,
902 2517 965 2584 κόν
987 2519 1113 2606 οἰκέτης
1135 2514 1169 2608 ᾗ,

157 2627 287 2693 τούτων
304 2627 363 2703 τδς
380 2625 570 2711 ἐπισκήψεις
588 2620 682 2692 εἰναι.
719 2623 793 2710 ἐμοὶ
812 2621 849 2691 δὲ
868 2626 943 2692 ούτε
962 2623 1050 2709 γένει
1067 2646 1169 2711 προσ·

157 2743 236 2816 ήκεν
258 2732 279 2816 ή
303 2733 481 2818 ἅνθρωπος
503 2730 603 2798 οὐδέν
610 2781 620 2817 ,
646 2733 679 2796 εἰ
704 2733 748 2816 μή
773 2731 853 2797 ὅσον
875 2733 972 2816 τιτθή
995 2731 1169 2819 γενομένη,

158 2835 231 2904 οὐδ’
258 2833 301 2903 αὖ
330 2837 518 2923 θεράπαινά
547 2857 598 2922 γε·
631 2837 746 2922 όιφεϊτο
776 2839 839 2922 γὰρ
868 2838 933 2904 ὑπὸ
960 2847 1020 2904 τοῦ
1047 2843 1169 2926 πατρὸς

157 2953 218 3010 τοῦ
245 2943 326 3026 έμοῦ
356 2941 517 3028 ἐλευθέρα
544 2941 599 3009 καί
625 2942 726 3030 χωρὶς
748 2941 827 3032 ρ’)’κει
856 2942 910 3010 καί
933 2945 1041 3030 όίνδρα
1065 2947 1168 3030 ἔσχεν.

117 3075 144 3117 τε
157 3050 349 3127 ψεύσασθαι
376 3044 413 3113 δέ
440 3051 523 3135 πρὸς
549 3050 635 3134 ὑμᾶς
661 3047 716 3115 καί
746 3051 970 3134 διομόσασθαι
992 3050 1091 3126 αὐτὸς
1113 3049 1168 3116 καὶ

157 3156 216 3220 τὸν
238 3155 315 3220 υίδν
344 3153 399 3220 καί
424 3156 486 3240 τήν
512 3167 653 3238 γυναῖκα
681 3155 742 3222 ούκ
764 3155 807 3221 ἂν
830 3156 1004 3241 ἐτόλμησα,
1027 3155 1098 3221 οὐδ’
1126 3155 1169 3222 δν

152 3262 189 3325 εἰ
209 3255 248 3326 εὖ
270 3259 368 3347 ᾔδειν
390 3259 441 3325 ότι
464 3261 633 3346 αἱρήσοιμι
655 3261 792 3338 αύτούς·
815 3261 856 3328 ού
878 3262 942 3348 γδιρ
965 3262 1071 3339 οὕτως
1093 3265 1168 3329 τού-

156 3389 235 3443 τους
257 3376 355 3451 μισῶ,
377 3365 422 3442 ῶς
444 3365 587 3450 έμαυτὸν
608 3371 705 3452 φιλῶ.
745 3367 801 3432 ίνα
825 3363 862 3432 δὲ
884 3368 928 3452 μή
951 3370 1039 3455 λόγω
1062 3371 1168 3452 μόνον

157 3469 322 3555 ακούσητέ
342 3494 419 3556 μον,
442 3470 545 3538 αὐτὸν
567 3471 648 3556 ὑμῖν
671 3474 730 3538 τὸν
753 3473 857 3556 νόμον
880 3471 1112 3554 ἀναγνώσεται.
1145 3481 1147 3488 “
