2654 3926
202 165 247 230 Ί4
508 173 588 226 XLV.
613 169 893 223 ΔΗΜΟΣΘΕΝΟΤΣ

201 327 255 394 καὶ
285 329 382 415 δίκην
411 329 454 396 ἀν
482 330 565 415 ὑμᾶς
594 325 670 416 παρ’
697 330 800 396 αὐτοῦ
827 333 957 414 λαβεῖν,
990 339 1216 414 γραμματεῖον

203 433 233 500 δ’
255 437 344 524 αύτῷ
363 441 625 521 καταλειφθῆναι
643 445 849 522 μαρτυρῆσαι
871 439 1002 521 φαύλου
1025 433 1080 499 καὶ
1103 431 1214 500 οὐδέν.

202 544 271 607 ἐστι
294 538 332 608 δέ
354 539 443 609 τοῦτ’
466 543 545 608 αὐτὸ
564 545 603 609 τὸ
622 543 747 626 δηλοῦν
765 541 820 607 καὶ
842 550 1050 626 κατηγοροῦν
1073 540 1124 605 ὅτι
1146 549 1214 605 τάν

162 663 188 705 ²1
201 651 239 714 τὸ
261 658 395 734 πρᾶγμα
416 650 703 714 κατεσκευάκασιν.
748 649 780 712 εί
800 643 862 731 μὲν
889 647 953 732 γάρ
976 645 1058 730 ἐπῆν
1081 643 1134 710 ἐντὶ
1155 655 1215 729 τῆς

202 755 365 839 διαθήκης
393 755 588 832 ’Πασίωνος
612 753 669 820 καὶ
697 753 926 840 Φορμίωνος’,
953 751 974 836 ή
1002 753 1100 838 ‘nobs
1124 755 1214 834 Φορ-

200 857 318 944 μίων”
340 859 361 944 ή
384 864 516 928 τοιοῦτό
538 884 585 946 τι,
615 863 748 937 εἰκότως
770 859 813 925 ἀν
836 859 940 943 αὐτήν
962 856 1071 944 ἐτήρει
1092 858 1213 945 τούτῳ·

201 968 233 1031 εἰ
258 963 305 1051 δ’,
336 967 446 1052 ὥσπερ
477 967 748 1052 μεμαρτύρηκεν,
776 965 859 1049 ἐπήν
885 965 1046 1047 ’διαθήκη
1078 967 1213 1028 Πασίω-

84 1071 87 1076 “
200 1069 286 1153 νος’,
308 1080 377 1148 πῶς
399 1070 461 1136 οὐκ
483 1069 526 1136 ἀν
548 1069 722 1156 ἀνηρήμην
741 1070 846 1154 αὐτήν
869 1068 945 1153 ἐγώ,
968 1070 1129 1146 συνειδὼς
1151 1064 1213 1153 μέν

201 1173 330 1264 ἐμαυτῷ
354 1175 509 1260 μέλλοντι
532 1176 741 1260 δικάζεσθαι,
769 1176 931 1252 συνειδὼς
953 1171 984 1240 δ’
1010 1175 1213 1241 ὑπεναντίαν

201 1276 318 1366 οὖσαν,
340 1289 431 1369 είττερ
444 1277 488 1368 ἧν
501 1283 647 1366 τοιαύτη,
670 1293 739 1358 τοῖς
752 1279 881 1369 ἐμαυτῷ
896 1279 1113 1368 συμφέρουσι,
1135 1284 1214 1363 κλη-

200 1392 344 1473 ρονόμος
365 1386 397 1453 δ’
425 1389 473 1455 ὢν
500 1387 555 1454 καὶ
581 1389 715 1472 ταύτης,
743 1394 834 1474 είκερ
861 1382 904 1472 ἧν
931 1388 1057 1472 τούμοῦ
1079 1389 1212 1471 καιρός,

161 1492 255 1558 τεκαὶ
282 1504 349 1558 τῶν
371 1495 483 1560 ἄλλων
509 1506 577 1560 τῶν
594 1489 757 1581 πατρῴων
776 1493 912 1577 ὁμοίωςς
935 1493 1061 1560 οὐκοῦν
1082 1501 1128 1580 τῷ
1151 1512 1213 1556 τα-

201 1596 357 1682 ρίχεσθαι
380 1595 441 1683 μὲν
463 1603 647 1684 Φορμίωνι,
669 1599 859 1685 γεγράφθαι
882 1595 920 1664 δέ
935 1603 1123 1683 Πασίωνος,
1145 1599 1213 1663 είᾶ-

200 1710 282 1768 σθαι
304 1702 335 1769 δ’
361 1702 420 1791 ὑφ’
447 1705 557 1791 ήμῶν,
580 1704 779 1790 ἐξελέγχεται
802 1703 1084 1789 κατεσκευασμένη
1108 1700 1169 1788 μδν
1190 1704 1293 1788 ή1108

201 1812 366 1896 διαθήκη,
396 1813 523 1896 ψευδής
552 1809 583 1876 δ’
610 1812 630 1896 ή
658 1821 719 1878 τού
748 1814 1013 1897 Κηφισοφῶντος
1039 1814 1211 1896 μαρτυρία.

201 1914 272 1982 ἀλλ’
300 1916 345 1982 ἐῶ
362 1919 623 2003 Κηφισοφῶντα·
647 1919 722 1983 ούτε
741 1918 804 2004 γὰρ
823 1926 888 1983 νύν
905 1940 962 2001 μοι
979 1918 1062 2002 πρὸς
1083 1915 1212 1982 ἐκεῖνόν

202 2021 303 2107 ἐστιν,
326 2019 396 2088 οὔτ’
419 2021 644 2109 ἐμαρτύρησεν
663 2022 788 2100 ἐκεῖνος
805 2020 881 2108 περὶ
898 2032 965 2088 τῶν
987 2021 1024 2086 ἐν
1046 2031 1117 2097 ταῖς
1140 2021 1210 2086 δια-

162 2149 188 2189 ω
201 2131 321 2212 θήκαις
334 2127 480 2195 ἐνόντων
494 2126 604 2194 ούδέν.
645 2132 752 2194 καίτοι
765 2126 821 2192 καὶ
838 2137 936 2194 τοῦτο
951 2138 1112 2210 σκοπεῖτε,
1130 2127 1212 2193 ὅσον

201 2232 270 2299 ἐστὶ
300 2236 478 2320 τεκμήριον
510 2230 536 2300 ὦ
568 2235 687 2320 ἀνδρες
710 2231 884 2318 Ἀθηναῖοι
915 2243 975 2300 τοῦ
1006 2235 1146 2311 τούτους
1172 2235 1212 2299 τά

200 2341 307 2424 ψευδῆ
335 2339 628 2426 μεμαρτυρηκέναι.
666 2342 697 2405 εί
717 2341 781 2424 γὰρ
804 2339 823 2406 ὁ
846 2335 907 2423 μὲν
937 2339 1036 2416 αὐτὸς
1065 2343 1152 2425 ἔχειν
1174 2340 1210 2406 τὸ

201 2457 423 2532 γραμματεῖον
446 2457 640 2533 μαρτυρῶν,
663 2445 725 2512 οὐκ
747 2441 897 2529 ἐτόλμησ
924 2443 1099 2532 ἀντίγραφ’
1126 2441 1213 2511 εἶναι

202 2552 222 2616 ά
244 2557 416 2638 παρείχετο
436 2557 596 2639 Φορμίων
617 2563 685 2618 τῶν
703 2549 781 2637 παρ’
804 2551 892 2640 αύτῷ
916 2561 1132 2638 μαρτυρήσαι,
1155 2548 1212 2619 οὗ·

201 2681 252 2723 τοι
282 2655 312 2723 δ’
340 2653 410 2724 οὔτ’
438 2656 470 2736 ἐξ
501 2658 602 2745 ἀρχῆς
631 2659 676 2734 ὡς
706 2665 858 2743 παρῆσαν
888 2659 995 2741 ἔχοιεν
1024 2656 1066 2722 ἀν
1095 2659 1211 2742 εἰπεῖν,

202 2760 272 2829 οὔτ’
295 2761 455 2849 ἀνοιχθὲν
473 2761 566 2831 εἶδον
583 2765 666 2850 πρὸς
683 2773 728 2852 τῷ
753 2765 901 2848 διαιτητῇ
919 2765 956 2830 τὸ
979 2775 1212 2849 γραμματεῖον,

201 2869 285 2934 ἀλλὰ
312 2866 367 2934 καὶ
394 2872 681 2956 μεμαρτυρήκασιν
708 2866 803 2935 αὐτοὶ
832 2870 876 2953 μή
903 2866 1018 2935 θέλειν
1044 2866 1093 2952 ἔμ’
1120 2867 1211 2935 ἀνοί-

201 2998 292 3061 γειν,
319 2972 417 3041 ταῦθ’
445 2976 490 3052 ὡς
515 2973 689 3062 ἀντίγραφ’
721 2973 812 3041 ἐστὶν
843 2973 980 3040 ἐκείνων
1007 2997 1213 3061 μεμαρτυρη-

202 3085 311 3164 κότες,
343 3084 378 3146 τί
404 3078 478 3147 ἀλλ’
512 3081 533 3166 ή
564 3092 658 3166 σφῶν
688 3082 798 3147 αὐτῶν
826 3083 1003 3166 κατήγοροι
1034 3084 1213 3165 γεγόνασιν

203 3188 254 3252 ὅτι
275 3187 470 3267 ψεύδονταις

163 3312 190 3352 ει
263 3289 333 3356 Ἔτι
355 3296 471 3358 τοίνυν
494 3287 659 3380 ὦίίνδρες
677 3290 851 3378 Ἀθηναῖοι
872 3305 941 3371 τῶς
963 3291 1145 3378 γέγραπταί
1163 3317 1213 3371 τις

203 3396 246 3461 ἂν
264 3394 415 3475 ἐξετάσας
432 3399 493 3483 τήν
511 3403 706 3487 μαρτυρίαν,
727 3403 824 3483 γνοίη
847 3403 1013 3475 παντελῶς
1035 3407 1133 3466 τοῦτο
1156 3422 1211 3484 με·

203 3501 454 3588 μηχανημένους
481 3504 618 3589 αὐτούς,
650 3505 738 3580 ὅντως
763 3502 818 3570 καὶ
847 3505 981 3582 δικαίως
1009 3502 1065 3569 καὶ
1091 3502 1212 3584 ἀδίκως
