2656 3926
191 159 258 226 392
553 163 831 218 ΔΗΜΟΣΘΕΝΟΤΣ

192 318 368 406 ἑοράκατε·
389 324 477 408 πλὴν
498 324 562 410 γὰρ
585 322 646 390 οὑκ
669 326 731 410 ἔχω
749 327 839 400 τίνος
856 329 949 407 ελπω,
971 323 1074 390 πόλλα
1090 315 1197 385 πάνθ’
1301 300 1302 360 ί

190 427 272 511 ὑμίν
294 427 470 495 ἀναθεῖναι
496 433 716 516 πεπείρανται.
752 429 785 493 εἰ
805 425 865 514 μὲν
894 422 957 495 οὑν
979 422 1064 512 ήσαν
1087 425 1201 492 αὐτῶν
1302 482 1303 518 ,

192 531 329 618 ἀληθεῖς
357 535 396 600 αλ
419 538 630 620 κατηγορίαι,
663 534 760 621 χάριν
789 530 821 618 γ’
854 531 949 621 εἴχετ’
982 536 1116 608 εἰκότως
1144 530 1201 614 δν,

191 640 224 704 εί
250 641 332 726 πρὸς
360 639 446 724 ὑμᾶς
474 639 579 722 οὑτως
606 639 702 724 ὑμῶν
730 642 936 726 κατηγόρουν
964 636 1021 706 καί
1049 638 1093 723 μή
1116 636 1201 720 πρὸς
1303 666 1304 698 ι

165 743 322 821 εᾶλλους.
358 744 471 830 ἐπειδή
494 741 533 812 δὲ
555 743 809 830 διαστρέήαντες
830 747 975 832 τάληθῆ,
996 741 1053 812 καλ
1074 744 1114 810 τὰ
1136 737 1200 826 μὲν

190 853 467 937 παραβαίνοντες,
495 848 553 936 ἀφ’
584 845 632 917 ὧν
661 850 704 919 δν
732 853 894 938 μεγάλους
923 852 1078 928 ἐπαίνους
1105 852 1199 934 κομί·
1304 851 1305 870 ’

191 961 310 1021 σαισθε
347 957 501 1041 δικαίοις,
536 956 577 1024 τὰ
608 953 639 1023 δ’
676 957 901 1043 αἰτιασόμενοι
931 957 1039 1040 νευδή
1070 953 1126 1022 καὶ
1157 953 1200 1020 οὐ
1305 1032 1306 1050 ¹

190 1059 397 1148 προσήκονθ’
423 1061 521 1148 ὑμῖν,
547 1059 721 1148 κέχρηνται
748 1071 794 1151 τῷ
823 1065 928 1152 λόγῳ,
953 1063 1120 1147 πονηροὺς
1149 1060 1200 1124 δί-

191 1190 288 1234 καιον
306 1168 437 1254 αὐτοὺς,
460 1167 594 1234 ἐπειδὰν
613 1166 830 1253 ἐξελεγχθῶσι
852 1177 954 1234 ταῦτα
975 1167 1200 1250 πεποιηκότες,

190 1276 346 1358 νομίζειν.
386 1276 418 1341 εἰ
438 1274 502 1361 γὰρ
525 1272 662 1360 ῥήτορες
689 1271 796 1340 δεινοί
817 1277 944 1358 μᾶλλον
965 1267 1052 1339 εἶναι
1074 1272 1199 1355 δοκεῖν,

191 1379 212 1463 ή
239 1377 307 1464 μετ’
334 1380 492 1464 ἀληθείας
521 1378 671 1455 ἐπαινεῖς
697 1380 871 1464 ἅνθρωποι
898 1380 1091 1463 νομίζεσθαι
1117 1397 1198 1458 προ-

190 1487 331 1571 είλοντο,
355 1483 427 1552 οὐδ’
455 1482 551 1551 αὐτοὶ
571 1483 817 1569 καλοκάγαθίας
838 1483 880 1550 δν
902 1485 947 1561 ὡς
970 1486 1077 1550 ἔοικεν
1099 1481 1198 1566 ἀμφι-

163 1594 354 1674 ισβητοῑεν.
395 1593 464 1656 ἐστι
494 1586 555 1674 μὲν
582 1584 645 1658 οὖν
671 1592 814 1676 χαλεπὸν
839 1591 877 1658 τὸ
904 1587 980 1674 παρ’
1007 1589 1088 1674 ὑμῖν
1113 1583 1197 1672 ὑπὲρ

189 1695 285 1779 ὑμῶν
317 1693 445 1780 ἐροῦντ’
482 1693 714 1780 όνεστηκέναι,
752 1696 861 1783 ὥσπερ
898 1693 1018 1783 ῥᾴδιον
1048 1697 1086 1762 τὸ
1116 1690 1195 1758 καθ’

190 1800 295 1884 ὑμῶν.
345 1798 409 1884 ἐγὼ
441 1802 504 1886 γὰρ
537 1801 583 1885 μδ
617 1801 679 1885 τήν
705 1798 856 1887 Ἀθηνᾶν
891 1800 1030 1877 οὐδένας
1061 1798 1103 1866 δν
1131 1809 1200 1864 τῶν

191 1908 301 1972 ἄλλων
330 1905 519 1992 ἀνθρώπων
560 1906 664 1984 οὑτως
697 1902 789 1992 οἶμαι
821 1908 862 1973 τὰ
890 1904 1054 1994 προσόνθ’
1087 1904 1200 1982 αὑτοῖς

191 2012 330 2080 ἀκοῦσαι
351 2009 653 2096 νουθετουμένους,
680 2012 725 2090 ὡς
746 2012 840 2098 ὑμεῖς
861 2013 901 2078 τὰ
924 2013 969 2098 μή
990 2013 1199 2098 προσήκοντα

189 2127 296 2195 κακῶς
323 2116 508 2194 ἀκούοντες.
548 2117 589 2184 οὑ
616 2119 682 2202 μήν
710 2114 791 2185 οὐδὲ
815 2119 954 2194 τούτους
978 2115 1130 2204 θρασέως
1154 2114 1198 2181 δν

191 2223 296 2300 οὑτως
325 2221 468 2308 ήγοῦμαι
499 2223 700 2306 ψεύδεσθαι,
731 2226 763 2290 εί
792 2224 837 2308 μή
869 2220 1056 2308 συνῄδεσαν
1085 2231 1199 2305 ταῦτα,

190 2326 246 2396 καὶ
273 2330 443 2414 πρόδηλον
471 2323 515 2413 ήν
544 2328 595 2394 ὅτι
629 2328 812 2395 δεινότατοι
840 2329 975 2395 πάντων
1004 2329 1097 2413 ὑμεῖς
1126 2324 1195 2394 ἐστ’

164 2433 325 2501 ιάκούειν
348 2434 367 2500 ὅ
389 2457 421 2500 τι
439 2434 480 2499 ἄν
498 2456 548 2510 τις
564 2431 642 2498 καθ’
665 2433 758 2517 ὑμῶν
777 2431 866 2520 λέγη.
902 2435 933 2499 εί
953 2430 1014 2517 μὲν
1037 2428 1099 2498 οὖν
1121 2434 1199 2500 ταὺ-

190 2563 247 2624 της
274 2549 332 2622 τής
357 2539 513 2624 εὐηθείας
540 2539 636 2622 δίκην
658 2538 744 2622 ὑμᾶς
766 2540 820 2604 δελ
840 2538 987 2622 διδόναι,
1013 2542 1134 2622 λόγους
1156 2539 1197 2606 οὐ
1209 2557 1278 2608 1454

189 2647 415 2730 προσήκοντας
440 2644 522 2710 κατὰ
549 2652 607 2726 τῆς
636 2647 762 2720 πόλεος
788 2641 923 2710 ἀκούειν
948 2642 1037 2712 τοῦτ’
1068 2643 1110 2710 όν
1137 2651 1198 2730 είη.

190 2752 222 2817 εί
239 2747 269 2814 δ’
290 2744 373 2834 ὑπὲρ
391 2759 458 2814 τῶν
476 2747 613 2833 ἀληθῶν
631 2755 665 2814 εί
677 2771 710 2815 τι
728 2749 858 2815 δίκαιον
880 2749 1009 2835 ῥητέον,
1033 2749 1086 2817 ἐπὶ
1104 2749 1193 2817 τοῦτ’

191 2855 255 2939 ἐγὼ
274 2855 499 2940 παρελήλυθα,
521 2854 685 2920 πιστεύων
705 2853 767 2920 οὐκ
789 2854 887 2931 αὐτὸς
909 2854 1006 2933 ἀξίας
1028 2866 1095 2922 τῶν
1116 2857 1198 2941 ὑμῖν

190 2958 428 3046 πεπραγμένων
455 2960 560 3024 είπείν
596 2961 817 3043 δυνήσεσθαι,
848 2959 932 3026 ἀλλὰ
957 2959 997 3024 τὰ
1014 2956 1195 3045 πρόγμαθέ,

165 3067 279 3143 τόπος
307 3067 350 3131 ἄν
378 3087 428 3141 τις
455 3071 549 3150 είπη,
579 3066 689 3130 δίκαια
718 3072 908 3150 φανεῖσθαι.
954 3066 1193 3152 βονλοίμην.δ’

191 3171 234 3238 ἂν
262 3171 347 3255 ὑμᾶς
377 3164 403 3235 ὦ
433 3170 551 3256 ἄνδρες
576 3167 768 3256 Ἀθηναῖοι,
803 3177 896 3247 ἴσους
923 3169 1085 3258 ἀκροατὰς
1112 3169 1196 3259 ὑπὲρ

190 3277 284 3361 ὑμῶν
308 3277 417 3342 αὐτῶν
439 3273 612 3361 γενέσθαι,
638 3273 693 3340 καλ
720 3276 764 3360 μή
787 3284 832 3364 τῷ
855 3282 1021 3362 προῆχθαι
1042 3280 1120 3355 τοὺς
1141 3281 1196 3345 λό-

191 3405 272 3463 γους
300 3379 469 3447 ἐπαινέσαι
496 3383 573 3458 τοὺς
601 3383 728 3449 τούτων
756 3386 950 3466 φιλονικεῖν.
992 3381 1034 3449 οὑ
1061 3385 1126 3471 γὰρ
1153 3383 1196 3451 δν

192 3485 352 3573 ὑμετέραν
373 3490 491 3553 κακίαν
515 3484 625 3565 οὐδεὶς
653 3490 701 3554 ἔτι
723 3490 849 3573 κρίναι,
875 3490 906 3554 εί
930 3486 1085 3572 λέγοντός
1105 3513 1197 3567 τινος
