2654 3926
197 153 241 218 46
484 155 583 208 mn.
611 150 914 223 [ΔΗυοΣοωαουΣ]

636 347 772 400 ΝΟΜΟΣ.

304 471 339 538 Ὁ
367 473 465 557 άρχων
495 475 687 554 ἐπιμελείσθω
717 483 775 536 τῶν
805 471 947 555 ὀρφανῶν
979 471 1029 535 καί
1058 481 1117 534 τῶν
1147 471 1216 533 ἐπι-

242 572 360 653 κλήρων
378 571 504 634 καὶτῶν
525 573 615 635 οἴκων
629 581 687 634 τῶν
702 570 943 652 ἐξερημουμένων
960 569 1011 632 καί
1029 580 1087 632 τῶν
1105 593 1216 651 γυναι-

242 678 314 748 κῶν,
333 669 399 731 ὅσαι
418 668 558 750 μένουσιν
577 670 610 731 έν
629 675 690 742 τοῖς
709 669 802 743 οἴκοις
819 679 878 731 τῶν
896 667 1015 749 ἀνδρῶν
1028 676 1087 729 τῶν
1100 673 1215 747 τεθνη·

243 765 337 828 κότων
352 767 520 846 φάσκουσαι
534 773 626 829 κυεῖν
662 767 774 828 τούτων
793 766 986 926 ἐπιμελείσθω
1005 764 1055 826 καί
1050 763 1122 943 ὑμήί
1133 763 1213 826 ἐάτω

242 861 373 944 ὑβρίζειν
406 862 521 945 μηδένα
551 863 618 947 περί
649 866 779 938 τούτους.
829 864 882 926 ἐὰν
914 863 946 926 δέ
977 861 1070 937 τιςὺ
1071 863 1155 949 βρίζη
1092 858 1213 943 ρή

243 969 313 1119 πμιή
333 984 359 1023 τι
377 963 562 1042 παράνομον,
585 960 686 1042 κύριος
705 962 776 1024 ἔστω
795 962 961 1043 ἐπιβάλλειν
978 959 1052 1022 κατὰ
1070 959 1102 1021 τὸ
1120 959 1213 1033 τέλος.

243 1056 295 1119 ἐὰν
323 1056 356 1120 δέ
387 1060 520 1138 μείζονος
547 1060 650 1137 ζημίας
683 1061 756 1144 δοκή
783 1057 865 1134 άξιος
892 1054 983 1138 εἶναι,
1010 1057 1213 1139 προσκαλεσά-

243 1177 331 1235 μενος
360 1156 533 1235 πρόπεμπτα
562 1154 613 1216 καί
641 1158 751 1236 τίμημα
779 1155 1034 1238 ἐπιγραψάμενος,
1069 1154 1087 1216 ὅ
1114 1175 1142 1215 τι
1171 1152 1213 1216 άν

243 1253 317 1336 ὃοκή
346 1252 441 1338 αὐτῷ,
470 1251 605 1334 εἰσαγέτω
633 1254 674 1327 είς
696 1253 751 1332 τήν
773 1250 900 1332 ἡλιαίαν.
943 1252 996 1314 ἐὰν
1018 1245 1046 1313 δ’
1072 1248 1144 1336 άλῷ,
1166 1274 1211 1312 τι-

243 1350 323 1429 μάτω
346 1346 366 1428 ή
389 1347 490 1429 ήλιαία
512 1349 653 1431 περὶτοῦ
677 1348 808 1429 ἁλόντος,
831 1348 893 1411 ὅτι
910 1347 964 1430 χρή
984 1345 1074 1409 αὐτὸν
1096 1351 1211 1407 παθεῖν

242 1442 263 1525 ἢ
285 1445 444 1509 ἀποτεῖσαι,

159 1603 185 1644 ιο
265 1587 345 1659 Πῶς
363 1583 405 1648 άν
424 1579 486 1650 οὖν
505 1589 632 1668 μᾶλλον
654 1582 892 1669 ἐξερημώσαιεν
910 1585 1084 1668 άνθρωποι
1102 1577 1210 1666 οἶκον,

198 1687 220 1771 ή
242 1693 277 1752 εί
295 1711 382 1764 τινες
403 1690 481 1766 τούς
502 1712 537 1754 τε
559 1687 649 1773 γένει
676 1691 773 1766 ὄντας
797 1685 1111 1775 ἐγγυτάτωἉγνίρι,
1133 1688 1210 1753 τού-

198 1816 276 1869 τους
299 1792 506 1871 ἐξελαύνοιεν
529 1793 562 1872 έξ
587 1792 700 1881 ἑτέρου
719 1801 813 1861 οίκου
837 1795 930 1871 ὄντες
951 1803 1011 1860 τοῦ
1030 1798 1208 1878 Στρατίου,

198 1896 254 1964 καὶ
275 1899 375 1966 πάλιν
398 1902 429 1965 εί
450 1902 508 1966 τὸν
531 1896 591 1985 μέν
614 1906 739 1986 κλήρου
766 1899 855 1978 ἀξιοῖ
882 1902 968 1986 ἔχειν
994 1901 1053 1966 τὸν
1071 1897 1207 1982 Ἁγνίου

198 2005 242 2081 ὡς
267 2002 357 2088 γένει
383 2009 575 2091 προσήκων,
602 2009 640 2073 τὸ
668 2004 698 2072 δ’
726 2007 832 2090 ὄνομά
860 2005 949 2072 ἐστιν
977 2005 1064 2092 αὐτῷ
1087 2006 1132 2089 μή
1156 2005 1207 2071 ότι

198 2109 234 2174 ἐκ
257 2119 316 2176 τοῦ
334 2108 468 2194 Ἁγνίου
491 2119 597 2197 οίκου,
620 2109 691 2177 ἀλλ’
713 2109 786 2178 οὐδ’
810 2112 846 2178 ίκ
867 2122 927 2178 τοῦ
950 2115 1114 2196 Στρατίου
1137 2109 1287 2187 έστίιοττ

197 2226 257 2282 τοῦ
276 2213 395 2283 ἑαυτοῦ
412 2219 592 2303 προγόνου,
615 2215 698 2284 οὐδὲ
720 2229 787 2284 τῶν
810 2211 921 2283 άλλων
944 2217 1118 2301 ἀπογόνων
1140 2229 1207 2284 τῶν

197 2321 379 2407 Βουσέλου,
397 2325 565 2389 τοσούτων
583 2321 784 2408 γενομένων,
802 2323 940 2400 οὐδενὸς
957 2325 1023 2409 ἔχει
1034 2325 1072 2390 τὸ
1087 2327 1205 2408 ὅνομα;

160 2450 184 2489 ιι
200 2427 283 2493 ἀλλὰ
305 2431 412 2494 πόθεν
435 2430 477 2513 δή
501 2429 569 2495 ἐστι
592 2432 629 2496 τὸ
653 2431 757 2514 ὄνομα
780 2429 799 2496 ὁ
821 2429 1052 2515 Μακάρτατος;
1082 2428 1205 2496 ἐκτῶν

197 2536 279 2619 πρὸς
310 2521 440 2621 μητρός.
490 2538 682 2620 εἰσεποιήθη
713 2536 777 2622 γὰρ
814 2530 910 2612 οὗτος
946 2536 993 2612 είς
1023 2537 1082 2600 τὸν
1114 2531 1204 2604 οἶκον

198 2642 256 2706 τὸν
274 2641 497 2728 Μακαρτάτου
514 2651 575 2707 τοῦ
592 2645 840 2727 Προσπαλτίου,
863 2640 1010 2726 ἀδελφοῦ
1033 2641 1129 2718 ὄντος
1150 2651 1205 2724 τῆς

198 2748 320 2833 μητρὸς
348 2756 405 2832 τής
433 2748 564 2832 τούτου,
593 2746 648 2813 καὶ
678 2750 743 2833 ἔχει
771 2745 827 2812 καί
856 2746 984 2815 ἐκείνου
1013 2748 1073 2813 τὸν
1103 2742 1203 2813 οἶκον.

197 2850 252 2917 καί
275 2852 379 2930 οὕτως
401 2851 491 2919 ἐστίν
513 2853 681 2939 ὑβριστής,
705 2853 787 2918 ὥστε
806 2851 989 2937 γενομένου
1008 2853 1096 2940 αὐτῷ
1118 2851 1204 2930 υίέος

196 2968 256 3025 τοῦ
283 2955 344 3043 μέν
371 2961 559 3042 εἰσαγαγεῖν
591 2960 638 3035 είς
668 2959 727 3025 τὸν
759 2953 852 3025 οἶκον
883 2960 942 3026 τὸν
964 2955 1099 3042 Ἁγνίου
1130 2960 1203 3026 υίὸυ

196 3073 241 3153 τῷ
260 3062 375 3151 Ἁγνίᾳ
398 3062 589 3149 ἐπελάθετο,
615 3062 671 3129 καὶ
698 3060 788 3130 ταῦτ’
815 3066 899 3150 ἔχων
921 3066 980 3132 τὸν
1002 3069 1125 3151 κλήρου
1146 3066 1203 3131 τὸν

191 3168 327 3253 Ἁγνίου
358 3167 413 3234 καὶ
444 3170 582 3254 φάσκων
613 3172 696 3256 πρὸς
727 3167 862 3255 ἀνδρῶν
892 3169 981 3259 αὐτῷ
1013 3171 1202 3257 προσήκειν·

157 3293 183 3333 τε
197 3285 316 3342 τοῦτον
348 3271 385 3340 δέ
415 3278 475 3342 τὸν
505 3276 582 3341 υίὸν
618 3277 677 3341 τὸν
709 3279 890 3359 γευόμενον
920 3284 966 3364 τῷ
999 3276 1201 3366 Μακαρτάτῳ

197 3383 401 3465 είσπεποίηκε
430 3391 478 3470 τςόΙ
502 3383 584 3467 πρὸς
615 3383 737 3466 μητρὸς
764 3383 810 3458 είς
836 3384 914 3458 τοὺς
941 3385 1201 3468 Προσπαλτίους,

196 3488 254 3552 τὸν
282 3483 320 3552 δέ
336 3484 471 3570 Ἁγνίου
500 3482 593 3553 οίκου
623 3495 731 3554 είακευ
761 3489 884 3572 ἔρημον
911 3482 996 3552 εἶναι
1022 3489 1059 3554 τὸ
1086 3489 1211 3554 τούτου·
