2650 3918
197 189 270 254 340·
509 191 566 268 τοι
590 187 894 260 [ΔΗωοΣοΕυονΣ]

197 361 330 434 πρῶτον
362 351 536 435 ἰσηγορίαν
566 347 855 435 καταστησάμενον
882 356 921 435 σή
949 349 1052 414 πόλει.
1099 345 1214 412 δεινὸν

127 442 133 455 ’
198 450 261 522 ούν
288 455 433 540 ἡγοῦντο
462 457 522 540 τήν
553 452 681 523 ἐκείνου
709 455 896 541 προδοῦναι
918 457 1131 540 προαίρεσιν,
1159 447 1214 517 καλ
1308 498 1309 570 ρ

198 560 357 628 τεθνάναι
371 565 498 644 μᾶλλον
511 557 670 648 ᾑροῦντο,
688 559 709 645 ή
727 559 974 646 καταλυομένης
991 559 1110 643 ταύτης
1127 558 1215 643 παρὰ
1308 573 1309 590 ’

198 676 268 743 τοῖς
279 663 417 751 Ἕλλησι
441 670 498 751 ζήν
520 669 814 752 φιλοψυχήσαντες.
851 669 1100 752 παρειλήφεσαν
1122 667 1215 730 Παν-

200 759 345 840 διονίδαι
367 775 528 857 Πρόκνην
555 770 611 838 καλ
636 776 832 857 Φιλομήλαν
860 772 918 849 τάς
940 771 1217 846 Πανδίονος-θυ-

200 873 353 963 γατέρας,
385 879 430 956 ὡς
457 877 702 962 ἐτιμωρήσαντο
735 875 843 964 Τηρέα
871 878 927 942 διὰ
954 877 1015 960 τήν
1042 877 1090 951 είς
1116 874 1218 952 αὑτὰς

199 983 308 1072 ὕβριν.
344 983 386 1052 ού
403 985 526 1070 βιωτὸν
546 977 609 1050 οὖν
628 982 781 1068 ἐνόμιζον
803 982 928 1068 αύτούς,
950 984 981 1048 εί
1002 983 1046 1067 μή
1070 989 1216 1064 συγγενῆ
1226 997 1296 1047 1398

200 1091 406 1174 φανήσονται
432 1091 492 1157 τὸν
519 1089 633 1174 θυμὸν
661 1091 791 1176 ἔχοντες
819 1087 975 1172 ἐκείναις,
1003 1083 1054 1173 ἐφ’
1082 1079 1133 1164 οἷς
1154 1088 1217 1172 τήν

161 1213 187 1254 2⁹
196 1193 325 1262 Ἑλλάδ
344 1193 459 1282 ἑώρων
476 1192 708 1280 ὑβριζομένην.
744 1195 929 1280 ήκηκόεσαν
947 1194 1135 1260 Λεωντίδαι
1154 1216 1218 1276 μυ-

200 1301 451 1386 θολογουμένας
468 1301 527 1378 τὰς
543 1301 620 1366 Λεὼ
643 1303 757 1387 κόρας,
780 1301 826 1379 ὡς
848 1298 966 1378 ἑαυτὰς
988 1301 1110 1366 έδοσαν
1132 1299 1218 1384 σφά-

200 1430 276 1490 γιον
298 1420 367 1485 τοῖς
389 1411 538 1484 πολίταις
564 1402 648 1492 ὑπὲρ
677 1416 734 1491 της
761 1408 879 1493 χώρας.
920 1407 974 1473 ὅτε
997 1406 1039 1492 δή
1062 1416 1218 1492 γυναῖκες

201 1512 323 1582 ἐκεῖναι
349 1515 506 1597 τοιαύτην
534 1514 634 1597 έσχον
661 1511 837 1599 ἀνδρείαν,
868 1513 910 1580 ού
936 1512 1077 1598 θεμιτὸν
1103 1511 1219 1588 αὑτοῖς

200 1617 435 1703 ὑπελάμβανον
448 1621 597 1704 χείροσιν
611 1616 778 1703 ἀνδράσιν
798 1612 896 1685 οὖσιν
910 1618 1047 1685 ἐκείνων
1059 1625 1217 1703 φανῆναι.

201 1719 372 1808 ἐμέμνηντ’
387 1718 620 1808 Ἀκαμαντίδαι
634 1733 701 1788 τῶν
716 1723 816 1809 ἐπῶν,
835 1721 873 1792 ἐν
892 1715 1092 1810 οἷςὍμηρος
1105 1723 1217 1790 εἵνεκα

201 1836 258 1913 τής
275 1830 397 1916 μητρός
414 1845 518 1914 φησιν
531 1831 664 1913 Αίθρας
677 1825 853 1915 Ἀκάμαντ’
871 1830 920 1907 είς
937 1832 1061 1915 Τροίαν
1080 1834 1216 1895 στεῖλαι.

202 1929 305 2019 ὁμέν
327 1928 390 2000 οὖν
416 1936 539 2012 παντὸς
566 1933 717 2020 ἐπειρᾶτο
744 1933 906 2001 κινδύνου
933 1943 993 2000 τοῦ
1022 1946 1127 2001 σῶσαι
1152 1936 1215 2019 τήν

202 2039 322 2108 ἑαυτοῦ
350 2037 462 2126 μητέρ’
495 2041 621 2106 εἵνεκα·
656 2041 692 2105 οί
723 2036 762 2105 δὲ
796 2042 875 2117 τοὺς
908 2046 995 2106 οίκοι
1024 2040 1216 2126 σύμπαντας

202 2144 320 2230 γονέας
340 2157 410 2223 πῶς
432 2145 494 2214 ούκ
516 2148 655 2231 ἔμελλον
672 2141 756 2230 ὑπὲρ
774 2155 835 2212 τοῦ
853 2156 958 2212 σῶσαι
976 2145 1083 2212 πάντα
1101 2147 1215 2212 κίνδυ-

161 2271 264 2320 εονον
285 2251 478 2338 ύπομένειν;
507 2253 569 2318 ούκ
591 2251 778 2318 ἐλάνθανεν
802 2253 971 2336 Οίνείδας,
999 2252 1050 2317 ότι
1073 2252 1215 2337 Κάδμου

62 2419 65 2428 .
201 2354 264 2445 μὲν
286 2357 429 2445 Σεμέλη,
450 2367 508 2443 τής
530 2355 562 2424 δ’
589 2357 630 2424 δν
654 2357 695 2424 ού
721 2355 847 2443 πρέπον
870 2355 936 2423 ἐστ’
963 2357 1137 2443 ὀνομάζειν
1160 2357 1214 2425 ἐπὶ

201 2466 301 2534 τοῦδε
323 2476 383 2533 τοῦ
405 2465 525 2551 τάφου,
546 2473 607 2531 τοῦ
631 2462 661 2532 δ’
692 2466 813 2542 Οἰνεὺς
834 2463 989 2549 γέγονεν,
1012 2463 1049 2542 ὃς
1067 2462 1215 2550 ἀρχηγὸς

202 2571 312 2638 αὐτῶν
336 2569 491 2638 ἐκαλεῖτο.
524 2579 642 2638 κοινοῦ
665 2568 696 2635 δ’
723 2571 818 2647 ὄντος
839 2567 1039 2656 ἀμφοτέραις
1060 2579 1131 2648 ταῖς
1152 2575 1214 2637 τιό-

201 2679 295 2741 λεσιν
317 2685 378 2742 τοῦ
403 2680 568 2763 παρόντος
592 2676 772 2760 κινδύνου,
798 2670 881 2761 ὑπὲρ
908 2673 1104 2762 ἀμφοτέρων
1131 2678 1215 2743 ἀπα-

202 2798 266 2846 σαν
288 2777 395 2869 φύοντο
419 2783 492 2848 δεῖν
509 2781 661 2866 ἀγωνίαν
680 2781 830 2848 ἐκτεῖναι.
865 2777 991 2867 ᾔδεσαν
1008 2784 1213 2869 Κεκροπίδαι

201 2888 261 2954 τδν
288 2883 415 2952 ἑαυτῶν
431 2885 603 2974 ἀρχηγόν,
628 2888 670 2954 τά
697 2884 758 2972 μὲν
785 2888 830 2964 ὡς
852 2890 921 2954 ἐστι
943 2888 1092 2975 δράκων,
1113 2891 1154 2955 τδ
1177 2887 1224 2956 δ’·

203 2994 247 3070 ὡς
268 2993 359 3059 ἔστιν
382 2993 560 3080 ἀνθρωπος
582 2997 780 3079 λεγόμενον,
809 2993 871 3062 ούκ
892 2993 1039 3066 ἄλλοθέν
1061 3002 1169 3062 ποθεν
1192 2994 1214 3080 ή

201 3107 248 3187 τῷ
270 3099 333 3183 τήν
351 3098 487 3165 σύνεσιν
504 3094 566 3182 μὲν
584 3098 688 3166 αὐτοῦ
705 3107 931 3186 προσομοιοῦν
949 3097 1130 3191 ἀνθρύπφ,
1151 3101 1214 3185 τήν

203 3203 308 3288 ἀλκήν
331 3199 369 3270 δδ
391 3204 557 3290 δράκοντι.
593 3203 668 3284 ἀξια
686 3206 729 3290 δή
747 3206 875 3272 τούτων
892 3205 1048 3292 πράττειν
1068 3205 1214 3290 ὑπελάμ-

162 3327 188 3367 ⁸1
202 3311 307 3393 βανον
325 3309 439 3388 αύτοϊς
450 3314 638 3397 προσήκειν.
669 3306 852 3396 ἐμέμνηνθ’
869 3309 1129 3379 Ἱπποθωντίδαι
1144 3321 1213 3378 τῶν

197 3412 338 3498 Ἀλόπης
355 3417 482 3502 γάμων,
505 3414 538 3494 ἐξ
558 3410 605 3482 ὧν
623 3413 792 3482 Ἱπποθῶν
809 3418 885 3502 ἔφυ,
906 3413 962 3482 καὶ
984 3418 1043 3484 τὸν
1066 3417 1212 3505 ἀρχηγὸν

201 3516 341 3602 ᾔδεσαν·
364 3521 415 3603 δν,
437 3523 476 3590 τὸ
498 3520 624 3608 πρέπον
646 3520 823 3608 φυλάττων
846 3521 910 3606 ἐγὼ
928 3522 1013 3610 τῷδε
1029 3532 1076 3612 τῷ
1095 3533 1213 3614 καιρῷ,
