2658 3914
162 186 228 252 136
442 190 565 254 ηοω.
588 121 890 260 [montanum]

160 347 299 433 ἀγῶνος,
321 348 385 433 ἐγὼ
403 348 485 415 κατὰ
502 349 559 425 τὰς
578 350 747 432 συνθήκας
764 345 820 413 καί
837 350 915 424 τοὺς
932 346 1052 434 ὅρκους
1068 347 1168 413 πάλιν

159 456 197 521 τὸ
220 454 319 541 μέρος
348 454 481 540 λάβοιμι
509 454 599 540 παρὰ
627 453 767 538 τούτου,
796 451 855 520 ἐὰν
884 450 914 518 δ’
942 450 996 539 ἀρ’
1023 451 1168 538 ἀποτύχη

160 558 272 628 καὶτὰ
290 559 384 647 ἔτερα
401 562 612 645 ψηφίσωνται
630 560 666 625 οί
683 560 845 643 δικασταί,
866 554 963 637 οὗτος
983 555 1060 645 παρ’
1087 557 1168 643 ἐμοῦ

160 666 200 731 τὰ
222 664 303 752 μέρη
326 670 434 742 καλῶς
454 662 510 731 καί
533 667 667 742 δικαίως
689 664 930 750 ἀπολαμβάνοι,
952 665 1060 750 ὥσπερ
1084 664 1169 749 ὠμό-

161 787 265 857 σαμεν
282 770 438 856 ἀλλήλοις
454 769 509 837 καὶ
528 769 749 856 συνεθέμεθα.
781 770 893 854 ἐπειδή
913 766 950 836 δδ
967 766 1057 836 ταῦτ’
1075 768 1169 854 έβου·

160 876 351 962 λευσοίμεθα
372 874 428 942 καί
451 876 559 943 έδόκει
581 872 798 962 ἀσφαλέστατ’
830 871 916 942 εἶναι
943 873 998 941 καί
1021 872 1094 960 έμοδ
1115 870 1170 939 καὶ

157 979 427 1072 Ὀλυμπιοδόρφ,
449 986 726 1070 προσεκλήθησαν
753 981 894 1058 ἅπαντες
921 981 957 1048 οί
981 983 1109 1066 ἔχοντες
1130 979 1171 1044 τὰ
1307 1007 1308 1022 ¹

161 1097 222 1155 τοῦ
244 1090 406 1174 Κόμωνος
426 1090 508 1155 κατὰ
529 1090 589 1156 τὸν
611 1091 727 1173 νόμον.
763 1090 822 1153 καί
841 1111 899 1172 μοι
917 1085 1090 1170 ἀνάγνωθι
1111 1086 1171 1152 τὸν

161 1196 278 1280 νόμον,
300 1192 377 1261 καθ’
405 1193 446 1261 δν
466 1194 487 1280 ή
511 1197 712 1281 πρόσκλησις
734 1191 874 1278 ἐγένετο.

600 1386 738 1440 ΝΟΜΟΣ.

123 1529 148 1571 ⁸1
229 1513 322 1577 Κατὰ
358 1513 418 1578 τὸν
453 1513 559 1597 νόμον
595 1521 714 1578 τοῦτον
751 1505 777 1576 ὦ
814 1512 934 1596 ἄνδρες
970 1506 1120 1576 δικασταὶ
1149 1507 1172 1592 ή

160 1618 361 1702 πρόσκλησις
388 1614 535 1701 ἐγένετο,
566 1614 623 1682 καί
648 1617 707 1693 τὰς
734 1616 991 1702 ἀμφισβητήσεις
1017 1614 1173 1700 ἀντεγρα-

160 1721 308 1805 ψάμεθα,
330 1721 371 1787 ὃν
391 1724 516 1808 τρόπον
542 1720 662 1811 τουτῳὶ
690 1721 798 1788 ἐδόκει
816 1719 1082 1810 Ὀλυμπιοδώρῳ.
1118 1717 1174 1785 καὶ

161 1827 241 1912 μετὰ
262 1822 361 1892 ταῦθ’
388 1827 541 1914 δόίρχων
564 1825 715 1910 ἀνέκρινε
743 1836 845 1893 πᾶσιν
872 1827 952 1913 ἡμίν
978 1837 1047 1904 τοῖς
1074 1825 1174 1911 ἀμφι·

162 1936 333 2017 σβητοῦσι,
354 1931 409 1998 καί
431 1932 611 2018 ἀνακρίνας
629 1935 804 2017 είσήγαγεν
821 1935 869 2011 είς
889 1934 928 1998 τὸ
952 1933 1174 2018 δικαστήριον.
1312 1942 1313 1978 ¹

161 2037 217 2104 καί
239 2037 354 2105 οὑτοσὶ
373 2037 639 2126 Ὀλυμπιόδωρος
660 2038 837 2122 ἠγωνίζετο
858 2050 1003 2124 πρῶτος,
1029 2036 1085 2104 καὶ
1106 2039 1175 2104 ἔλε-

162 2167 221 2228 γεν
243 2144 262 2210 ὅ
285 2167 316 2210 τι
338 2143 507 2229 ἐβούλετο,
529 2142 585 2210 καὶ
608 2149 790 2231 μαρτυρίας
810 2148 984 2231 παρείχετο
1006 2143 1046 2221 ἃς
1067 2142 1257 2212 έδόκειτικο

161 2252 282 2340 τοότφ·
304 2249 395 2335 κάγὼ
418 2246 445 2316 ὦ
469 2251 589 2338 ἀνδρες
616 2249 768 2318 δικασταὶ
795 2249 1099 2336 σιωπήέκαθήμην
1122 2246 1176 2314 ἐπὶ

162 2365 222 2423 τοῦ
254 2354 368 2443 ἑτέρου
399 2359 554 2442 βήματος.
599 2366 719 2424 τοῦτον
756 2353 793 2422 δὲ
829 2359 889 2423 τὸν
923 2357 1047 2442 τρόπον
1079 2377 1176 2420 κατα·

123 2481 151 2520 ⁸²
164 2460 406 2539 σκευασθέντος
425 2472 488 2528 τοῦ
510 2461 640 2546 ἀγῶνος
658 2461 788 2545 ἐνίκησε
812 2462 944 2549 ῥᾳδίως.
980 2461 1117 2544 νικήσας
1139 2455 1176 2525 δὲ
1235 2479 1243 2493 ·

162 2564 218 2633 καὶ
247 2564 520 2651 διαπραξαμένων
547 2565 671 2633 ἅπανθ’
707 2566 770 2632 ὅσα
800 2567 1038 2651 ήβοολήθημεν
1065 2564 1103 2631 ἑν
1128 2572 1175 2651 τῷ

163 2674 377 2760 δικαστηρίῳ,
399 2669 454 2736 καὶ
477 2670 655 2757 ἀπολαβὼν
682 2672 772 2758 παρὰ
798 2683 865 2738 τῶν
887 2673 1050 2757 πρότερον
1072 2670 1177 2736 έπιδι-

162 2775 360 2862 κασαμένων
393 2776 457 2842 ὅσα
490 2772 577 2862 ήσαν
611 2777 733 2844 ἐκείνοι
762 2773 839 2862 παρ’
873 2774 968 2861 ήμῶν
996 2778 1177 2861 είληφότες,

164 2893 265 2950 ταῦτα
293 2884 335 2967 δή
363 2879 458 2950 πάντ’
486 2885 571 2969 έχων
597 2881 653 2949 καὶ
679 2884 717 2949 τὸ
744 2882 906 2969 ἀργύριον
928 2881 947 2948 δ
970 2885 1067 2967 έλαβε
1088 2884 1178 2968 παρὰ

164 2998 225 3056 τοῦ
253 2987 436 3076 ἀνθρώπου
462 2998 523 3055 τοῦ
554 2987 832 3072 βασανισθέντος,
859 2985 931 3054 οὐδ’
959 2987 1073 3054 ὁτιοῦν
1098 2986 1178 3072 ήθέ-

166 3101 244 3179 ληκε
266 3106 333 3161 τῶν
358 3096 497 3160 δικαίων
526 3096 609 3179 πρός
637 3117 677 3178 με
707 3103 860 3177 ποιήσαι,
888 3090 959 3158 ἀλλ’
987 3095 1053 3179 ἔχει
1081 3094 1179 3170 αὐτὸς

165 3203 306 3285 ἅπαντα,
329 3198 508 3284 ὀμωμοκὼς
524 3196 581 3264 καί
600 3200 771 3282 συνθήκας
791 3201 874 3282 πρός
897 3222 937 3284 με
958 3200 1179 3285 ποιησόμενος

164 3301 185 3389 ή
211 3307 279 3389 μήν
303 3305 538 3388 ίσομοιρήσειν.
580 3302 637 3369 καί
666 3305 704 3368 αί
730 3310 896 3388 συνθήκαι
925 3299 1022 3371 αὗται
1048 3308 1094 3370 ἔτι
1123 3303 1178 3370 καί

166 3407 245 3474 νυνὶ
267 3419 391 3473 κεῖνται
413 3408 501 3493 παρὰ
518 3416 564 3494 τῷ
584 3405 833 3494 Ἀνδροκλείδῃ,
854 3406 909 3474 καὶ
932 3412 1180 3494 μεμαρτύρηκεν

127 3532 154 3572 ω
171 3513 269 3588 αὐτὸς
298 3514 380 3591 πρὸς
405 3512 499 3595 ὑμᾶς.
540 3513 703 3596 βούλομαι
731 3507 768 3578 δέ
795 3510 850 3578 καὶ
877 3511 953 3597 περὶ
979 3525 1046 3580 τῶν
1068 3517 1181 3581 ἀλλων
