2658 3914
207 136 271 202 148
489 138 585 189 xm„
613 132 918 206 [εειωοεοεαοτε]

204 303 330 365 θεισων
365 301 528 384 πρότερον
561 306 628 361 τῶν
663 297 835 362 Βοιωτίων
870 295 1015 380 τριήρων
1051 291 1107 359 καλ
1143 294 1219 372 δρα·

205 407 400 470 πελθόντων
429 405 591 488 πρότερον
617 411 684 466 τῶν
714 411 939 485 στρατιωτῶν,
968 403 1095 484 μᾶλλον
1125 399 1216 488 αὐτῷ

166 523 193 565 1⁶
206 508 382 592 ὀργίζησθε
404 508 507 593 ὑμεῖς,
547 507 583 574 os
602 502 663 591 μέν
685 507 748 592 γάρ
771 510 902 572 πολῖται
924 506 1095 590 ἠνείχοντο
1117 528 1218 574 κακο-

205 619 393 690 παθοῦντες
414 611 469 678 καλ
491 610 691 698 παρέμενον·
722 612 758 677 οῖ
778 606 815 676 δὲ
837 608 980 677 Βοιωτοί
1002 611 1064 676 οὐκ
1086 612 1217 696 ἔφασαν

204 730 417 804 παραμενεῖν,
440 720 472 784 εί
488 719 533 803 μή
549 741 600 795 τις
618 716 730 794 αὐτοῖς
751 717 813 799 τήν
834 713 913 781 καθ’
939 713 1063 801 ἡμέραν
1084 717 1217 802 τροωήν

206 824 316 890 δάσοι.
353 826 426 890 τότε
449 819 511 890 οὖν
538 823 800 907 ἀναγκαζόμενος
827 822 1008 900 δανείζεται
1029 821 1087 898 τὰς
1108 825 1305 906 χιλίαςῑιει,

206 929 353 1014 δραχμάς
373 930 461 1016 παρά
488 939 549 997 τοῦ
572 926 805 1013 Ἀντιφάνους,
837 925 873 1004 ὃς
896 925 1027 993 ἐπέπλει
1049 926 1216 1011 ταμιεύων

205 1043 251 1124 τῷ
281 1038 434 1125 Φιλίππῳ
461 1043 507 1124 τῷ
534 1036 731 1122 ναυκλήρῳ,
761 1030 817 1098 καί
844 1033 961 1098 δίδωσι
987 1041 1034 1120 τῷ
1063 1034 1215 1121 Βοιωτίῳ

166 1158 193 1198 ιι
206 1141 341 1227 ἄρχοντι
362 1151 430 1207 τῶν
447 1151 543 1206 νεῶν.
579 1138 691 1222 ε’πειδή
716 1133 748 1203 δ’
775 1136 911 1222 ἀφίκετο
930 1139 1042 1222 δεῦρο,
1065 1135 1216 1224 ἀπῄτουν

205 1246 307 1314 αὐτὸν
324 1247 396 1314 ὅτε
417 1248 582 1321 Φίλιππος
597 1242 652 1310 καὶ
670 1244 689 1311 ὁ
708 1240 908 1329 Ἀντιφάνης
928 1244 985 1320 τάς
1006 1246 1113 1328 χιλίας
1135 1245 1216 1328 δρα-
1305 1245 1306 1302 λ

204 1354 287 1439 γμάς
308 1352 348 1429 ἀς
366 1351 556 1417 ἐδανείσατο
579 1349 615 1415 έν
629 1352 832 1437 Καλαυρείᾳ,
854 1347 909 1415 καί
931 1349 1140 1432 ἠγανάκτουν
1163 1349 1215 1416 ὅτι

206 1459 247 1524 οὐ
276 1460 358 1543 ταχὺ
395 1455 637 1541 ἀπελάμβανον.
696 1456 906 1542 φοβούμενος
943 1450 974 1519 δ’
1010 1448 1107 1531 οὗτος
1136 1457 1216 1532 τοὺς

206 1563 348 1648 ἐχθροὺς
366 1565 444 1638 τοὺς
462 1559 593 1645 ἑαυτοῦ,
615 1562 659 1647 μή
681 1562 846 1628 πύθοιντο
864 1561 927 1644 ὅτι,
949 1559 988 1636 ἀς
1006 1558 1043 1625 έν
1060 1569 1107 1648 τῷ
1126 1563 1214 1650 λόγῳ

206 1666 367 1751 ἀπήνεγκε
398 1671 505 1752 χιλίας
536 1667 683 1752 δραχμὰς
714 1668 865 1744 δεδωκὼς
894 1668 941 1743 είς
965 1665 1025 1742 τάς
1052 1668 1215 1744 Βοιωτίας
1306 1743 1307 1768 ¹

205 1781 288 1848 ναῦς
315 1770 351 1838 ἐκ
377 1783 444 1838 τῶν
474 1783 714 1857 στρατιωτικῶν
736 1773 930 1861 χρημάτων,
951 1771 1071 1847 ταύτας
1095 1775 1213 1837 Φίλιπ·

167 1897 192 1937 ιτ
205 1897 267 1953 πος
285 1878 438 1954 δανείσας
455 1876 692 1964 ἀποστερεῖται,
714 1877 770 1946 καλ
787 1881 854 1965 ἅμα
877 1878 995 1954 δεδιὼς
1016 1879 1075 1944 τὸν
1095 1881 1212 1944 Φίλιπ-

204 2003 280 2068 πον,
303 1984 347 2068 μή
360 1987 622 2070 καταμαρτυροίη
637 1984 740 2051 αὐτοῦ
758 1983 796 2050 έν
813 1993 858 2073 τῷ
878 1984 994 2069 ἀγῶνι,
1015 1985 1211 2069 προσελθὼν
1307 2001 1308 2068 ἠ

204 2098 250 2179 τῷ
272 2088 371 2175 πατρί
388 2099 434 2178 τῷ
453 2089 519 2178 έμβ
539 2088 661 2174 έδεήθη
685 2088 868 2169 ἀπαλλάξαι
889 2092 949 2157 τὸν
969 2093 1136 2156 Φίλιππον
1157 2087 1210 2156 καλ
1307 2071 1308 2154 ³

205 2204 323 2285 χρῆσαι
341 2195 430 2284 αὐτῷ
448 2196 506 2272 τάς
522 2199 630 2282 χιλίας
648 2196 807 2282 δραχμάς,
824 2191 870 2262 ἵν’
892 2195 1032 2280 ἀποδοίη
1049 2199 1211 2285 Φιλίππῳ.

206 2302 294 2387 ὁρῶν
326 2298 357 2370 δ’
384 2302 403 2368 ὁ
432 2302 538 2387 πατήρ
562 2300 580 2367 δ
604 2301 681 2386 έμὸς
708 2305 746 2369 τό
774 2324 808 2369 τε
836 2300 978 2387 μέγεθος
1003 2311 1064 2368 τοῦ
1087 2300 1212 2385 ἀγῶνος

203 2407 319 2490 ἡλίκον
346 2402 389 2493 ἠν
417 2409 541 2498 τούτῳ,
570 2406 626 2474 καλ
648 2408 693 2485 ὡς
709 2408 865 2494 ἠπορεῖτο
888 2402 1004 2492 οὗτος,
1034 2405 1089 2472 καί
1112 2406 1212 2473 έλεῖιν

204 2512 319 2598 αὐτόν,
340 2514 560 2599 προσαγαγὼν
578 2515 660 2599 πρὸς
676 2515 738 2598 τήν
756 2514 917 2600 τράπεζαν
939 2511 1111 2582 έκέλευσεν
1133 2513 1211 2578 ἀπο-

205 2620 324 2686 δοῦναι
354 2621 508 2708 Φιλίππω
539 2621 646 2705 χιλίας
678 2620 824 2705 δραχμάς
852 2622 913 2687 τὸν
943 2617 1123 2706 Φορμίωνα
1153 2620 1211 2684 τὸν

205 2723 449 2808 έπικαθήμενον
464 2721 516 2790 ἐπὶ
533 2733 573 2810 τῇ
592 2723 743 2811 τραπέζη,
760 2722 816 2790 καλ
829 2724 1022 2811 γράψασθαι
1036 2724 1211 2810 ὀφείλοντα

166 2849 192 2888 1⁸
210 2832 385 2913 Τιμόθεον.
421 2829 476 2896 καλ
503 2828 602 2896 ταῦθ’
630 2831 680 2898 ὅτι
709 2829 820 2915 ἀληθῆ
847 2829 934 2915 ἐστι,
964 2833 1024 2898 τὸν
1051 2832 1153 2900 δόντα
1173 2833 1210 2896 τὸ

205 2934 366 3021 ἀργύριον
390 2939 572 3022 Φορμίωνα
594 2935 674 3021 ὑμῖν
696 2937 845 3022 μάρτυρα
864 2935 1055 3024 παρέξομαι,
1078 2919 1211 3030 ἐπειδάν

204 3039 260 3107 καί
282 3038 439 3128 περὶτοῦ
462 3042 565 3107 άλλαυ
588 3045 793 3126 συμβολαίου
817 3043 1023 3128 διηγήσωμαι
1044 3043 1135 3128 ὑμῖν,
1157 3045 1211 3110 ἵνα

204 3157 243 3233 τη
273 3146 355 3232 αὐτῇ
384 3150 547 3233 μαρτυρίᾳ
574 3143 649 3231 περὶ
679 3147 759 3214 ὅλου
787 3158 849 3216 τοῦ
877 3147 980 3235 χρέως
1002 3148 1212 3231 ἀκούσαντες,

205 3254 312 3337 είδῆτε
335 3252 386 3319 ὅτι
408 3251 518 3336 ἀληθῆ
542 3249 636 3335 λέγω.
681 3257 769 3318 καλῶ
793 3250 824 3318 δ’
850 3253 931 3338 ὑμῖν
953 3251 1009 3320 καί
1030 3256 1091 3321 τὸν
1108 3250 1211 3319 Ἀντι-

205 3358 316 3443 φάνην
338 3359 397 3423 τὸν
421 3360 617 3424 δανείσαντα
638 3359 677 3424 τὸ
701 3357 861 3445 ἀργύριον
883 3361 1006 3449 τοάτηο,
1028 3360 1086 3435 τάς
1107 3362 1213 3445 χιλίας

207 3463 364 3549 δραχμάς,
387 3462 423 3528 ἐν
442 3465 645 3550 Καλαυρείᾳ,
666 3460 722 3528 καί
743 3465 890 3549 παρόντα
913 3465 966 3531 ὅτε
990 3463 1131 3548 ἀπέλαβε
1152 3470 1212 3530 Φί-
