2654 3926
438 183 537 236 ΠΡΟΣ
556 185 776 238 οειαιιῑιιοα.
1072 186 1114 250 15

96 341 180 408 σταὶ
198 348 244 420 τίς
268 344 329 410 οὐκ
352 338 444 410 οἶδεν
466 343 572 427 ὑμῶν,
596 343 646 409 δτι
670 344 791 428 ὁμοίως
808 346 830 429 ή
848 343 877 411 τ’
901 346 938 412 ἐν
956 355 1000 434 τῷ
1020 350 1112 436 νόμῳ

95 447 306 534 γεγραμμένη
329 454 428 533 κυρία
451 449 541 516 ἐστὶν
564 449 680 535 ἡμέρα,
702 450 758 516 καὶ
775 451 797 534 ἡ
815 451 880 518 ὑπὸ
899 464 966 518 τῶν
988 451 1113 518 ἀντιδί-

94 578 173 619 κων
200 563 464 643 σνγχωρηθεῖσας
495 557 654 634 πολλάκις
682 559 746 643 γάρ
776 560 813 623 ἔν
843 581 877 624 τε
907 570 975 636 τοῖς
997 561 1113 643 νόμοις

96 661 324 747 γεγραμμένης
355 672 548 749 τριακοστῆς
582 661 705 748 ἡμέρας
741 661 856 749 ἑτέραν
887 664 967 749 ἡμῖν
999 665 1112 742 αὐτοῖς

96 771 370 853 συγχωρήσαντες
392 768 552 853 ἐθέμεθα,
574 770 662 855 παρά
684 792 718 834 τε
741 780 812 846 ταῖς
834 768 950 856 ἀρχαῖς
972 768 1112 847 ἁπάσαις

95 871 156 937 καὶ
178 874 268 951 δίκας
289 872 346 940 καὶ
369 880 491 961 κρίσεις
518 873 761 958 ἀναβάλλονται
784 886 853 952 τοῖς
875 874 1056 955 ἀντιδίκοις
1078 879 1114 944 οδ
1123 887 1190 938 1043

95 980 254 1065 ἄρχοντες
276 983 564 1067 συγχωρησάντων
587 981 723 1047 ἐκείνων
746 980 916 1065 ἀλλήλοις·
940 976 987 1048 ών
1010 989 1044 1050 εί
1062 1006 1111 1062 τις

94 1085 221 1171 ἄκυρον
247 1087 407 1171 ἡγήσαιτο
437 1089 510 1154 δεῖν
537 1082 623 1153 εἶναι
649 1088 710 1170 τήν
737 1089 820 1172 πρὸς
846 1085 1010 1171 ἀλλήλους
1033 1089 1111 1174 δμο-

95 1195 232 1276 λογίαυ,
262 1191 428 1277 μισήσαιτ’
456 1193 497 1260 άν
527 1194 630 1260 αὐτὸν
660 1195 705 1270 ὡς
735 1193 983 1280 ὑπερβάλλοντα
1013 1211 1110 1260 συκο-

57 1316 81 1354 14
95 1303 226 1386 φαντία.
272 1304 460 1377 Φαίνιππος
488 1303 622 1384 τοίνυν,
651 1301 761 1385 ὥσπερ
791 1310 851 1366 τοῦ
881 1302 988 1384 νόμον
1011 1316 1111 1385 προσ-

94 1405 268 1483 τάττοντος
299 1403 404 1491 μηδὲν
434 1418 544 1471 ποιεῖν
576 1400 623 1471 ὧν
655 1405 698 1472 δν
730 1405 918 1492 ὁμολογήσῃ
950 1429 1016 1490 τις,
1053 1404 1106 1470 ἀπ’

95 1509 221 1594 ἐκείνης
250 1519 308 1594 τῆς
335 1510 476 1598 ἡμέρας,
506 1509 562 1598 ἀφ’
597 1506 636 1595 ἧς
665 1512 877 1596 ὡμολόγησεν
908 1512 965 1577 έπί
989 1534 1024 1576 τε
1054 1513 1111 1590 τάς

95 1617 262 1694 διαλύσεις
293 1616 541 1702 ἀπαντήσεσθαι
578 1616 633 1683 καὶ
669 1619 730 1702 τήν
762 1616 930 1704 ἀπόφασίν
961 1642 1018 1702 μοι
1049 1620 1109 1703 τήν

94 1724 197 1789 αὑτοῦ
215 1725 337 1789 δώσειν
356 1721 411 1789 καλ
429 1725 491 1807 τήν
508 1721 585 1807 παρ’
604 1723 686 1808 ἐμοῦ
704 1725 881 1808 λήψεσθαι,
900 1724 1104 1792 οὐδεπώποτ’

94 1827 295 1914 ἀπήντησεν·
326 1828 398 1894 ἀλλ’
433 1829 497 1912 ἐγώ
532 1825 593 1913 μὲν
627 1829 739 1914 ἐπειδὴ
773 1840 893 1896 τοῦτον
924 1828 1037 1917 ἑώρων
1067 1830 1108 1896 οὐ

93 1933 298 2021 προσέχοντά
330 1959 386 2019 μοι
418 1936 477 2001 τὸν
508 1945 593 2000 νοῦν
623 1931 702 2001 οὐδὲ
731 1947 800 2012 τοῖς
830 1938 963 2020 νόμοις,
995 1937 1043 2011 είς
1071 1938 1108 2002 τὸ

95 2044 292 2128 στρατήγιον
320 2042 428 2106 ἔδωκα
453 2041 515 2124 τήν
543 2037 726 2126 ἀπόφασιν,
753 2036 851 2117 οὗτος
878 2036 925 2124 δ’,
949 2042 1030 2126 ὅπερ
1054 2039 1108 2106 καλ

94 2156 198 2236 μικρςό
222 2149 385 2233 πρότερον
409 2141 517 2230 εἶπον,
538 2147 654 2232 πρώην
677 2145 782 2212 ἔδωκέ
802 2171 858 2231 μοι
880 2150 1029 2232 βιβλιόν,
1052 2148 1108 2213 οὐ·

93 2251 151 2320 δέν
183 2257 265 2319 άλλο
298 2256 517 2337 βουλόμενος,
548 2251 569 2336 ἢ
600 2254 711 2318 δοκεῖν
743 2248 805 2336 μὲν
837 2251 1016 2318 δεδωκέναι
1048 2254 1109 2336 τήν

93 2360 279 2445 ἀπόφασιν,
306 2360 351 2443 μή
380 2361 466 2444 ἔχειν
495 2355 535 2422 δέ
555 2381 594 2442 με
617 2371 686 2436 τοῖς
709 2357 745 2424 ἐν
768 2358 849 2444 αὐτή
872 2355 1109 2445 γεγραμμένοις

58 2467 113 2531 1⁵5
145 2489 177 2532 τι
207 2469 379 2553 χρήσομαι.
425 2468 489 2552 χρή
522 2462 554 2530 δ’
586 2460 612 2530 ὦ
646 2466 765 2549 ἀνδρες
792 2461 942 2529 δικασταὶ
969 2466 1013 2548 μή
1040 2477 1109 2542 τοῖς

94 2570 311 2660 ἰσχυροτέραν
333 2575 506 2657 νομίζουσι
534 2583 601 2637 τῶν
627 2574 743 2656 νόμων
769 2572 831 2655 τήν
857 2570 967 2636 αὐτῶν
989 2572 1108 2654 βδελυ-

94 2683 170 2766 ρίαν
196 2673 300 2763 εἶναι,
327 2677 428 2744 πλέον
455 2680 585 2755 τούτοις
611 2687 671 2743 τοῦ
699 2679 830 2743 δικαίου
859 2675 984 2761 νέμειν·
1013 2680 1045 2744 εί
1070 2674 1108 2743 δὲ

95 2788 148 2870 μή,
170 2787 317 2861 πολλοὺς
338 2786 490 2868 ποιήσετε
517 2787 594 2860 τοὺς
622 2788 867 2866 καταγελῶντας
889 2795 956 2848 τῶν
980 2783 1017 2849 έν
1039 2795 1108 2861 τοῖς

93 2894 208 2977 νόμοις
237 2893 376 2957 δικαίων
401 2888 650 2976 γεγραμμένων·
682 2887 753 2954 ἀλλ’
786 2887 924 2966 ἐκείνοις
955 2893 1107 2975 βοηθεῖν,

94 3001 213 3076 οἵτινες
236 2996 279 3063 διν
301 2997 362 3080 τήν
379 3005 446 3060 τῶν
465 2997 579 3078 νόμων
597 2996 715 3080 φωνήν
732 2993 892 3080 ὑμετέραν
910 2990 996 3060 εἶναι
1014 2999 1107 3079 νομί-

96 3108 182 3189 ζωσι,
205 3101 262 3169 καὶ
284 3103 345 3186 τήν
368 3098 493 3186 ἡμέραν
512 3102 647 3184 ταύτην,
668 3101 730 3184 τήν
752 3103 800 3178 είς
821 3102 858 3166 τὸ
882 3102 1106 3186 δικαστήριον,

95 3208 173 3298 ὑπὲρ
196 3221 266 3276 τῶν
288 3205 500 3292 ἠδικημένων
527 3202 612 3272 εἶναι
641 3209 843 3291 [νομίζωσι],
870 3208 914 3290 μή
942 3217 1008 3272 τῶν
1035 3207 1106 3291 ἠδι-

66 3336 85 3375 1⁶
96 3320 251 3402 κηκότων.
294 3312 368 3397 λέγε
396 3325 463 3380 τῶν
490 3311 608 3400 ἀρτίως
634 3312 817 3400 εἰρημένων
844 3313 901 3389 τάς
927 3316 1106 3400 μαρτυρίας

95 3421 246 3500 καὶτοὺς
268 3423 403 3504 νόμους.
