2650 3918
432 182 622 235 IIPOOIMIA.
648 183 847 234 XXI—XXIII.
1077 177 1142 243 373

135 340 187 404 διὸ
212 340 267 405 δεῖ
286 351 421 406 σκοπεῖν
448 339 504 406 καὶ
530 341 704 429 προσέχειν
732 342 820 420 ὅπως
848 343 959 407 δίκαια
980 351 1142 428 φανεῖται.

104 453 217 530 οχρῆν
241 440 302 530 μὲν
325 440 387 511 οὑν
410 445 516 524 οὑτως
533 448 678 525 ἅπαντας
700 449 870 534 ἔχειντὴν
892 447 1046 514 διάνοιαν
1067 444 1143 530 περὶ

133 560 200 616 τῶν
220 549 460 638 ἀδικουμένων,
483 553 592 639 ὥσπερ
612 552 666 638 ἀν,
688 561 723 620 εῖ
734 577 768 619 τι
785 550 928 638 γένοιθ’,
952 553 970 619 δ
994 553 1038 638 μη
1062 568 1144 636 συμ-

132 658 224 740 βαίη,
245 658 324 735 τοὺς
345 659 468 736 ἀλλους
490 656 638 737 ἀξιώσειε
660 662 742 747 πρὸς
765 660 867 726 αὑτὸν
890 659 1024 736 ἕκαστος
1046 660 1143 744 ἔχειν.

134 759 248 846 ἐπειδὴ
272 759 310 830 δέ
331 761 387 828 καὶ
408 765 497 851 παρὰ
525 765 586 848 την
613 764 723 830 αὑτών
750 766 885 850 γνώμην
916 764 1148 832 έναντιούνταί

133 889 238 950 τινες,
269 870 368 955 μικρὰ
399 871 482 956 πρὸς
513 870 652 947 τούτους
683 871 801 954 εἰπών,
832 869 854 936 ἃ
884 867 1032 956 βέλτισθ’
1063 869 1144 954 ὑμῖν

135 973 373 1059 ὑπολαμβάνω,
394 972 485 1041 ταῦτ’
512 976 576 1059 ἤδη
600 976 848 1061 συμβουλεύσω.

601 1171 670 1235 ΚΓ.

201 1290 252 1356 Οὐ
275 1291 397 1375 μικρὰν
419 1292 462 1358 ἀν
485 1315 542 1376 μοι
565 1289 684 1358 δοκεῖτ’
707 1288 733 1359 ὦ
756 1294 877 1380 ἀνδρες
894 1290 1070 1376 Ἀθηναῖοι
1093 1294 1144 1375 ζη-

133 1399 213 1481 μίαν
231 1399 378 1482 νομόσαι,
400 1403 435 1463 εῖ
451 1421 502 1476 τις
519 1396 623 1483 ἀηδὴς
641 1397 721 1477 δόξα
740 1397 795 1464 καὶ
812 1401 857 1484 μὴ
875 1400 1088 1486 προσήκουσα
1105 1405 1144 1483 τῇ

132 1503 227 1568 πόλει
254 1504 342 1586 παρὰ
369 1515 440 1581 τοῖς
465 1508 602 1580 πολλοῖς
628 1508 863 1590 περιγίγνοιτο.
907 1515 1005 1572 τοῦτο
1027 1507 1144 1570 τοίνυν

133 1608 220 1673 οὑτω
239 1612 347 1685 καλῶς
364 1608 552 1693 ἐγνωκότες,
571 1609 633 1675 οὑκ
647 1609 818 1676 ἀκόλουθα
835 1623 957 1677 ποιεῖτε
975 1610 1016 1675 τδ
1034 1610 1144 1692 λοιπά,

133 1710 205 1779 ἀλλ’
222 1711 386 1798 ὑπύγεσθ’
405 1711 556 1780 έκάστοτε
573 1714 729 1800 πράττειν
753 1718 835 1800 ἔνια,
858 1715 879 1781 δ
898 1713 970 1782 οὐδ’
990 1714 1032 1781 ἀν
1050 1712 1144 1780 αὐτοὶ

132 1823 271 1904 φήσαιτε
293 1825 401 1896 καλῶς
418 1822 514 1906 ἔχειν.
551 1819 616 1904 έγδι
636 1816 668 1885 δ’
688 1816 764 1887 οἶδα
783 1817 845 1906 μὲν
863 1818 975 1905 τοῦθ’,
998 1820 1049 1886 ότι
1067 1823 1145 1896 τοὺς

2 1959 9 1976 ·
134 1924 351 2001 ἐπαινοῦντας
373 1924 472 2007 ἥδιον
489 1925 730 2011 προσδέχονται
747 1927 866 2003 πάντες
883 1937 950 1992 τῶν
973 1925 1144 2010 ἐπιτιμών-

132 2050 211 2096 των·
240 2029 280 2096 ού
308 2030 375 2113 μὴν
403 2024 494 2112 οἶμαι
522 2030 609 2113 δεῖν,
640 2030 762 2113 ταύτην
793 2031 856 2114 τὴν
887 2034 1145 2116 φιλανθρωπίαν
1154 2045 1223 2095 1434

134 2137 277 2219 διώκων,
298 2131 409 2218 λέγειν
430 2129 507 2218 παρ’
535 2133 556 2199 δ
579 2132 760 2220 συμφέρειν
781 2135 862 2220 ὑμῖν
885 2136 1038 2221 ἡγοῦμαι.

611 2351 663 2411 κγ.

206 2451 275 2536 Τὴν
297 2445 359 2536 μέν
384 2444 473 2532 [οὑν]
486 2449 604 2536 ἀρχὴν
621 2453 654 2516 εἰ
670 2455 777 2529 καλῶς
795 2450 1021 2536 ἐγιγνώσκετε,
1044 2449 1145 2519 οὐδέν

132 2557 206 2623 δεῖν
219 2564 315 2642 κοινῇ
329 2566 439 2622 ποιεῖν
456 2553 664 2640 ὑποληπτέον
682 2551 725 2640 ἦν
739 2551 787 2622 ὧν
806 2558 876 2645 ἀδία
889 2555 1071 2643 μέμφεσθε,
1089 2560 1145 2624 ἵνα

132 2666 176 2750 μη
186 2660 396 2747 συνέβαινεν,
410 2661 490 2748 ὅπερ
504 2659 583 2728 νυνὶ
596 2665 757 2746 γόγνεται·
772 2663 911 2748 περιιὼν
924 2659 985 2748 μὲν
1000 2663 1145 2750 ἕκαστος,

131 2771 177 2848 ὡς
194 2769 313 2855 αἰσχροὶ
331 2766 386 2833 καλ
405 2768 511 2851 δεινὰ,
536 2765 625 2851 λέγει
649 2765 707 2833 καὶ
732 2766 843 2855 *μέχρι
862 2778 924 2836 τοῦ
944 2773 1145 2856 προβήσεται

132 2876 172 2940 τὰ
194 2873 383 2961 πράγματα’
390 2900 399 2952 ;
427 2876 712 2958 συγκαθεζόμενος
734 2871 766 2940 δ’
793 2875 892 2952 αὐτὸς
915 2875 1049 2953 ἕκαστός
1076 2876 1144 2942 έστι

132 2990 198 3044 τῶν
223 2981 423 3047 τὰτοιαῦτα
448 2981 646 3046 ποιούντων.
690 2979 754 3064 έγδτ
776 2977 839 3065 μέν
867 2977 930 3048 οὑν
957 2981 1145 3067 ἐβουλόμην

133 3085 187 3167 ἀν,
205 3085 314 3168 ὥσπερ
332 3084 384 3151 ὅτι
400 3085 481 3170 ὑμῖν
500 3083 661 3171 συμφέρει
682 3094 743 3151 τοῦ
761 3087 801 3152 τὰ
819 3085 972 3171 βέλτιστα
990 3086 1145 3170 λέγοντος

133 3189 267 3256 ἀκούειν
295 3184 381 3275 οἶδα,
405 3191 510 3268 οὑτως
532 3189 657 3257 εἰδέναι
681 3203 840 3258 συνοῖσον
862 3190 919 3258 καὶ
940 3201 985 3281 τῷ
1009 3195 1049 3258 τὰ
1070 3193 1145 3279 βέλ-

132 3293 215 3362 τιστ’
238 3297 377 3362 εἰπόντι·
400 3300 512 3384 πολλςύ
531 3297 595 3383 γὰρ
618 3295 661 3362 ἀν
678 3296 777 3379 ἥδιον
796 3291 895 3382 εἶχον.
936 3308 1001 3364 νῦν
1024 3295 1061 3364 δὲ
1084 3323 1144 3384 φο-

132 3405 256 3488 βούμαι
277 3398 349 3487 μέν,
372 3400 460 3484 ὅμως
484 3398 515 3466 δ’
534 3402 556 3467 ἀ
579 3425 616 3486 γε
639 3403 781 3468 πιστεύω
804 3404 929 3488 χρηστὰ
952 3409 1144 3488 φανεῖσθαι,

132 3507 196 3574 κάν
217 3508 311 3593 ὑμεῖς
333 3508 378 3592 μη
401 3513 571 3592 πεισθῆτε,
593 3507 655 3574 οὑκ
677 3506 903 3595 ἀποτρέψομαι
926 3505 1043 3592 λέγειν.
