2654 3926
194 202 236 269 38
415 279 419 286 ι
473 208 571 259 mn.
596 205 899 292 [ΔΗωοΣυωωονΣ]

193 366 212 434 6
234 365 418 451 νομοθέτης
440 377 509 443 τοῖς
526 368 764 452 προσήκουσιν,
786 364 880 452 ἔτερα
904 363 933 432 δΙ
960 365 1002 432 οὐ
1024 363 1204 448 προσέταξε

192 473 299 537 πολλὰ
317 472 405 538 πάνυ
424 471 461 539 έν
478 481 523 560 τῷ
542 475 647 560 νόμφ,
670 471 690 537 δ
714 473 767 537 δεῑ
787 484 895 538 ποιεῖν
917 475 996 549 τοὺς
1017 477 1204 557 προσήκον-

192 602 249 656 τας
271 577 462 662 ἐπάναγκες·
490 577 573 643 ἀλλὰ
600 578 688 644 πάνυ
714 579 821 643 πολλοί
849 578 938 644 έστιν
966 577 987 644 δ
1009 577 1205 662 προστάττει

192 696 301 750 ποιεῖν
323 697 392 762 τοῖς
412 687 629 768 προσήκουσι,
651 680 707 748 καὶ
729 687 898 769 πρόφασιν
921 683 1080 768 οὐδεμίαν
1103 684 1206 748 δίδω-

193 806 265 875 σιν,
287 787 358 855 ἀλλ’
386 789 418 868 ἐξ
442 788 586 872 ἀνάγκης
609 791 663 854 δεί
682 801 800 856 ποιεῖν.
836 792 963 874 μᾶλλον
988 785 1025 854 δέ
1047 785 1120 872 λέγε
1143 787 1206 854 αὐ-

192 898 251 963 τὸν
273 897 332 962 τὸν
354 898 460 980 νόμον
482 896 541 961 τὸν
563 907 703 979 πρῶτον.

627 1079 764 1132 ΝΟΜΟΣ,

153 1191 179 1234 ⁵⁴
306 1195 373 1253 Τῶν
395 1190 560 1274 ἐπικλήρων
583 1190 649 1252 ὅσαι
671 1189 797 1268 θητικὸν
819 1194 968 1271 τελοῦσιν,
991 1188 1043 1252 έδιν
1066 1189 1106 1270 μή
1130 1192 1206 1271 βοό-

236 1294 320 1369 ληται
347 1289 422 1370 ἔχειν
450 1287 466 1350 6
493 1288 633 1370 ἐγγύτατα
655 1285 775 1369 γένους,
804 1286 942 1349 ἐκδιδότω
966 1286 1087 1361 ἐπιδοὺς
1110 1285 1126 1348 6
1148 1285 1205 1366 μὲν

235 1384 551 1465 πεντακοσιομέδιμνος
583 1385 776 1458 πεντακοσίας
809 1385 954 1466 δραχμάς,
986 1382 1002 1447 6
1035 1379 1065 1445 6’
1097 1383 1205 1457 ἱππεὺς
1216 1399 1287 1449 1068

236 1483 418 1564 τριακοσίας,
440 1479 456 1544 6
481 1479 513 1543 δὲ
536 1482 667 1563 ζευγίτης
694 1479 798 1543 ἕκατδν
820 1482 1016 1560 πεντήκοντα,
1043 1479 1116 1563 πρὸς
1141 1485 1204 1553 τοῖς

235 1578 337 1658 αὐτῆς.
373 1579 425 1641 ἐὰν
449 1577 481 1640 δὲ
503 1580 622 1651 πλείους
644 1571 716 1639 ὦσιν
745 1577 777 1639 ἐν
799 1582 839 1663 τῷ
861 1577 941 1661 αὐτῷ
963 1576 1056 1660 γένει,
1082 1585 1117 1662 τή
1141 1575 1204 1638 ἐπι-

235 1675 333 1762 κλήρῳ
350 1676 425 1756 πρὸς
443 1674 530 1756 μέρος
548 1674 713 1736 ἐπιδιδόναι
730 1672 860 1737 ἕκαστον.
897 1673 950 1737 ἐὰν
969 1671 997 1735 δ’
1018 1675 1053 1736 αί
1066 1680 1206 1757 γυναῖκες

236 1773 355 1847 πλείους
377 1765 446 1850 ἐσσι,
469 1771 509 1851 μή
533 1770 695 1854 έτιάναγκες
718 1766 905 1834 εἶναιπλέον
927 1769 948 1852 ή
971 1773 1041 1852 μίαν
1064 1772 1205 1836 ἐκδοῦναι

236 1874 276 1955 τῷ
294 1864 322 1951 γ’
343 1869 398 1948 ἑνί,
420 1868 493 1932 ἀλλὰ
511 1868 562 1932 τδν
581 1867 721 1951 ἐγγύτατα
739 1867 785 1931 ἀεὶ
803 1869 953 1932 ἐκδιδόναι
970 1866 991 1949 ή
1009 1867 1100 1931 αότδν
1118 1869 1205 1948 ἐχειν.

236 1965 289 2028 έδιν
312 1964 345 2027 δέ
367 1965 407 2046 μή
431 1966 482 2052 ἔχη
505 1963 521 2027 6
544 1964 690 2048 ἐγγυτάτω
712 1964 818 2048 γένους
839 1964 860 2046 ή
883 1965 923 2047 μή
947 1965 1036 2052 ἐκδῷ,
1064 1962 1080 2027 6
1103 1963 1205 2046 ἅρχων

235 2061 455 2145 ἐπαναγκαζέτω
486 2061 507 2144 ή
539 2062 629 2126 αὐτὸν
661 2061 736 2143 ἐχειν
767 2061 788 2143 ή
819 2061 967 2124 ἐκδοῦναι.
1014 2060 1066 2124 έδιν
1098 2059 1130 2124 δὲ
1162 2062 1203 2142 μή

237 2160 425 2246 ἐπαναγκάσῃ
453 2158 469 2221 6
492 2157 606 2239 άρχωυ,
633 2157 772 2239 ὀφειλέτω
800 2161 892 2241 χιλίας
915 2158 1044 2240 δραχμάς
1067 2159 1147 2241 ίερδις
1169 2168 1204 2245 τη

227 2255 316 2344 Ἥρη.
352 2255 546 2339 ἀπογραφέτω
575 2255 607 2319 δέ
633 2257 685 2319 τὸν
712 2254 752 2336 μή
775 2266 921 2320 ποιοῦντα
942 2266 1034 2318 ταῦτα
1056 2253 1073 2319 6
1097 2257 1201 2339 βουλό-

236 2379 325 2436 μενος
347 2354 421 2436 πρὸς
442 2354 493 2418 τδν
516 2352 650 2435 άρχοντα.

154 2494 179 2536 ω
251 2471 291 2542 “A
313 2470 374 2560 μέν
397 2465 485 2559 λέγει
512 2474 530 2542 6
557 2478 659 2560 νόμος
682 2471 707 2541 ὦ
731 2476 851 2559 ἄνδρες
879 2471 1029 2539 δικασταὶ
1058 2471 1204 2540 ἀκούετε.

192 2580 245 2647 ὅτε
274 2577 311 2646 δὲ
337 2589 395 2663 τής
422 2579 600 2665 ἐπικλήρου
631 2582 698 2645 ἔδει
728 2579 975 2658 ἐπιδικάζεσθαι
1005 2581 1205 2666 Φυλομάχης

192 2696 249 2770 τής
276 2684 411 2751 τουτουὶ
442 2687 565 2771 μητρὸς
592 2695 652 2751 τοῦ
678 2687 813 2770 παιδός,
838 2682 973 2769 Ἁγνίου
1004 2681 1036 2751 δ’
1063 2684 1204 2766 ἀνεψιοῦ

191 2793 309 2869 παιδὸς
331 2792 433 2876 οὔσης
454 2793 536 2877 πρὸς
557 2795 698 2876 πατρός,
721 2791 785 2874 ἐγὼ
808 2786 869 2875 μὲν
891 2785 974 2874 ήκον
997 2792 1206 2876 φοβούμενος

191 2900 251 2964 τὸν
273 2900 378 2982 νόμον
400 2893 456 2962 καὶ
479 2896 716 2981 ἐπεδικαζόμην
738 2894 829 2981 γένει
852 2896 899 2961 ὢν
922 2896 1101 2981 ἐγγυτάτω,
1124 2901 1205 2964 Θεό-

192 3025 321 3089 πομπος
352 3000 383 3070 δ’
415 3003 434 3071 6
460 3002 684 3088 Μακαρτάτου
715 3003 821 3087 πατήρ
854 2998 934 3068 οὐδὲ
964 3008 1136 3088 προσῆλθε
1165 3005 1204 3070 τδ

192 3110 346 3196 παράπαν
370 3106 442 3175 οὐδ’
469 3110 713 3195 ήμφεσβήτησε,
736 3108 792 3172 διδ
814 3109 852 3174 τὸ
875 3104 954 3193 μηδ’
977 3109 1091 3176 ὁτιοῦν
1114 3108 1202 3197 αὐτῷ

155 3233 180 3275 ω
193 3218 384 3299 προσήκειν,
405 3212 460 3280 καί
479 3212 568 3280 ταῦτ’
591 3213 628 3279 ἐν
646 3223 686 3300 τή
708 3213 820 3300 ήλικίᾳ
843 3213 891 3280 ὢν
912 3222 952 3300 τή
975 3215 1067 3300 αὐτή.
1098 3217 1204 3280 καίτοι

191 3332 261 3396 πῶς
284 3326 396 3385 οἴεσθε
419 3317 444 3387 ὦ
468 3321 588 3405 ἄνδρες
617 3317 767 3385 δικασταὶ
790 3321 914 3385 άτοπον
937 3315 1037 3405 εἶναι,
1064 3329 1121 3404 τής
1142 3317 1203 3405 μὲν

194 3425 383 3511 ἐπικλήρου,
401 3426 422 3510 ή
439 3422 482 3511 ήν
496 3424 612 3514 Ἁγνίᾳ
630 3424 771 3505 ἀνεψιοῦ
788 3437 864 3503 παῖς
881 3428 964 3513 πρὸς
977 3429 1110 3512 πατρός,
1127 3426 1203 3492 ταδ-

193 3555 249 3615 της
280 3526 341 3615 μὲν
372 3528 583 3616 μηδεπώποτ’
622 3531 865 3617 ἀμφισβητήσων
898 3533 1114 3617 Θεόπομπον,
1144 3533 1203 3599 τὸν
