2658 3914
164 171 229 236 104
459 173 568 225 mn.
594 169 896 242 [ΔΗΜοΣοευονΣ]

135 353 149 391 4
228 333 385 398 Μάλιστα
416 328 477 417 μὲν
509 327 572 398 οὖν
604 330 646 396 δν
675 328 868 415 ἠβουλόμην
900 329 944 414 μή
974 330 1061 458 ἔχειν
1090 325 1172 411 πρά·
1250 361 1253 368 ·

162 458 282 522 γματα
310 440 342 503 εί
368 435 397 502 δ’
426 433 489 504 οὖν
516 437 694 520 ἀναγκάζοι
721 461 785 520 τις,
811 437 894 520 πρὸς
914 435 1086 510 τοιούτους
1107 432 1181 516 ἡδύ

163 543 252 609 ἐστιν
279 541 437 628 εί,σιέναι
472 546 507 609 οἳ
537 543 581 627 μή
616 539 759 626 άγνῶτές
789 543 875 607 είσιν
905 539 995 624 ύμῖν.
1044 549 1108 605 νῦν
1135 534 1173 602 δε

162 653 239 714 πλεί
238 674 285 715 ων
313 674 369 734 μοι
399 593 498 733 λόγος
523 652 614 714 ἐσται
646 645 848 734 ἐξελέγχοντι
873 647 933 713 τὸν
961 649 1086 732 τρόπον
1114 643 1173 709 αύ-

162 765 246 840 τῶν,
275 753 296 840 ή
320 756 380 840 τήν
413 757 596 841 μαρτυρίαν
624 755 732 838 ψευδῆ
760 749 875 819 οὖσαν.
919 749 994 837 περὶ
1021 747 1087 836 μέν.
1109 750 1173 834 γάρ

162 869 219 944 τής
242 864 437 947 μαρτυρίας,
466 861 516 927 ότι
538 861 647 944 ψευδῆ
671 860 975 944 μεμαρτυρήκασιν,
1001 857 1099 922 αὐτοί
1117 879 1173 941 μοι

164 968 321 1034 δοκοῦσιν
344 969 430 1054 ἐργῳ
462 965 643 1052 ἐξελέγχειν
667 963 803 1050 αὑτούς,
829 961 885 1030 καὶ
907 962 969 1030 ούκ
991 963 1112 1039 άλλους
1134 985 1174 1046 με

137 1075 218 1139 ιδεί
233 1073 401 1159 μάρτυρας
417 1071 648 1159 παρασχέσθαι
666 1071 687 1156 ή
706 1071 827 1149 αύτούς
844 1071 995 1147 τούτους·
1019 1067 1094 1147 ἐξὸν
1111 1069 1175 1152 γὰρ

163 1177 275 1256 αὐτοῖς
296 1177 507 1265 ἀπηλλάχθαι
529 1178 731 1263 πραγμάτων
747 1175 804 1244 καὶ
817 1178 861 1262 μή
875 1176 1087 1243 κινδυνεύειν
1108 1177 1176 1240 εἰσ-

164 1286 275 1361 ιόντας
300 1286 347 1361 είς
371 1283 467 1369 ὑμᾶς,
490 1285 576 1373 ἐργῳ
603 1285 847 1369 βεβαιώσαντας
869 1283 913 1360 όις
935 1281 1064 1366 ἀληθής
1086 1279 1176 1347 ἐστιν

163 1388 184 1472 ή
208 1393 386 1475 μαρτυρία,
416 1388 478 1456 ούκ
507 1390 691 1474 ήθελήκασι
720 1390 929 1474 παραδοῦναι
954 1389 1016 1472 τήν
1043 1389 1177 1472 άνθρω·

164 1516 245 1578 πον,
271 1494 315 1578 ήν
338 1497 605 1579 μεμαρτυρήκασι
627 1491 897 1578 προκαλέσασθαι
918 1495 1001 1579 πρὸς
1022 1501 1067 1580 τῷ
1092 1494 1177 1558 διαι-

163 1608 243 1684 τητή
265 1601 466 1688 Πυθοδώρῳ
487 1597 526 1664 ἐκ
544 1600 668 1682 Κηδῶν
690 1599 912 1684 παραδιδόναι
934 1598 1067 1682 ἕτοιμον
1090 1593 1177 1664 εἶναι

166 1707 356 1790 Θεόφημον,
378 1702 494 1788 ήξίουν
518 1701 547 1770 δ’
576 1702 639 1788 ἐγὼ
663 1705 952 1790 παραλαμβάνειν,
974 1704 1019 1781 ὡς
1041 1705 1077 1771 οί
1096 1705 1177 1790 μάρ-

165 1833 261 1895 τυρες
282 1809 363 1894 ὑμῖν
386 1810 421 1876 οί
440 1812 513 1876 τότε
536 1812 797 1894 παραγενόμενοι
820 1808 1048 1895 ἐμαρτύρησαν
1072 1808 1109 1876 ἐν
1130 1819 1176 1899 τῳ

167 1918 378 2005 δικαστηρίῳ,
400 1913 456 1981 καὶ
477 1911 555 1980 νυνὶ
579 1909 616 1979 δέ
639 1917 895 1998 μαρτυρήσουσι.
930 1913 986 1980 καὶ
1005 1918 1178 2002 Θεόφημος

167 2022 279 2099 αὐτοῖς
297 2021 341 2098 ὡς
359 2020 468 2104 άληθή
482 2021 769 2104 μεμαρτυρηκόσιν
787 2019 849 2085 οὐκ
867 2017 1083 2107 ἐπεσκήψατο,
1101 2019 1173 2088 οὐδ’

140 2125 371 2214 ιέπεξέρχεται
393 2137 461 2192 τῶν
489 2127 798 2212 ψευδομαρτυριῶν.
835 2127 955 2212 σχεδὸν
977 2123 1039 2212 μὲν
1061 2123 1124 2194 οὖν
1146 2151 1180 2193 τι

166 2231 222 2300 καὶ
245 2233 343 2299 αὐτοί
361 2255 418 2318 μοι
442 2231 664 2315 ὁμολογοῦσιν
682 2230 719 2297 έν
736 2239 776 2317 τῇ
800 2234 962 2320 μαρτυρία
985 2231 1115 2298 ἐθέλειν
1138 2256 1178 2318 με
1252 2291 1257 2300 .

167 2338 437 2423 παραλαμβάνειν
465 2337 526 2421 τήν
549 2337 748 2422 άνθρωπον,
776 2338 953 2421 Θεόφημον
976 2333 1013 2403 δὲ
1036 2338 1177 2424 άναβάλ-

67 2462 69 2466 ’
168 2451 287 2510 λεσθαι
308 2443 473 2528 κελεύειν,
501 2437 556 2526 ἐμὲ
584 2437 621 2506 δὲ
650 2440 710 2506 ούκ
733 2439 871 2506 ἐθέλειν.
907 2440 950 2525 ήν
973 2438 1003 2507 δ’
1031 2442 1094 2528 ἐγὼ
1107 2439 1179 2530 Ιμὲν

168 2549 291 2634 ήξίοσα
313 2552 528 2635 παραλαβεῖν,
551 2550 725 2633 Θεόφημος
748 2542 785 2612 δὲ
807 2545 1053 2632 προύκαλέσατο
1076 2572 1179 2637 παρα-

169 2657 299 2739 δοῦναι,
322 2655 366 2732 ὡς
384 2651 480 2721 οὗτοί
494 2673 588 2740 φασι,
610 2657 647 2719 τὸ
667 2648 704 2718 δὲ
723 2664 816 2737 σῶμα
838 2651 949 2730 οὐδεὶς
970 2650 1038 2721 είδε
1060 2660 1257 2742 παρόν,114ι

169 2762 245 2827 ούτε
269 2763 341 2826 τότε
358 2763 441 2846 πρὸς
457 2768 503 2848 τῷ
524 2761 672 2844 διαιτητῇ
696 2759 771 2823 ούτε
794 2757 935 2843 ὕστερον
957 2761 1039 2845 πρὸς
1060 2771 1105 2850 τῳ
1130 2764 1179 2828 δι-

168 2869 333 2955 καστηρίῳ
356 2863 427 2932 οὔτ’
454 2866 577 2930 άλλοθι
601 2863 750 2946 ούδαμοῦ
772 2865 1057 2950 παραδιδόμενον,
1080 2865 1179 2951 ἐμαρ-

169 2973 316 3056 τύρησαν
343 2966 380 3036 δὲ
408 2970 443 3036 οί
462 2971 625 3055 μάρτυρες
652 2963 744 3033 οὗτοι
772 2968 817 3044 ὡς
839 2965 950 3034 ἐθέλοι
971 2972 1180 3055 παραδοῦναι

144 3080 344 3162 τΘεόφημος
370 3072 425 3140 καλ
455 3077 637 3157 πρόκλησιν
664 3076 877 3157 προκαλοῖτο,
904 3071 1065 3161 ᾠήθησαν
1087 3073 1125 3142 δὲ
1148 3078 1183 3143 οί

171 3180 320 3248 δικασταὶ
347 3180 456 3264 ἀληθῆ
479 3175 651 3262 εἶναιτὴν
678 3181 877 3264 μαρτυρίαν,
905 3181 1043 3265 φεύγειν
1066 3179 1096 3247 δ’
1124 3179 1180 3267 ἐμὲ

170 3291 229 3353 τὸν
257 3290 393 3373 ἔλεγχον
422 3287 481 3352 τὸν
511 3283 547 3350 ἐκ
574 3291 631 3366 τής
658 3281 839 3365 ἀνθρώπου
867 3283 942 3370 περὶ
967 3295 1024 3371 τῆς
1047 3289 1181 3375 αἰκείας,

171 3393 326 3475 ὁπότερος
348 3389 443 3475 ήμῶν
465 3385 543 3474 ἦρξε
573 3399 692 3474 χειρῶν
716 3387 854 3453 άδίκον·
884 3396 981 3456 τούτο
1004 3393 1067 3478 γάρ
1091 3392 1181 3459 ἐστιν

171 3495 191 3578 ἡ
215 3502 334 3560 αίκεια·
362 3506 431 3572 πῶς
460 3494 521 3560 οὐκ
548 3493 729 3577 ἀναγκαῖόν
752 3491 820 3559 ἐστι
842 3497 980 3573 τούτους
1001 3500 1078 3575 τοὺς
1100 3500 1181 3584 μάρ-
