2658 3914
458 200 795 272 monmossnons
1057 217 1120 284 153

108 375 193 460 πρὸς
219 381 264 463 τῷ
293 376 441 462 διαιτητῇ
468 375 735 462 ἀνακομισθῆναι
761 381 809 456 είς
835 380 896 464 τήν
926 381 1035 446 οίκίαν
1060 381 1122 465 τήν

109 477 233 546 ἑαυτοῦ
260 481 321 565 τήν
351 481 388 547 ἐν
412 488 579 569 Πειραιεῖ,
608 484 653 560 ὡς
679 485 922 571 μεμαρτύρηται
948 484 1030 571 ὑμῖν
1056 486 1121 552 ὑπὸ

107 596 176 651 τῶν
200 584 402 652 ἀκουόντων.
438 590 486 653 έτι
514 584 551 654 δὲ
577 587 632 653 καὶ
660 589 696 655 ἐκ
718 594 903 677 τεκμηρίων
924 591 1122 678 πειράσομαι

65 707 93 749 ³5
108 691 174 775 ἐγὼ
197 691 282 776 ὑμᾶς
305 692 436 772 διδάξαι
454 694 506 761 ὅτι
528 693 638 778 ἀληθή
661 693 756 779 λίνω.
793 702 905 762 οίεσθε
928 698 991 783 γάρ
1015 692 1041 762 ώ
1064 698 1122 762 άν-

109 799 187 883 δρες
215 797 366 864 δικασταί
393 801 453 866 τὸν
479 798 602 885 πατέρα
624 803 684 868 τὸν
707 801 803 886 έμόν,
830 804 861 866 εί
882 803 927 888 μή
954 800 1122 886 Τιμοθέου

106 899 152 986 ἦν
174 903 215 968 τά
234 901 315 981 ξύλα
333 901 389 970 καὶ
407 903 531 990 ἐδεήθη
551 901 649 982 οὗτος
671 906 774 972 αὐτοῦ
797 909 960 991 συστήσας
981 909 1041 973 τὸν
1061 911 1122 973 Φι-

107 1007 258 1092 λώνδαν,
287 1007 341 1075 ὅτε
369 1008 509 1094 ἀνήγετο
538 1011 583 1088 ὡς
604 1013 683 1088 τοὺς
706 1014 908 1097 στρατηγοὺς
929 1015 1007 1090 τοὺς
1029 1017 1122 1098 βασι-

107 1110 207 1198 λέως,
228 1126 412 1201 παρασχεῖν
434 1118 471 1182 τὸ
494 1120 636 1201 ναῦλον,
666 1115 761 1182 ἐᾶσαι
784 1117 826 1181 ἀν
847 1137 927 1182 ποτε
949 1117 1122 1204 ὑποκειμέ-

107 1243 179 1285 νων
215 1219 304 1309 αὐτῷ
341 1232 409 1286 τῶν
443 1219 553 1300 ξύλων
582 1231 643 1288 τοῦ
676 1221 802 1288 ναύλου
834 1220 1032 1307 ἀνακομίσαι
1063 1227 1122 1290 τὸν

110 1327 291 1392 Φιλώνδαν
309 1328 350 1392 τὰ
367 1326 450 1405 ξύλα
468 1326 505 1414 ἐκ
526 1338 587 1396 τοῦ
605 1326 749 1413 λιμένος,
772 1325 845 1395 ἀλλ’
872 1328 933 1395 οὐκ
955 1323 998 1395 άν
1019 1350 1123 1414 παρα·
1210 1388 1213 1392 .

107 1431 357 1517 καταστήσαντά
381 1456 456 1498 τινα
480 1443 547 1499 τῶν
574 1435 711 1500 οίκετῖιν
737 1434 915 1520 φυλάττειν
942 1428 998 1499 καλ
1024 1436 1121 1520 τιμήν

108 1538 291 1624 λαμβάνειν
325 1536 550 1624 συλωμένων
587 1551 654 1607 τῶν
688 1539 816 1626 ξύλων,
852 1539 913 1618 ἕως
948 1540 1121 1625 ἐκομίσατο

108 1644 149 1708 τά
173 1642 308 1729 ἑαυτοῦ,
337 1649 428 1731 είπερ
454 1647 632 1714 Φιλώνδου
654 1642 698 1731 ήν
719 1648 760 1712 τά
782 1645 865 1724 ξύλα
887 1644 943 1712 καὶ
966 1645 1123 1732 ἐμπορίας

63 1769 93 1809 οε
109 1746 195 1815 ἕνεκ’
221 1751 324 1836 ήχθη;
349 1753 459 1816 έπειτα
477 1754 560 1838 πρὸς
576 1752 707 1830 τούτοις
724 1756 790 1818 τίνι
808 1753 903 1837 ὑμῶν
921 1754 1008 1829 είκὸς
1030 1754 1125 1819 δοκεῖ
1195 1752 1197 1757 ’

108 1850 211 1939 εἶναι,
242 1858 286 1942 μή
319 1858 536 1936 κελεύσαντος
566 1859 687 1925 τούτου
716 1861 755 1925 τὸ
785 1864 912 1925 ναῦλον
940 1870 1121 1944 παρασχεῖν

107 1972 174 2026 τών
189 1960 298 2040 ξύλων
311 1975 378 2029 τῶν
398 1961 570 2029 δοθέντων
583 1965 690 2054 τούτω
708 1957 774 2030 ὑπὸ
794 1961 968 2049 Ἀμύντου,
991 1974 1122 2030 πιστεῦ-

108 2084 164 2132 σαι
190 2069 250 2133 τὸν
277 2066 401 2154 πατέρα
426 2071 485 2135 τὸν
515 2068 595 2152 ἐμὸν
620 2070 779 2157 Φιλώνδᾳ
805 2068 861 2135 καὶ
884 2069 979 2135 ἐάσαι
1001 2068 1122 2135 ἀνακο-

86 2169 202 2256 μίσαι
224 2172 264 2236 τὰ
287 2170 369 2250 ξύλα
391 2175 439 2250 είς
455 2174 516 2258 τήν
540 2176 648 2239 οίκίαν
670 2176 732 2260 τήν
754 2175 890 2255 τούτους
913 2174 934 2258 ἢ
956 2185 1026 2251 πῶς
1048 2167 1122 2240 οἷόν

106 2274 136 2343 τ’
165 2275 245 2360 ἐστί,
267 2278 326 2342 τὸν
347 2272 408 2363 μέν
428 2279 607 2350 Φιλώνδαν
630 2278 788 2365 ἐμπορίας
811 2277 895 2345 ἕνεκ’
922 2277 1061 2363 ἀγαγεῖν
1082 2279 1122 2345 τὰ

108 2382 203 2466 ξύλα,
226 2382 270 2459 ὡς
288 2378 386 2460 οὗτός
402 2400 497 2470 φησι,
519 2387 790 2470 καταχρήσασθαι
808 2380 846 2450 δὲ
864 2394 984 2451 τοῦτον
1006 2382 1117 2468 ἥκοντ’
1132 2406 1200 2459 1195

65 2509 94 2550 ετ
108 2491 156 2566 είς
172 2489 235 2573 τήν
253 2491 447 2574 οίκοδομίαν
465 2490 527 2574 τήν
546 2490 736 2568 αὐτοῦτοῖς
754 2489 866 2568 ξύλοις
883 2493 1027 2569 τούτοις;
1050 2495 1122 2556 σκέ-

107 2599 219 2672 ψασθε
247 2589 285 2660 δὲ
312 2592 461 2679 κάκεῖνο,
489 2593 540 2660 ὅτι
562 2590 680 2660 πολλοὶ
702 2590 758 2660 καὶ
779 2592 918 2681 χρηστοὶ
939 2605 1006 2660 τῶν
1028 2602 1122 2662 πολι·

107 2710 174 2765 τών
198 2702 314 2766 οίκεῖοι
338 2701 432 2777 ὄντες
452 2700 559 2788 τούτω
578 2697 774 2783 ἐπεμέλοντο
795 2710 864 2766 τῶν
886 2701 1018 2786 τούτου,
1042 2701 1121 2770 ἀπο-

108 2806 293 2890 δημοῦντος
306 2805 394 2892 παρά
407 2794 540 2890 βασιλεῖ
555 2802 736 2890 Τιμοθέου·
759 2799 807 2871 ὧν
822 2803 932 2884 οὐδεὶς
943 2811 1120 2893 τετόλμηκε

108 2919 313 2997 μαρτυρήσαι
340 2913 462 3000 τούτῳ,
488 2910 510 2996 ή
533 2911 577 2988 ὡς
604 2911 666 2977 οὐκ
693 2914 811 2996 ἔλαβεν
833 2911 852 2978 δ
878 2915 1054 2991 Φιλώνδας
1083 2917 1120 2981 τὸ

107 3022 234 3084 ναῦλον
264 3027 332 3082 τών
352 3016 472 3096 ξύλων
504 3015 568 3083 ἀπὸ
596 3026 654 3102 τῆς
681 3015 854 3105 τραπέζης,
885 3018 906 3104 ή
934 3019 979 3096 ὡς
1007 3021 1121 3103 λαβὼν

108 3121 295 3207 ἀπέδωκεν,
323 3119 396 3188 οὐδ’
423 3118 465 3188 αὖ
493 3123 538 3200 ὡς
564 3123 674 3188 αὐτῶν
701 3147 751 3202 τις
779 3123 910 3190 διέλυσε
933 3127 971 3191 τὸ
994 3129 1121 3191 ναῦλον

106 3225 189 3315 ύπέρ
219 3239 286 3294 τῶν
315 3226 425 3306 ξύλων
455 3221 503 3294 ών
524 3229 653 3329 ,ήμαμεν
681 3229 699 3296 ὁ
724 3231 918 3313 Φιλώνδας,
947 3228 1121 3296 δοθέντων

106 3336 212 3424 τούτῳ
231 3329 308 3422 παρ’
330 3329 508 3417 Ἀμύντου·
530 3333 691 3418 ήμοῦνται
709 3335 772 3419 γάρ
790 3332 867 3419 περὶ
887 3337 1040 3412 πλείονος
1062 3335 1121 3400 αὑ-

106 3451 175 3519 τοῖς
197 3435 284 3506 είναι
310 3437 405 3505 καλοὶ
432 3437 576 3522 κάγαθοὶ
604 3441 717 3506 δοκεῖν
740 3435 844 3524 εἶναι,
867 3445 994 3526 μᾶλλον
1016 3439 1037 3524 ή
1065 3444 1119 3504 Τι-

68 3563 92 3604 ³⁸
106 3544 220 3635 μοθέςο
242 3547 443 3631 χαρίσασθαι
466 3545 506 3610 τὰ
528 3546 635 3630 ψευδῆ
653 3554 906 3632 μαρτυροῦντες.
943 3544 984 3610 ού
1007 3541 1119 3627 μέντοι
