2654 3926
417 188 516 240 ΠΡΟΣ
534 188 784 242 ΜΔΚΑΡΤΑΤΟΝ.
1065 187 1107 252 25

38 383 39 410 ι
100 348 153 411 τὸν
180 347 287 411 παῖδα
316 344 450 411 τουτονὶ
482 347 529 423 είς
551 348 629 423 τοὺς
649 344 785 431 Ἁγνίου
814 345 870 414 καὶ
896 347 1108 432 Εὐβουλίδου

38 497 39 528 ,
100 452 277 536 φράτερας,
306 447 385 534 μεθ’
413 446 460 517 ὧν
489 449 544 517 καὶ
573 454 767 536 Θεόπομπος
793 453 812 518 δ
840 451 974 519 τουτουὶ
1002 455 1108 540 πατήρ

71 581 89 618 ιι
100 557 334 642 Μακαρτάτου,
356 556 417 634 ἕως
435 560 501 640 ἔζη,
522 557 693 642 ἐφράτριζε
714 556 770 624 καὶ
792 559 891 636 αὐτὸς
913 554 1018 637 οὗτος.
1053 557 1109 627 καὶ

37 703 38 706 =
103 663 131 727 ολ
149 663 312 748 φράτερες
339 658 365 728 ό)
388 663 508 748 ἄνδρες
536 660 685 728 δικασταὶ
712 663 749 729 οί
773 660 907 731 τουτουί
929 665 1108 750 Μακαρτά-

102 790 164 853 τοο,
187 769 225 834 ολ
241 769 360 854 άριστα
377 770 502 844 εἰδότες
519 765 595 852 περὶ
612 779 673 834 τοῦ
690 765 820 852 γένους,
842 769 984 856 δρῶντες
1005 773 1108 839 αὐτὸν

103 870 156 955 μὲν
174 884 300 941 τοῦτον
323 874 364 940 οὐ
383 872 528 940 θέλοντα
548 875 758 940 κινδυνεύειν
780 870 855 940 οὐδ’
880 875 1048 959 ἀπάγοντα
1069 880 1107 944 τὸ

102 980 217 1064 ίερειον
236 980 302 1046 ἀπὸ
320 990 381 1047 τοῦ
398 984 526 1076 βωμοῦ,
548 981 580 1045 εί
601 981 645 1064 μή
668 983 901 1066 προσηκόντως
923 983 1108 1066 είσήγετοό

101 1192 156 1276 τήν
185 1202 305 1279 ψῆφον
335 1191 507 1276 καομένων
537 1203 605 1258 τῶν
637 1191 782 1278 ἱερείων,
814 1192 877 1258 άπὸ
904 1202 964 1259 τοῦ
993 1196 1109 1278 βωμοῦ

35 1271 37 1372 λ
103 1296 253 1382 φέροντες
285 1308 346 1366 τοῦ
368 1301 452 1376 Διὸς
482 1308 543 1364 τοῦ
570 1302 749 1384 φρατρίου,
779 1301 943 1382 παρόντος
975 1297 1109 1365 τουτουὶ

103 1405 333 1490 Μακαρτάτου,
356 1403 559 1489 ἐψηφίσαντο
577 1405 617 1469 τὰ
635 1405 746 1469 δίκαια
764 1400 790 1470 ὦ
810 1405 930 1490 ἄνδρες
948 1406 1109 1488 δικασταί,

35 1507 36 1546 ³
105 1507 206 1594 ὀρθῶς
227 1508 287 1576 καὶ
304 1513 536 1596 προσηκόντως
553 1511 613 1576 τὸν
634 1511 737 1576 παῖδα
759 1507 893 1576 τουτονὶ
916 1511 1108 1594 εἰσάγεσθαι

76 1614 291 1704 οβλδβουλίδη
318 1617 396 1682 υίὸν
422 1618 470 1692 είς
495 1616 554 1681 τὸν
582 1610 676 1681 οἶκον
698 1617 757 1682 τὸν
775 1612 918 1699 Ἁγνίου.
964 1628 1108 1702 ψηφισα-

106 1717 205 1800 μένων
224 1719 264 1788 δὲ
284 1731 388 1788 ταῦτα
410 1731 477 1786 τῶν
495 1718 668 1806 φρατέρων
689 1731 757 1786 τῶν
779 1719 912 1787 τουτουὶ
929 1722 1109 1808 Μακαρτά-

34 1839 36 1886 2
107 1847 169 1910 του,
189 1829 262 1906 υίὸς
281 1828 330 1894 ὢν
348 1827 560 1911 Εὐβουλίδου
579 1826 598 1892 ὁ
615 1837 692 1903 παις
710 1824 825 1893 οὑτοσὶ
846 1826 1107 1914 προσεκαλέσατο

33 1925 34 1932 '
106 1931 321 2018 Μακάρτατον
347 1942 408 2000 τοῦ
436 1933 562 2018 κλήρου
583 1929 797 2016 τοῢ,Ἅγνίου
820 1935 866 2011 είς
889 1935 1109 2019 διαδικασίαν,

109 2033 156 2101 καὶ
171 2041 264 2125 ἔλαχε
282 2041 366 2126 πρὸς
386 2040 445 2104 τὸν
463 2040 617 2124 ἄρχοντα,
635 2039 753 2125 κόριον
771 2037 1033 2126 ἐπιγραψάμενος
1049 2042 1109 2106 τὸν

109 2138 244 2228 άδελφὸν
273 2147 334 2211 τόν
363 2141 496 2211 ἑαυτοῦ·
529 2142 602 2228 ἐμοὶ
630 2144 695 2229 γάρ
722 2141 832 2210 οὐκέτι
859 2135 933 2210 οἷόν
962 2141 990 2210 τ’
1016 2140 1108 2228 ἧνῶ

111 2245 217 2334 ἄνδρες
248 2247 401 2316 δικασταὶ
434 2252 538 2338 κυρίφ
570 2248 831 2334 ἐπιγεγράφθαι,
867 2251 1110 2334 εἰσπεποιηκότι

110 2351 160 2416 τὸν
180 2358 281 2422 παῖδα
304 2357 351 2432 είς
372 2358 432 2422 τὸν
450 2350 544 2440 οἶκον
566 2358 627 2422 τὸν
644 2355 866 2440 Εὐβουλίδου.
896 2352 952 2420 καὶ
969 2355 990 2439 ή
1008 2358 1109 2440 πρόσ-

112 2459 213 2540 κλησις
234 2461 365 2547 έγόνετο
382 2469 428 2551 τῷ
451 2459 546 2527 παιδὶ
562 2458 684 2550 τουτῳὶ
701 2462 784 2527 κατὰ
805 2462 865 2526 τὸν
886 2463 1004 2545 νόμον,
1025 2459 1104 2528 καθ’

112 2557 201 2651 ὅνπερ
222 2567 279 2634 καλ
306 2563 400 2635 οὗτοι
425 2565 709 2654 προσεκαλέσαντο
736 2567 798 2649 τήν
819 2563 953 2632 τουτουὶ
976 2564 1109 2651 μητέρα,

114 2666 165 2750 τήν
185 2686 395 2760 νενικηκυῖαν
414 2677 576 2760 πρότερον
594 2673 631 2740 έν
648 2681 693 2760 τῷ
718 2674 916 2762 δικαστηρίῳ
938 2671 993 2738 καὶ
1016 2675 1108 2759 ἔχου·

86 2791 105 2830 ιι
116 2786 167 2837 σαν
191 2780 248 2844 τὸν
277 2785 403 2866 κλῆρον
428 2782 488 2846 τόν
510 2776 654 2862 Ἁγνίου.
699 2781 757 2843 καί
776 2801 833 2863 μοι
855 2778 1028 2862 ἀνάγνωθι
1049 2781 1108 2845 τὸν

116 2879 222 2968 νόμον,
247 2883 327 2951 καθ’
355 2885 395 2952 ὃν
417 2885 438 2969 ή
460 2887 660 2970 πρόσκλησίς
687 2882 756 2949 ἐστι
784 2886 872 2970 παρά
895 2895 954 2951 τοῦ
977 2888 1109 2971 ἔχοντος

117 2982 165 3046 ιδν
184 2993 314 3076 κλήρου.

537 3131 674 3184 ΝΟΜΟΣ.

210 3216 281 3286 Ἐὰν
301 3219 328 3286 δ’
350 3220 610 3302 ἐπιδεδικασμένου
633 3221 804 3308 ἀμφισβητῇ
822 3233 876 3286 ποθ
898 3223 1008 3302 κλήρου
1022 3221 1042 3302 ἢ
1056 3233 1108 3304 της

156 3309 320 3401 ἐπικλήρου,
346 3321 571 3402 προσκαλείσθω
597 3319 649 3382 τὸν
677 3319 936 3400 ἐπιδεδικασμένον
962 3319 1036 3400 πρὸς
1057 3321 1109 3382 τὸν

157 3404 288 3499 ἄρχοντα,
310 3419 447 3499 καθάπερ
470 3417 517 3480 έπλ
539 3427 597 3479 τῶν
620 3415 716 3479 άλλων
740 3418 842 3479 δικῶν·
865 3416 1186 3498 παρακαταβολάςηρηῡ

159 3500 182 3563 δ’
205 3504 339 3602 εἶναιτῷ
362 3514 605 3596 ἀμφισβητοῦντι.
642 3511 694 3574 έδν
718 3511 750 3575 δὲ
772 3513 812 3592 μή
835 3513 1108 3592 προσκαλεσάμενος
