2650 3918
476 201 573 254 RATA
589 203 753 257 ΝΕΑΙΡΑΣ.
1056 197 1122 263 303

103 363 254 444 γίγνεται
282 359 303 444 ἡ
331 362 446 446 είρηνη
473 361 494 446 η
523 359 576 428 ἐπὶ
604 363 850 448 Φρασικλείδου
880 363 1041 448 ἄρχοντος
1067 355 1122 424 καὶ

103 466 126 548 ἡ
151 467 237 552 μάχη
261 465 282 550 ἡ
307 465 343 532 ἐν
365 468 547 552 Λεύκτροις
575 471 731 553 Θηβαίων
759 466 814 532 καὶ
836 469 1122 551 Λακεδαιμονίων,

103 569 174 638 τότ’
202 571 449 658 ἐπιδημήσαντα
475 572 652 658 Στέφανον
679 572 813 641 τουτονὶ
839 576 887 651 είς
912 574 952 640 τά
978 570 1122 657 Μέγαρα

104 676 162 743 καλ
184 683 411 764 καταγόμενον
434 680 479 758 ὡς
501 681 605 765 αὐτὴν
624 678 758 767 ἑταίραν
779 675 884 746 οὖσαν
906 677 961 745 καὶ
983 679 1143 762 πλησιά-

104 801 210 849 σαντα
238 785 336 872 αὐτῇ,
371 783 595 871 διηγησαμένη
629 786 736 852 πάντα
763 788 803 852 τά
829 783 1041 872 πεπραγμένα
1067 783 1123 850 καλ

103 891 167 974 τὴν
197 891 297 977 ὕβριν
326 901 387 958 τοῦ
412 895 626 978 Φρυνίωνος,
654 891 710 958 καί
739 892 900 960 ἐπιδοῦσα
932 892 952 956 ἃ
982 891 1122 975 ἐξῆλθεν

105 999 229 1083 ἐχουσα
248 995 325 1083 παρ’
349 998 464 1082 αὐτοῦ,
488 997 698 1083 ἐπιθυμοῦσα
721 996 782 1084 μὲν
805 1010 862 1084 τῆς
885 998 1009 1064 ἐνθάδε
1033 1000 1122 1082 οίκή-

105 1119 201 1186 σεως,
223 1103 416 1188 φοβουμένη
441 1099 479 1168 δὲ
500 1106 560 1169 τὸν
584 1109 765 1187 Φρυνίωνα
793 1106 849 1170 διά
871 1107 908 1171 τὸ
930 1102 1122 1188 ἠδικηκέναι

105 1204 169 1292 μὲν
193 1209 287 1293 αὐτη,
311 1208 441 1275 ἐκείνου
464 1205 502 1274 δὲ
520 1209 661 1294 ὀργίλως
683 1213 771 1296 ἐχειν
793 1211 893 1296 αὐτῇ,
916 1211 1062 1294 σοβαρὸν
1085 1205 1122 1273 δὲ

105 1312 163 1378 καὶ
186 1313 351 1398 ὀλίγωρον
374 1317 484 1380 είδυῖα
506 1315 610 1381 αὐτοῦ
629 1317 688 1383 τὸν
706 1319 831 1400 τρόπον
854 1319 946 1399 ὄντα,
967 1318 1123 1400 προΐστα·

60 1440 90 1480 σε
105 1442 160 1485 ται
183 1418 360 1504 Στέφανον
382 1418 648 1506 τουτονίαὺτῆς.
690 1421 812 1508 ἐπάρας
834 1417 873 1486 δὲ
895 1421 999 1506 αὐτὴν
1026 1414 1123 1497 οὗτος

106 1524 144 1591 έν
165 1537 235 1602 τοῖς
252 1525 425 1612 Μεγάροις
445 1536 491 1614 τῷ
516 1530 605 1616 λόγῳ
624 1523 680 1593 καὶ
698 1529 861 1612 φυσήσας,
883 1527 928 1603 ὡς
944 1525 1122 1592 κλαύσοιτο

106 1631 125 1697 ὁ
150 1634 310 1716 Φρυνίων
331 1633 364 1696 εί
385 1633 503 1710 ἅψοιτο
526 1632 643 1716 αὐτῆς,
671 1632 770 1710 αὐτὸς
793 1627 831 1697 δέ
853 1643 996 1715 γυναῖκα
1018 1630 1123 1715 αὐτὴν

105 1735 206 1821 ἕξων,
227 1739 306 1815 τούς
332 1760 367 1803 τε
394 1739 515 1814 παῖδας
540 1739 619 1814 τοὺς
646 1739 744 1814 ὄντας
771 1736 853 1822 αὐτῇ
881 1740 953 1804 τότε
981 1737 1122 1816 είσάξων

105 1845 154 1920 είς
176 1844 254 1921 τοὺς
276 1844 441 1930 φράτερας
470 1844 515 1920 ὡς
541 1844 645 1910 αὑτοῦ
673 1846 771 1920 ὄντας
793 1841 848 1909 καὶ
869 1847 1005 1921 πολίτας
1027 1846 1122 1928 ποιη-
1132 1858 1201 1908 1858

107 1965 188 2032 σων,
212 1948 365 2034 άδικησοι
388 1945 426 2014 δέ
449 1947 561 2026 οὐδεὶς
582 1949 785 2035 ἀνθρώπων,
807 1948 995 2032 ἀφικνεῖται
1018 1949 1122 2033 αὐτὴν

106 2057 192 2140 ἔχων
216 2056 317 2139 δεῦρο
340 2054 377 2119 ἐκ
397 2063 466 2118 τῶν
489 2053 677 2138 Μεγάρων,
703 2053 759 2119 καὶ
785 2056 902 2119 παιδία
924 2051 993 2138 μετ’
1021 2053 1123 2136 αὐτῆς

105 2164 194 2245 τρία,
217 2157 390 2242 Πρόξενον
412 2156 468 2223 καί
488 2151 668 2244 Ἀρίστωνα
694 2157 750 2224 καὶ
771 2157 957 2242 θυγατέρα,
979 2157 1023 2242 ἣν
1044 2156 1123 2223 νυνὶ

64 2285 92 2326 ευ
109 2263 214 2330 Φανὼ
236 2268 405 2328 καλοῦσιν.
446 2261 501 2328 καί
523 2263 649 2346 είσάγει
671 2263 776 2349 αὐτὴν
798 2261 853 2328 καὶ
875 2265 915 2328 τά
937 2266 1054 2329 παιδία
1076 2266 1123 2340 είς

106 2371 146 2436 τδ
170 2369 328 2451 οίκίδιον,
350 2365 368 2432 δ
391 2362 434 2451 ην
457 2368 544 2454 αὐτῷ
566 2369 655 2454 παρδι
682 2371 742 2434 τὸν
764 2369 970 2453 ψιθυριστὴν
987 2365 1137 2454 Ἑρμῆν,

107 2474 229 2562 μεταξὺ
252 2483 310 2558 της
331 2471 518 2558 Δωροθέου
544 2484 605 2540 τοῦ
624 2471 830 2541 Ἐλευσινίου
858 2475 963 2550 οίκίας
989 2473 1124 2560 καὶτῆς

107 2580 352 2665 Κλεινομάχου,
374 2579 417 2662 ἣν
439 2577 519 2645 νυνὶ
539 2582 736 2664 Σπίνθαρος
757 2575 834 2666 παρ’
857 2577 960 2646 αὐτοῦ
983 2580 1123 2665 ἐώνηται

109 2686 190 2754 ἕπτδι
217 2698 319 2773 μνῶν.
362 2687 445 2751 ὥστε
472 2686 493 2770 η
521 2682 583 2772 μὲν
610 2687 805 2772 ὑπάρχουσα
832 2686 994 2776 Στεφάνῳ
1025 2687 1122 2753 οὐσία

110 2795 192 2878 αὕτη
214 2789 258 2878 ἦν
280 2791 335 2860 καὶ
358 2793 440 2858 άλλο
463 2791 578 2858 οὐδέν·
607 2793 704 2858 δυολν
732 2787 763 2856 δ’
790 2790 887 2857 ἕνεκα
907 2787 1015 2876 ἦλθεν
1037 2795 1122 2880 ἔχων

48 2892 51 2901 ’
108 2900 231 2983 αὐτήν,
261 2900 305 2977 ὡς
334 2897 367 2977 ἐξ
397 2897 545 2976 ἀτελείας
560 2919 610 2996 ’τε
641 2896 724 2976 ἕξων
752 2897 858 2981 καλὴν
888 2894 1038 2984 ἑταίραν,
1066 2897 1122 2964 καὶ

108 3007 151 3071 τά,
172 3005 338 3090 ἐπιτήδεια
359 3005 482 3089 ταύτην
510 3001 735 3089 ἐργασομένην
762 3001 818 3069 καὶ
839 2999 1035 3088 θρέψουσαν
1061 3007 1122 3088 τὴν

110 3113 233 3178 οίκίαν·
255 3111 297 3176 οὐ
319 3111 384 3196 γὰρ
406 3106 450 3194 ἦν
472 3110 561 3198 αὐτῷ
578 3111 661 3195 άλλη
680 3111 856 3196 πρόσοδος,
879 3110 933 3176 ὅτε
955 3110 1000 3195 μη
1020 3125 1122 3177 συκο-

70 3235 97 3276 4⁰
110 3220 279 3303 φαντησας
300 3238 332 3281 τι
355 3216 461 3300 λάβοι.
501 3219 692 3300 πυθόμενος
718 3211 757 3280 δὲ
785 3214 803 3282 ὁ
828 3217 987 3301 Φρυνίων
1010 3214 1122 3300 έπιδη·

111 3333 240 3408 μοῦσαν
271 3320 375 3405 αὐτὴν
410 3319 466 3386 καὶ
502 3316 606 3388 οὖσαν
642 3321 731 3407 παρά
762 3321 887 3410 τούτφ,
921 3323 1122 3407 παραλαβὼν

111 3432 306 3504 νεανίσκους
325 3423 400 3510 μεθ’
423 3424 543 3493 ἑαυτοῦ
561 3425 616 3494 καὶ
635 3426 746 3493 ἐλθὼν
769 3425 823 3492 ἐπὶ
844 3427 905 3510 τὴν
927 3427 1037 3491 οίκίαν
1059 3425 1122 3507 τὴν

111 3544 171 3601 τοῦ
206 3532 384 3618 Στεφάνου
419 3526 500 3617 ἦγεν
537 3532 650 3616 αὐτήν.
704 3528 952 3618 ἀφαιρουμένου
989 3523 1028 3592 δὲ
1062 3537 1123 3592 τοῦ
