2650 3918
206 183 271 248 296
508 185 580 238 mx„
611 180 914 253 [Δωιοεοωτουε]

49 407 56 414 ,Α
167 359 193 402 1⁶
205 349 359 411 κελεῦσαι
376 340 511 410 καλέσαι
533 350 579 430 τῇ
603 341 710 426 ἀγῶνι
731 342 838 431 τούτῳ
857 337 1118 425 Ἀπολλόδωρον.
1165 337 1222 404 καὶ

205 451 269 534 γὰρ
292 449 513 536 πρεσβύτερός
541 447 632 514 ἐστιν
653 447 675 532 ἣ
699 447 781 532 έγά,
807 445 863 512 καὶ
889 444 1126 532 ἐμπειροτέρως
1152 447 1221 531 ἔχει
1231 462 1278 511 1350

205 567 273 621 τῶν
294 557 420 640 νόμων,
441 552 496 620 καὶ
516 550 698 640 μεμέληκεν
715 553 804 642 αὐτῷ
823 551 900 640 περὶ
918 553 1046 620 τούτων
1063 550 1222 617 ἁπάντων

206 659 367 746 ἀκριβῶς,
391 658 447 725 καὶ
473 659 626 743 ἠδίκηται
656 659 721 724 ὑπὸ
750 658 929 743 Στεφάνου
957 661 1108 741 τουτουί,
1135 657 1221 722 ὥστε

206 763 262 831 καὶ
293 765 523 851 ἀνεπίφθονον
554 764 642 852 αὐτῇ
680 771 899 850 τιμωρεῖσθαι
929 765 989 830 τὸν
1020 761 1222 849 ὑπάρξαντα.

208 874 262 938 δελ
291 868 324 937 δ’
358 871 445 956 ὑμᾶς
475 870 508 950 έξ
541 871 643 955 αὐτῇς
672 879 729 955 τῇς
767 870 927 954 ἀληθείας
956 870 1018 954 τὴν
1049 869 1222 956 ἀκρίβειαν

208 977 412 1055 ἀκούσαντας
430 984 488 1061 τῇς
499 1000 535 1043 τε
547 979 745 1063 κατηγορίας
761 974 817 1042 καὶ
835 985 892 1060 τῇς
909 975 1098 1060 ἀπολογίας,
1116 975 1224 1052 οὕτως

208 1086 272 1168 ἤδη
301 1085 362 1169 την
391 1091 507 1169 δῇφον
534 1081 650 1169 φέρειν
678 1081 762 1167 ὑπέρ
792 1104 827 1148 τε
856 1092 924 1148 τῶν
951 1087 1044 1147 θεῶν
1069 1078 1127 1148 καὶ
1154 1090 1223 1148 τῶν

208 1193 322 1275 νόμων
346 1188 402 1256 καὶ
424 1199 485 1256 τοῦ
508 1190 640 1256 δικαίου
662 1187 718 1255 καὶ
740 1189 835 1274 ὑμῶν
857 1188 977 1255 αὐτῶν.

606 1364 827 1419 ΣΤΝΗΓΟΡΙΑ.

171 1501 197 1542 ιο
270 1479 310 1548 ’Ἀ
337 1477 398 1567 μέν
424 1479 622 1566 ἠδικημένος
649 1476 676 1545 ὦ
705 1481 825 1564 ἀνδρες
847 1475 1021 1564 Ἀθηναῖοι
1047 1478 1112 1547 ὑπὸ
1140 1485 1224 1547 Σαε·
1304 1475 1305 1484 ’

210 1587 320 1673 φαίνου
343 1585 532 1671 ἀναβέβηκα
550 1589 786 1672 κατηγορήσων
804 1589 952 1671 Νεαίρας
970 1589 1118 1672 ταυτησί,
1142 1590 1223 1653 Θεό-

209 1708 353 1776 μνηστος
371 1697 481 1777 είρηκε
498 1691 581 1776 πρὸς
597 1690 696 1775 ὑμᾶς·
720 1691 764 1769 ὡς
783 1687 813 1756 δ’
836 1689 906 1756 ἐστὶ
925 1688 1001 1775 ξένη
1019 1688 1150 1777 Νέαιρα
1168 1691 1224 1758 καὶ

210 1797 299 1880 παρὰ
316 1799 394 1873 τοὺς
411 1799 535 1880 νόμους
557 1808 709 1863 συνοικεῖ
724 1797 899 1885 Στεφάνῳ,
921 1805 1018 1863 τοῦτο
1040 1797 1121 1882 ὑμῖν
1143 1800 1223 1883 βού-

211 1907 310 1986 λομαι
324 1912 437 1988 σαφῶς
450 1901 618 1980 ἐπιδείξαι.
650 1898 857 1987 πρῶτονμὲν
872 1896 934 1969 οὖν
950 1904 1009 1969 τδν
1022 1905 1129 1987 νόμον
1141 1886 1223 1990 ὑμῖν
1305 1915 1306 1920 ’

212 2007 447 2092 ἀναγνώσεται,
465 2003 541 2073 καθ’
565 2007 606 2074 ὃν
628 2011 690 2092 τήν
712 2032 747 2076 τε
766 2011 898 2094 γραφὴν
917 2007 1054 2094 ταυτηνὶ
1074 2012 1222 2095 Θεόμνη-
1306 2055 1307 2066 1

212 2132 288 2193 στος
305 2113 469 2202 ἐγράψατο
487 2112 543 2180 καὶ
561 2114 579 2182 δ
598 2113 691 2198 ἀγὼν
708 2110 806 2192 οὗτος
823 2113 1002 2201 είσέρχεται
1019 2117 1068 2193 είς
1084 2116 1180 2201 ὑμᾶς.
1306 2185 1307 2206 ,

652 2291 789 2345 ΝΟΜΟΣ.

319 2388 392 2456 Ἐἀν
419 2390 451 2456 δὲ
478 2392 562 2468 ξένος
593 2391 667 2479 ἀστῇ
700 2403 825 2479 συνοικῇ
858 2390 944 2480 τέχνη
970 2389 991 2474 ἢ
1019 2403 1136 2481 μηχανῇ
1162 2388 1223 2481 ῇτι-

255 2501 352 2572 νιοῦν,
369 2489 532 2573 γραφέσθω
549 2489 625 2572 πρὸς
641 2489 712 2564 τοὺς
730 2488 917 2570 θεσμοθέτας
933 2484 1105 2570 Ἀθημαίων
1122 2489 1223 2572 ὅβου-

256 2588 378 2668 λόμενος
404 2583 449 2662 οἷς
476 2586 593 2662 ἔξεστιν.
634 2585 687 2648 ἐὰν
713 2584 746 2649 δὲ
773 2585 849 2672 ἁλῷ,
876 2588 1042 2670 πεπράσθω
1063 2586 1114 2649 καλ
1136 2588 1224 2662 αὐτὸς

256 2685 307 2746 καλ
327 2683 347 2764 ἡ
371 2685 458 2747 οὐσία
479 2685 586 2765 αὐτοῦ,
612 2683 663 2746 καλ
684 2684 717 2748 τδ
740 2684 838 2766 τρίτον
861 2683 948 2766 μέρος
974 2685 1046 2747 ἔστω
1067 2694 1122 2748 τοῦ
1143 2685 1224 2749 ἑλάν-

257 2805 315 2856 τος.
360 2780 432 2843 ἔστω
459 2779 492 2843 δὲ
517 2780 568 2842 καλ
594 2779 646 2843 έδιν
672 2778 693 2861 ἡ
722 2780 792 2860 ξένη
823 2787 865 2867 τῷ
892 2780 970 2868 ἀστῷ
998 2794 1123 2869 συνοικῇ
1151 2783 1224 2845 κατὰ

257 2879 361 2958 ταύτά,
383 2876 434 2939 καί
456 2876 473 2941 ὅ
495 2887 643 2941 συνοικῶν
669 2888 706 2964 τῇ
734 2876 804 2965 ξένη
825 2889 863 2965 τῇ
886 2877 998 2966 ἀλούσῃ
1021 2877 1159 2960 ὀφειλέτω
1181 2905 1225 2963 χι-

256 2977 322 3050 λίας
345 2974 481 3058 δραχμάς.

174 3117 200 3157 ιτ
281 3085 353 3161 Τοῦ
380 3091 441 3181 μέν
467 3098 572 3180 νόμον
600 3099 716 3163 τοίνυν
748 3095 906 3182 ἀκηκόατε
934 3091 960 3163 ὦ
988 3099 1108 3182 ἀνδρες
1134 3099 1226 3164 δικα-

215 3207 304 3285 σταί,
332 3200 368 3279 ὃς
395 3200 456 3267 οὐκ
478 3199 517 3289 ἐᾷ
544 3201 606 3285 την
633 3199 732 3285 ξένην
757 3211 803 3289 τῇ
831 3199 919 3290 ἀστῇ
950 3216 1118 3287 συνοικεῖν
1145 3201 1226 3272 οὐδὲ

214 3312 275 3393 τὴν
298 3307 401 3391 άστην
423 3317 468 3394 τῇ
493 3305 593 3396 ξένην,
616 3303 696 3373 οὐδέ
717 3309 1004 3393 παιδοποιεῖσθαι,
1026 3308 1123 3397 τέχνη
1147 3307 1226 3377 οὐδὲ

216 3422 343 3501 μηχανῇ
367 3413 521 3500 οὐδεμιᾷ·
545 3413 603 3478 έάν
627 3412 667 3479 δέ
686 3436 735 3490 τις
756 3415 844 3498 παρὰ
862 3424 963 3480 ταῦτα
980 3425 1070 3501 ποιῇ,
1092 3419 1226 3503 γραφὴν

216 3523 371 3603 πεποίηκε
389 3515 459 3584 κατ’
483 3517 591 3584 αὐτῶν
609 3514 795 3602 εἶναιπρὸς
815 3522 893 3597 τοὺς
909 3519 1127 3605 θεσμοθέτας,
1144 3522 1227 3588 κατά
