2656 3926
211 203 277 268 406
574 202 855 256 ΔΗΜΟΣΘΕΝΟΤΣ

211 376 323 450 τυχεῖν
347 367 508 450 σωτηρίας
533 374 603 440 τοῖς
628 373 695 430 τῶν
723 363 848 448 ὁμοίων
875 364 990 428 αίτιῶν
1017 363 1230 446 τετυχηκόσι,
1296 455 1297 458 ¹

210 468 267 537 καὶ
289 471 333 554 μη
357 472 458 553 μόνος
482 465 526 535 δι’
553 470 662 535 αἰτίαν
688 470 796 552 ψευδῆ
819 478 876 553 τῆς
897 470 1054 553 πατρίδος
1076 465 1131 533 καλ
1153 477 1228 532 τῶν

211 578 319 642 όντων
347 571 402 640 καὶ
436 583 493 660 τῆς
525 586 592 640 τῶν
626 575 836 641 οἰκειοτάτων
871 575 1051 658 συνηθείας
1085 570 1227 641 ἀποστε-

211 687 365 766 ονθῆνν·
427 699 429 704 ·

184 808 197 847 ε
276 789 423 864 Είκότως
445 784 476 854 δ’
498 785 541 854 ἀν
563 786 643 872 ὑμίν
666 783 692 853 ὦ
715 788 835 875 ἄνδρες
853 784 1026 871 Ἀθηναῖοι
1048 783 1143 868 μέλοι
1164 794 1226 868 τῆς

210 893 290 977 ε’μίγς
312 897 485 980 σωτηρίας,
508 892 549 960 οὐ
572 895 679 978 μόνον
706 895 788 959 κατὰ
816 888 912 959 τοῦθ’
939 890 992 956 ὅτι
1013 885 1114 958 οὐδὲν
1137 889 1224 973 ὑμᾶς
1235 905 1291 956 146⁸

210 998 335 1065 ἀδικῶν
358 999 452 1066 δεινὰ
475 996 639 1083 πέπονθα,
662 997 746 1064 ἀλλὰ
764 996 819 1065 καὶ
838 1008 895 1083 τῆς
911 997 1001 1080 παρὰ
1017 1005 1088 1072 τοῖς
1109 996 1224 1072 ἀλλοις

209 1103 400 1190 ἀνθρώποις
427 1100 511 1171 ἕνεκ’
542 1103 703 1182 εὐδοξίας.
747 1106 792 1190 μη
820 1105 899 1189 γάρ,
930 1105 962 1168 εί
991 1100 1106 1188 μηδεὶς
1137 1101 1223 1186 ὑμᾶς
1300 1122 1301 1174 λ

209 1207 451 1298 ἀναμιμνήσκει
474 1212 552 1287 τοὺς
577 1213 720 1297 χρόνους
747 1206 830 1295 μηδὲ
853 1211 931 1286 τοὺς
952 1209 1088 1294 καιροὺς
1110 1206 1148 1273 ἐν
1170 1199 1222 1284 οἷς

184 1317 250 1382 4τά
279 1314 402 1403 μέγιστ’
436 1316 499 1401 ἐγὼ
528 1318 687 1403 χρήσιμος
715 1311 758 1401 ἧν
787 1325 826 1402 τῇ
855 1319 968 1400 πόλει,
997 1317 1074 1391 τοὺς
1100 1315 1222 1391 ἀλλους
1301 1331 1302 1334 ’

200 1421 365 1507 Ἕλληνας
387 1420 523 1505 ἀγνοεῖν
546 1424 704 1507 νομίζετε,
727 1418 803 1507 μηδ’
826 1421 1040 1505 ἐπιλελῆσθαι
1057 1430 1125 1485 τῶν
1147 1418 1221 1504 ἐμοὶ

209 1526 447 1614 πεπραγμένων
476 1523 559 1611 ὑπὲρ
594 1525 706 1612 ὑμῶν,
741 1527 762 1593 δ
792 1526 855 1611 ἐγὼ
886 1529 984 1593 δυοίν
1016 1526 1127 1591 εἵνεκα
1155 1536 1220 1592 νῦν
1302 1555 1303 1583 ι

210 1633 297 1698 ὀκνῶ
325 1632 465 1718 γράφειν
492 1628 570 1697 καθ’
598 1631 756 1717 ἕκαστον,
787 1630 861 1710 ἑνὸς
889 1629 970 1718 μὲν,
998 1634 1057 1698 τὸν
1086 1636 1220 1718 φθόνον

210 1737 338 1821 δεδιώς,
360 1739 443 1823 πρὸς
466 1735 506 1803 ὃν
528 1735 629 1803 οὐδέν
657 1737 727 1804 ἐστι
753 1738 925 1824 προῦργου
949 1737 1076 1822 τάληθῆ
1099 1735 1221 1824 λέγειν,
1303 1753 1304 1760 ³

210 1841 323 1930 ἑτέρου
352 1840 398 1927 δ’,
428 1841 479 1910 ὅτι
507 1842 614 1908 πολλά
643 1840 782 1921 κάνάξια
812 1842 949 1910 ἐκείνων
982 1845 1038 1910 διά
1064 1845 1126 1927 τὴν
1152 1856 1220 1910 τῶν

209 1951 320 2016 ἀλλων
342 1947 511 2034 Ἑλλήνων
538 1950 656 2014 κακίαν
688 1958 752 2016 νῦν
779 1950 933 2036 πράττειν
960 1949 1220 2035 ἀναγκαζόμεθα.

184 2056 247 2123 ῦέν
269 2061 436 2145 κεφαλαίῳ
460 2051 498 2120 δέ
520 2052 644 2121 τοιαῦτ’
672 2053 737 2122 ἔστ’
764 2051 816 2142 ἐφ’
842 2049 893 2134 οἷς
915 2055 1112 2142 ἐξηταζόμην
1134 2052 1218 2143 ὑπὲρ

209 2163 303 2248 ὑμῶν
333 2161 416 2246 ἐγώ,
446 2158 529 2227 ὥσθ’
560 2161 645 2246 ὑμᾶς
675 2158 736 2247 μὲν
767 2161 815 2229 ἐπ’
851 2162 962 2240 αὐτοῖς
990 2162 1056 2229 ὑπὸ
1085 2163 1218 2228 πάντων

211 2272 410 2353 ζηλοῦσθαι,
447 2264 521 2352 ἐμοὶ
554 2264 584 2333 δ’
621 2267 738 2334 ἐλπίδα
774 2278 841 2334 τῶν
877 2273 1038 2354 μεγίστων
1071 2269 1219 2354 δωρειῶν

209 2375 460 2460 προσδοκᾶσθαι
477 2368 554 2458 παρ’
574 2372 677 2457 ὑμῶν.
709 2383 766 2458 τῆς
785 2373 815 2440 δ’
834 2373 1013 2459 ἀναγκαίας
1027 2370 1099 2459 μὲν,
1112 2373 1219 2458 ἀγνώ·

210 2505 311 2565 μονος
333 2476 370 2546 δὲ
393 2479 493 2564 τύχης
515 2478 576 2564 οὐχ
600 2480 645 2556 ὡς
669 2481 800 2546 δίκαιον
818 2474 872 2565 ἣν,
895 2478 967 2546 ἀλλ’
990 2481 1034 2558 ὡς
1051 2480 1218 2566 ἐβούλετο,

209 2587 367 2673 κρινάσης
380 2586 440 2649 τὸν
453 2584 536 2669 ὑπὲρ
555 2595 611 2670 της
629 2596 696 2652 τῶν
705 2584 873 2670 Ἑλλήνων
891 2585 1081 2672 ἐλευθερίας
1095 2585 1218 2671 ἀγῶνα,

183 2691 250 2757 εὸν
272 2691 365 2775 ὑμεῖς
392 2691 620 2776 ἡγωνίσασθε,
647 2689 720 2758 οὐδ’
747 2691 784 2758 ἐν
810 2703 879 2768 τοῖς
906 2693 986 2776 μετὰ
1014 2703 1116 2760 ταῦτα
1142 2696 1218 2778 χρό·

208 2821 280 2874 νοις
298 2794 443 2879 ἀπέστην
461 2806 517 2881 τῆς
535 2800 582 2874 είς
604 2797 690 2883 ὑμᾶς
707 2798 849 2882 εὐνοίας,
871 2795 944 2865 οὐδ’
966 2797 1217 2884 ἀντηλλαξάμην

207 2900 282 2968 ἀντὶ
300 2903 419 2986 ταύτης
437 2900 549 2988 οὐδέν,
572 2903 614 2970 οὐ
631 2905 742 2991 χάριν,
760 2904 821 2970 οὐκ
839 2902 984 2988 ἐλπίδας,
1002 2903 1043 2971 οὐ
1061 2909 1217 2992 πλοῦτον,

208 3009 249 3076 οὐ
280 3011 495 3093 δυναστείαν,
525 3008 586 3075 οὐκ
616 3007 808 3094 ἀσφάλειαν.
851 3012 957 3074 καίτοι
983 3009 1090 3075 πάντα
1116 3011 1212 3078 ταῦθ’

209 3113 322 3202 ἑώρων
344 3115 533 3201 ὑπάρχοντα
560 3127 629 3192 τοῖς
655 3112 732 3180 καθ’
759 3115 854 3200 ὑμῶν
882 3114 1098 3200 βουλομένοις
1124 3122 1216 3184 πολι-

183 3221 373 3287 ιτεόεσθαι.
419 3217 515 3306 δδέ,
537 3225 670 3288 πολλῶν
698 3223 805 3288 όντων
831 3220 886 3287 καὶ
913 3223 1066 3307 μεγάλων
1088 3221 1140 3308 ἐφ’
1168 3217 1217 3302 οἷς

207 3329 341 3404 είκότως
364 3327 536 3414 ἐπέρχεταί
550 3351 607 3412 μοι
624 3329 917 3414 παρρησιάζεσθαι,
940 3327 1094 3414 μέγιστον
1117 3328 1216 3412 ἡγοῦ-

207 3455 277 3516 μαι,
300 3433 362 3498 οὐκ
385 3435 515 3518 ὀκνήσω
539 3434 663 3519 γράψαι
685 3437 767 3520 πρὸς
788 3434 889 3519 ὑμᾶς,
917 3435 967 3500 δτι
990 3434 1027 3500 ἐν
1048 3435 1147 3501 παντλ
1170 3448 1214 3524 τῷ

208 3537 305 3602 αίῶνι
327 3547 394 3604 τῶν
416 3537 716 3624 μνημονευομένων
735 3538 925 3625 ἀνθρώπων
948 3541 1139 3608 δεινοτάτου
1162 3565 1213 3624 γε·
