2658 3914
189 168 254 234 106
470 169 579 222 xnvn.
607 166 912 238 [Λυκοεοεαοωε]

185 331 310 414 ψευδῆ,
338 331 423 418 ἔργω
451 323 489 393 δὲ
516 327 557 393 ού
579 328 833 412 παραδιδόντων
857 327 918 412 τήν
941 327 1135 412 ἄνθρωπον·
1158 319 1198 392 εὖ

186 438 249 522 γὰρ
272 435 398 522 ῆδεσαν
425 433 476 499 ὅτι
499 431 757 518 βασανιζομένης
783 433 883 517 αὐτῆς
906 431 1199 518 ἐξελεγχθήσονται

188 542 389 624 ἀδικοῦντες,
408 539 469 606 ούκ
487 539 709 624 ἀδικούμενοι.
744 539 789 616 ὡς
807 535 845 604 δὲ
861 548 963 606 ταῦτα
977 538 1086 625 ἀληθῆ
1101 536 1198 623 λέγω,

186 649 315 713 τούτων
336 647 418 731 ὑμῖν
441 645 667 730 ἀναγνώσεται
687 644 746 722 τδις
767 648 956 731 μαρτυρίας.

589 838 794 892 ΜΑΡΓΤΡΙΑΙ.

149 983 172 1022 11
245 962 318 1030 Ὅτι
341 960 402 1049 μὲν
424 967 541 1030 τοίνυν
568 964 725 1040 πολλάκις
750 961 1026 1053 προκαλεσαμένῳ
1053 960 1108 1028 καλ
1130 961 1199 1041 ἀξι-

187 1079 282 1136 οῦντι
317 1074 521 1154 παραλαβεῖν
554 1069 615 1154 τήν
650 1070 833 1154 ἄνθρωπον
865 1067 975 1145 οὐδεὶς
1005 1070 1200 1156 παρεδίδου,
1323 1107 1324 1126 ι

187 1177 429 1262 μεμαρτύρηται
456 1174 546 1260 ὑμίν.
588 1175 643 1240 ἵνα
671 1170 708 1240 δὲ
735 1172 791 1240 καὶ
818 1174 854 1240 ἐκ
880 1176 1064 1260 τεκμηρίων
1091 1177 1199 1259 είδῆτε

187 1283 237 1347 ὅτι
263 1283 371 1364 ψευδῆ
394 1282 678 1366 μεμαρτυρήκασι,
707 1279 846 1364 δηλώσω
869 1280 959 1364 ὑμῖν.
1003 1275 1096 1347 οὗτοι
1124 1282 1199 1366 γὰρ,
1325 1362 1326 1370 ¹

186 1395 277 1473 εἰπερ
301 1387 411 1472 ἀληθῆ
434 1383 478 1470 ῆν
501 1387 521 1452 ἀ
543 1401 626 1472 φασι
647 1384 917 1468 προκαλέσασθαι
938 1387 998 1453 τὸν
1022 1389 1199 1471 Θεόφημον

187 1491 242 1558 καλ
264 1494 485 1576 παραδιδόναι
506 1493 544 1558 τὸ
567 1502 661 1575 σῶμα
682 1500 740 1575 τῆς
762 1491 960 1577 ἀνθρώπου,
988 1491 1050 1558 ούκ
1076 1491 1119 1558 ἀν
1141 1494 1200 1576 δή·

186 1620 253 1664 που
285 1599 347 1664 δύο
374 1600 499 1682 μόνους
529 1597 697 1682 μάρτυρας
728 1596 924 1683 ἐποιήσαντο
955 1599 1117 1683 κηδεστήν
1144 1595 1200 1664 καὶ

189 1703 348 1788 ἀδελφόν,
370 1706 448 1780 τοὺς
469 1701 598 1787 τάληθῆ
617 1713 877 1788 μαρτυροῦντας,
899 1701 1056 1770 ἀλλὰκαὶ
1078 1706 1201 1781 ἀλλους

149 1829 175 1868 12
188 1808 230 1875 ἀν
259 1810 412 1886 πολλούς.
447 1808 468 1892 ἡ
492 1805 554 1893 μὲν
582 1808 646 1894 γὰρ
676 1809 786 1873 δίαιτα
815 1808 852 1874 ἐν
880 1818 920 1895 τῆ
949 1811 1062 1898 ῆλιαίρι
1087 1805 1143 1894 ῆν·
1166 1809 1203 1876 οί

188 1915 251 2000 γὰρ
269 1916 331 1998 τήν
351 1916 479 1999 Οίυῆδα
497 1911 552 1979 καλ
569 1915 631 1998 τήν
645 1911 829 2000 Ἐρεχθῆδα
849 1917 1036 1994 διαιτῶντες
1055 1915 1201 1982 ἐνταῦθα

188 2021 363 2104 κάθηνται·
391 2032 458 2086 τῶν
481 2015 519 2085 δὲ
540 2019 701 2086 τοιούτων
727 2022 958 2107 προκλήσεων,
985 2022 1066 2088 ὅταν
1091 2044 1141 2098 τις
1162 2023 1200 2088 τὸ

190 2137 282 2210 σῶμα
299 2127 472 2213 παραδιδῷ
490 2129 639 2209 κομίσας,
657 2124 776 2191 πολλοὶ
788 2129 1002 2212 προΐστανται
1020 2126 1201 2193 ἐπακούον-

188 2255 240 2308 τες
261 2243 328 2297 τῶν
351 2229 552 2316 λεγομένων,
576 2231 658 2295 ὥστε
682 2229 744 2295 οὐκ
762 2229 804 2296 ἀν
822 2230 995 2317 ῆπόρησαυ
1012 2233 1201 2317 μαρτύρων,

189 2343 279 2422 είπερ
302 2334 357 2402 καλ
380 2337 567 2404 ὁπωστιοῦν
590 2334 718 2420 ἀληθής
740 2330 782 2419 ῆν
804 2336 825 2419 ῆ
849 2339 1020 2422 μαρτυρία.
1211 2359 1282 2410 1143

151 2463 176 2503 υ
255 2444 538 2528 Μεμαρτνρήκασι
567 2445 683 2508 τοίνυν
712 2427 739 2506 ὦ
769 2441 889 2526 ἀνδρες
917 2441 1069 2508 δικασταὶ
1098 2442 1135 2509 ἐν
1160 2452 1200 2529 τῆ

190 2549 271 2634 αὐτῆ
294 2552 474 2636 μαρτυρίᾳ,
501 2549 545 2624 ὡς
572 2547 636 2632 ἐγὼ
665 2547 726 2614 οὐκ
749 2545 899 2631 ἐθέλοιμι
921 2546 1158 2634 ἀναβαλέσθαι,
1181 2550 1200 2616 ὁ

191 2651 228 2720 δὲ
248 2657 421 2740 Θεόφημος
438 2655 579 2736 κελεύοι,
599 2654 655 2718 ’ίνα
673 2676 730 2738 μοι
747 2654 912 2738 παραδοίη
930 2655 991 2738 τήν
1009 2656 1200 2741 ἄνθρωπον.

191 2760 235 2836 ὡς
258 2756 295 2825 δὲ
318 2759 380 2825 οὐκ
403 2756 527 2844 ἀληθὲς
553 2757 641 2826 τοῦτ’
669 2761 776 2843 ἔστιν,
803 2757 868 2841 ἐγὼ
893 2759 979 2844 ὑμᾶς
1002 2761 1134 2840 διδάξω.
1170 2763 1203 2827 εί

191 2863 252 2950 μὲν
283 2865 345 2950 γδιρ
378 2863 442 2949 ἐγὼ
473 2868 533 2932 τὸν
565 2868 743 2950 Θεόφημον
774 2866 897 2949 ταύτην
928 2867 989 2950 τήν
1018 2870 1201 2952 πρόκλησιν

189 2971 458 3057 προύκαλούμην,
480 2970 524 3054 ῆν
541 2972 829 3055 μεμαρτυρήκασιν
851 2971 952 3059 αὐτῷ,
975 2970 1077 3051 ἀξιῶν
1099 2971 1202 3040 αὐτὸν

152 3079 251 3162 ιιτήν
280 3079 462 3162 ἄνθρωπον
491 3077 718 3161 παραδοῦναι,
747 3078 881 3153 εἰκότως
909 3078 952 3143 ἀν
980 3101 1037 3162 μοι
1064 3079 1202 3156 τούτους

189 3188 267 3262 τοὺς
299 3186 420 3267 λόγους
450 3181 667 3268 ἀπεκρίνατο,
702 3179 929 3266 ἀναβαλέσθαι
964 3185 1110 3249 κελεύων
1139 3187 1202 3270 τήν

191 3290 322 3355 δίαιταν
353 3290 401 3364 είς
431 3288 492 3371 τήν
523 3284 665 3372 ὑστέραν
703 3288 867 3371 σύνοδον,
903 3289 959 3354 ἵνα
989 3294 1109 3376 κομίσῃ
1141 3293 1202 3376 τήν

191 3396 373 3479 ἄνθρωπον
395 3391 451 3459 καλ
472 3394 609 3481 παραδῷ
634 3414 703 3476 μοι·
721 3403 786 3460 νῦν
804 3388 841 3457 δὲ
860 3389 898 3458 σε
916 3393 1018 3461 αύτὸν
1038 3419 1200 3482 μεμαρτυ-

193 3501 331 3583 ρήκασιν
355 3495 381 3562 ὦ
405 3500 558 3582 Θεόφημε
586 3496 716 3564 ἐθέλειν
743 3499 963 3583 παραδιδόναι
986 3501 1047 3583 τήν
1069 3502 1202 3587 ἀνθρω·
