2650 3918
471 189 660 247 IIPOOIMIA.
687 191 834 245 xla-XIV·
1091 189 1153 254 367

150 348 191 415 οὐ
218 349 283 434 μὴν
312 345 384 414 ἀλλ’
414 345 511 432 ἔγωγ’
543 347 642 414 οὕτω.
658 345 776 435 σφόδρ’
805 342 896 433 οἶμαι
922 352 1049 434 μᾶλλον
1075 347 1156 434 ὑμῖν

150 451 347 540 συμφέροντ’
374 451 463 540 ἐρεῖν
484 454 630 536 τούτων,
660 454 742 520 ὥστε
770 454 831 521 οὐκ
859 455 989 538 ὀκνήσω
1010 451 1112 520 πάνθ’
1135 454 1156 520 δ

149 559 372 644 τυγχάνουσιν
395 561 560 646 εἰρηκότες
582 557 657 637 άξια
680 560 822 644 μηδενὸς
844 555 931 626 εἶναι
952 569 1065 645 φῆσαι.
1100 584 1156 627 νο-

150 669 229 751 μίζω
253 661 291 730 δέ
312 662 367 730 καὶ
389 664 474 750 ὑμᾶς
492 665 603 749 ὀρθῶς
620 664 663 730 δν
681 677 801 749 ποιεῖν,
823 667 855 730 εί
875 667 919 751 μη
937 669 997 733 τὸν
1015 662 1157 749 λέγοντ’,

150 769 233 837 άλλά
254 771 294 835 τά
317 773 612 857 συμβουλευόμενα
630 782 792 852 σκοποῖτε.
829 772 883 837 δεῖ
902 773 965 857 γάρ
989 767 1015 838 ὦ
1038 773 1158 858 ἄνδρες

145 873 318 961 Ἀθηναῖοι
339 879 402 962 τὴν
424 874 500 964 παρ’
523 877 617 961 ὑμῶν
640 877 776 944 εόνοιαν
799 879 843 962 μη
867 892 966 960 τισιν,
989 877 1097 964 ὥσπερ
1120 877 1157 944 ἐκ

149 980 278 1065 γένους,
304 979 388 1046 ἄλλα
415 993 483 1058 τοῖς
505 981 545 1046 τὰ
568 977 708 1066 βέλτιστ’
735 979 787 1047 ἀεὶ
810 979 966 1066 λέγουσιν
988 983 1157 1068 ὑπάρχειν.

622 1177 684 1239 ΙΛ.

100 1306 105 1316 ’
213 1319 406 1402 Βουλοίμην
428 1315 471 1381 ἂν
492 1315 579 1401 ὑμᾶς
602 1310 628 1381 ὦ
650 1317 770 1400 ἄνδρες
784 1313 957 1402 Ἀθηναῖοι
979 1316 1158 1404 προσέχον-

147 1445 204 1499 τας
227 1421 248 1487 δ
270 1420 378 1506 μέλλω
401 1418 510 1506 λέγειν
533 1420 686 1488 ἀκοῦσαι·
708 1419 764 1487 καὶ
786 1421 849 1508 γάρ
873 1421 963 1488 ἐστιν
986 1422 1027 1490 οὐ
1049 1423 1158 1509 μικρά.

148 1527 213 1611 ἐγὼ
234 1528 393 1612 θαυμάζω
416 1531 451 1593 τί
470 1529 621 1615 δήποτε,
643 1525 723 1615 πρὶν
746 1523 807 1612 μὲν
829 1530 877 1604 είς
898 1529 960 1612 τὴν
982 1527 1158 1614 ἐκκλησίαν

148 1633 327 1718 ἀναβῆναι,
356 1634 421 1724 ὄτφ
450 1657 499 1711 τις
527 1633 571 1700 άν
597 1633 693 1719 ὑμῶν
720 1633 856 1722 ἐντόχη,
886 1629 983 1712 οὗτος
1009 1635 1160 1722 εὐπόρως

148 1743 252 1805 είπεῖν
278 1741 345 1826 ἔχει
373 1736 416 1805 δι’
444 1733 491 1806 ὧν
521 1739 564 1806 άν
592 1741 633 1805 τὰ
660 1742 809 1826 παρόντα
836 1739 1010 1825 πράγματα
1038 1744 1158 1825 βελτίω

148 1843 289 1930 γένοιτο·
321 1844 376 1912 καλ
412 1846 513 1912 πάλιν
550 1844 666 1912 αὐτίκα
699 1847 741 1930 δὴ
774 1842 849 1930 μάλ’
886 1845 945 1912 ἐὰν
981 1845 1159 1931 ἀπέλθητε,

118 1963 120 1968 ’
146 1952 269 2036 Ιὁμοίως
291 1950 425 2028 ἕκαστος
448 1950 518 2037 έρεῖ
533 1952 573 2017 τά
591 1949 722 2017 δέοντα·
746 1949 784 2016 έν
807 1946 844 2016 δὲ
866 1959 912 2038 τῷ
934 1948 1010 2037 περὶ
1031 1953 1159 2019 τούτων

149 2069 284 2122 σκοπεῖν
297 2059 390 2140 όντες
402 2054 457 2123 καλ
471 2053 730 2140 συνειλεγμένοι,
747 2056 854 2122 πάντα
872 2061 1000 2140 μᾶλλον
1018 2056 1040 2140 ἢ
1057 2067 1159 2124 ταῦτα

121 2163 315 2245 ελεγόντων
341 2171 442 2226 τινῶν
468 2159 611 2226 ἀκούετε.
647 2153 712 2246 άρά
734 2158 765 2243 γ’
793 2156 962 2248 διάνδρες
985 2158 1158 2246 Ἀθηναῖοι

147 2277 273 2350 γνῶναι
296 2261 357 2350 μέν
379 2268 469 2330 ἔστιν
487 2263 612 2354 ἑκάστφ
633 2265 674 2330 τδ
698 2263 813 2332 δέονθ’
834 2266 929 2351 ὑμῶν
951 2264 1069 2332 καὶτὰ
1091 2279 1158 2335 τῶν

147 2372 259 2438 ἄλλων
280 2374 385 2436 είπεῖν
408 2369 575 2436 ἐπίσταται
582 2419 593 2455 ,
622 2381 729 2438 ποιῶν
760 2369 791 2438 δ’
826 2361 925 2449 αότὸς
954 2369 1088 2450 ἕκαστος
1117 2372 1157 2438 οὐ

146 2481 264 2565 χαίρει,
286 2473 343 2543 εἶτ’
367 2479 436 2564 ίδίρι
453 2473 526 2562 μέν,
545 2477 591 2554 ὡς
607 2473 659 2563 ἄρ’
682 2477 781 2556 αὐτὸς
799 2475 936 2562 ἑτοίμως
954 2478 993 2542 τά
1011 2475 1152 2563 βέλτιστ’

146 2583 190 2650 δν
205 2583 360 2670 πράττειν
377 2583 497 2667 δόξων,
513 2592 584 2660 τοῖς
602 2583 716 2660 ἄλλοις
734 2581 882 2670 ἐπιτιμᾷ,
900 2591 995 2668 κοινῇ
1015 2580 1045 2648 δ’
1063 2583 1237 2660 edla-142⁸

146 2693 262 2775 βεῖσθε
283 2689 323 2755 τὰ
345 2699 480 2756 τοιαῦτα
501 2691 721 2775 ψηφίζεσθαι,
750 2687 793 2755 δι’
822 2683 869 2754 ὧν
892 2687 929 2754 έν
950 2696 996 2776 τῷ
1020 2692 1158 2776 λητουρ-

120 2807 219 2880 τγεῖν
241 2806 362 2860 τιτῶν
383 2797 602 2880 καθηκόντων
629 2795 772 2872 ἅπαντες
794 2796 929 2872 ἔσεσθε;
956 2796 988 2859 εί
1008 2790 1070 2878 μὲν
1091 2797 1158 2860 τοί-

147 2923 211 2966 νυν
228 2899 353 2984 μηδένα
369 2903 487 2988 καιρὸν
505 2897 611 2966 οἴεσθ’
634 2899 737 2984 ἥξειν,
760 2897 797 2976 ὃς
819 2905 897 2966 εῖσω
915 2908 973 2984 τῆς
990 2901 1160 2986 είρωνείας

148 3004 295 3090 ἀφίξεται
323 3007 460 3092 ταύτης,
488 3011 596 3083 καλῶς
625 3005 668 3070 δν
697 3007 768 3091 έχοι
797 3014 916 3072 τοῦτον
947 3008 1006 3072 τὸν
1034 3007 1158 3092 τρόπον

148 3111 288 3194 διάγειν·
311 3113 342 3175 εί
363 3109 400 3177 δδ
422 3113 462 3177 τὰ
483 3101 653 3198 πράγμαθ’
676 3103 955 3197 ὁρᾶτ”έγγυτέρω
973 3110 1158 3197 προσάγον-

146 3239 198 3300 τα,
221 3218 276 3281 δεῖ
295 3223 490 3282 σκοπεῖσθαι
509 3217 597 3294 ὅπως
619 3217 663 3301 μη
685 3217 829 3301 πλησίον
851 3208 965 3293 αὐτοῖς
986 3222 1159 3300 μαχεῖσθε,

147 3323 168 3389 δ
189 3323 368 3409 πόρρωθεν
390 3320 494 3400 ἔξεστι
519 3320 747 3406 φυλάξασθαι,
774 3319 831 3387 καὶ
858 3324 936 3398 τοὺς
962 3328 1027 3384 νῦν
1048 3341 1159 3403 περιο-

145 3427 293 3515 φθέυτας
315 3424 540 3514 ἐφηδομένους
560 3427 702 3514 ὕστερον
724 3425 803 3506 ἕξετ’
832 3417 882 3504 οἷς
903 3422 947 3492 δν
967 3424 1122 3510 πάσχητε.
