2650 3918
450 185 639 242 Πεοοωαε
667 189 801 243 v-vm.
1061 187 1127 253 363

118 343 368 433 κεχαρισμένον,
390 345 432 412 ού
454 347 521 432 μὴν
544 345 755 434 συμφέροντά
776 344 808 432 γ’
835 346 973 426 ἐκείνοις
990 349 1054 426 -οδς
1075 347 1127 431 ἐγ-

118 452 319 538 κωμιάζουσι
340 461 458 518 ποιεῖν.
497 448 574 539 περί
595 452 661 539 γὰρ
681 453 883 539 πραγμάτων
904 451 1128 541 ἐγχειροῦντες

119 555 240 643 λέγειν,
262 552 310 624 ὧν
328 553 401 624 οὐδ’
423 557 466 623 ἂν
486 549 533 636 εἷς
552 556 675 640 [άξίως]
694 557 869 643 ἐφικέσθαι
890 565 936 646 τῷ
958 561 1046 650 λόγφ
1069 559 1127 626 δύ·

118 685 224 748 υαιτο,
246 660 341 728 αύτολ
367 659 429 747 μέν
455 672 515 730 τοῦ
543 664 712 730 δύνασθαι
740 661 876 747 Ιλέγειν]
904 663 1006 744 δόξαν
1032 663 1126 752 ἐκφέ-

119 791 252 855 ρονται,
277 769 339 853 την
365 763 396 833 δ’
423 766 560 835 ἐκείνων
591 768 712 855 ἀρετὴν
739 767 861 836 ἐλάττω
886 779 944 855 τῆς
969 771 1126 856 ύπειλημ

1 917 4 934 ,
118 873 220 959 μένης
244 875 333 961 παρὰ
358 884 428 952 τοίς
453 872 634 941 ἀκούουσιν
660 873 841 960 φαίνεσθαι
861 885 1025 943 ποιοῦσιν.
1060 875 1125 961 ἐγὼ

119 977 150 1047 δ’
172 979 308 1047 ἐκείνων
330 975 392 1066 μέν
414 981 551 1046 ἔπαινον
572 982 632 1047 τὸν
648 985 772 1067 χρόνον
794 981 938 1067 ἡγοῦμαι
959 980 1126 1068 μέγιστον,

118 1081 160 1154 οὗ
172 1091 298 1154 πολλοῦ
312 1084 545 1170 γεγενημένου,
559 1090 656 1172 μείζω
668 1098 736 1152 τῶν
745 1083 802 1153 ὑπ’
815 1085 951 1154 ἐκείνων
959 1087 1125 1174 πραχθέν-

90 1211 185 1264 ετων
211 1191 348 1269 οὐδένες
378 1191 474 1258 άλλοι
499 1191 762 1279 παραδείξασθαι
789 1194 999 1278 δεδύνηνται·
1026 1193 1126 1271 αύτδς

117 1296 156 1366 δὲ
181 1298 380 1386 πειράσομαι
405 1298 465 1363 τὸν
489 1300 615 1384 τρόπον
642 1301 766 1383 εἰπεῖν,
788 1298 829 1365 δν
855 1300 897 1364 άν
920 1321 977 1384 μοι
1000 1298 1125 1365 δοκεῖτε

0 1465 1 1488 ,
116 1406 258 1491 μάλιστα
284 1403 453 1469 δύνασθαι
479 1404 803 1487 παρασκευάσασθαι.
848 1402 993 1488 καὶγὰρ
1020 1405 1126 1482 οὕτως

117 1514 196 1597 ἔχει·
223 1512 256 1576 εἰ
280 1505 341 1596 μὲν
368 1507 462 1593 ἡμεῖς
492 1509 634 1587 ἅπαντες
661 1508 772 1594 λέγειν
799 1508 904 1577 δεινοί
930 1514 1125 1597 φανείημεν,

117 1611 219 1685 οὐδὲν
240 1615 283 1681 ἂν
304 1616 344 1681 τὰ
365 1611 494 1701 ὑμέτερ’
521 1609 561 1681 εὖ
583 1611 647 1681 οἷδ’
673 1615 726 1682 ὅτι
748 1614 880 1701 βέλτιον
902 1620 1010 1704 σχοίη·
1034 1619 1066 1682 εί
1086 1613 1124 1684 δὲ

115 1724 294 1811 παρελθὼν
312 1713 359 1800 εἷς
377 1721 534 1788 ὁστισοῦν
551 1722 690 1789 δύναιτο
713 1721 843 1802 διδάξαι
859 1720 915 1790 καὶ
931 1735 1054 1809 πείσαι,
1075 1727 1125 1802 τίς

115 1829 305 1917 παρασκευὴ
331 1825 387 1894 καί
413 1830 498 1912 πόση
526 1825 582 1892 καὶ
607 1831 715 1894 πόθεν
741 1834 940 1915 πορισθεῖσα
965 1832 1124 1917 χρήσιμος

116 1939 268 2021 ἐσταιτη
291 1937 402 2017 πόλει,
424 1942 487 2010 πᾶς
509 1933 528 1999 ὁ
550 1934 666 2019 παρὼν
688 1931 821 2000 λέλυται
843 1938 957 2020 φόβος.
993 1932 1057 2018 ἐγὼ
1081 1936 1123 2020 δη

1 2026 6 2042 ’
115 2040 221 2125 τοῦτ’,
234 2040 277 2106 δν
290 2037 344 2126 ἄρ’
363 2030 434 2115 οἷός
446 2035 474 2102 τ’
493 2031 532 2120 ὦ,
549 2039 746 2124 πειράσομαι
762 2048 910 2124 ποιησαι,
926 2041 1026 2126 μικρὰ
1043 2061 1124 2127 πρρ-

114 2149 218 2214 ειπὼν
235 2146 316 2229 ὑμίν
334 2144 379 2220 ὡς
396 2145 460 2230 ἐγω
478 2142 612 2227 γνώμης
628 2140 704 2230 περὶ
721 2153 788 2209 τῶν
805 2145 889 2231 πρὸς
904 2143 1123 2228 τὸνβασιλέα.

595 2321 640 2384 Η.

177 2462 376 2551 Ἀμφύτεροί
386 2483 444 2545 μοι
457 2462 616 2527 δοκοῦσιν
634 2459 834 2548 ἁμαρτάνειν
851 2457 878 2528 ὦ
895 2463 1016 2549 ἄνδρες
1024 2458 1123 2548 Ἀθη-

113 2583 215 2655 καίοι,
236 2567 293 2636 καὶ
315 2567 351 2635 οί
369 2579 439 2644 τοῖς
452 2563 613 2653 Ἀρκάσιν
627 2566 684 2634 καὶ
706 2568 742 2634 οί
760 2579 829 2645 τοις
846 2569 1123 2654 Λακεδαιμονίοις

115 2679 356 2765 συνειρηκότες·
384 2674 493 2759 ὥσπερ
520 2673 583 2760 γὰρ
611 2669 668 2761 ἀφ’
695 2671 858 2761 ἑκατέρων
883 2675 1034 2759 ἥκοντες,
1060 2675 1121 2762 οὐχ

113 2783 209 2870 ὑμῶν
230 2785 339 2866 ὄντες,
364 2781 448 2867 πρὸς
469 2779 528 2857 οδς
549 2777 730 2866 ἀμφότεροι
750 2781 1003 2866 πρεσβεύονται,
1024 2805 1122 2868 κατη·

113 2899 252 2975 γοροῦσι
273 2885 330 2954 καί
353 2885 590 2972 διαβάλλουσιν
608 2884 779 2969 ἀλλήλους.
814 2881 858 2971 ἦν
880 2882 918 2953 δὲ
939 2897 1037 2954 τοῦτο
1059 2883 1121 2972 μέν

6 3045 11 3073 ,
113 3006 180 3061 τῶν
203 2990 394 3078 ἀφιγμένων
417 2993 532 3078 ἔργον,
558 2993 596 3058 τὸ
624 2988 661 3057 δὲ
688 3002 807 3069 κοινῶς
833 2987 916 3080 ὑπὲρ
945 3004 1012 3060 τῶν
1038 3016 1121 3080 πρα-

112 3099 247 3185 γμάτων
266 3096 374 3181 λέγειν
389 3096 444 3164 καὶ
461 3098 501 3164 τὰ
518 3095 666 3182 βέλτισθ’
684 3093 768 3185 ὑπὲρ
781 3098 876 3183 ὑμῶν
890 3111 1025 3166 σκοπεῖν
1039 3101 1120 3167 ἄνευ

86 3207 310 3293 εφιλονικίας,
332 3213 398 3268 τῶν
421 3201 543 3269 ἐνθάδε
566 3206 807 3290 συμβουλεύειν
830 3203 1021 3284 ἀξιούντων.
1055 3216 1197 3273 mmm

114 3310 160 3397 δ’,
185 3318 222 3378 εί
242 3333 292 3386 τις
319 3307 428 3374 αὐτῶν
455 3308 573 3393 ἀφέλοι
599 3312 637 3376 τὸ
663 3310 908 3393 γιγνώσκεσθαι
934 3308 1054 3377 καὶτὸ
1080 3320 1120 3396 τῇ

112 3427 208 3505 φωνῇ
235 3415 344 3500 λέγειν
371 3412 543 3498 άττικιστί,
574 3417 717 3491 πολλοὺς
743 3414 787 3480 ἂν
813 3421 924 3499 οίομαι
955 3418 1032 3492 τοὺς
1058 3413 1119 3500 μὲν

108 3521 279 3608 Ἀρκάδας,
300 3523 379 3598 τοὺς
396 3515 434 3587 δὲ
452 3518 612 3597 Λάκωνας
634 3519 744 3586 αὐτῶν
766 3515 853 3585 εἶναι
874 3523 1018 3603 νομίσαι.
1054 3519 1118 3602 ἐγὼ
