2656 3926
201 169 267 235 394
562 164 842 218 Διωιοεοεωοεε

200 349 285 415 ησαν
308 326 330 396 ά
352 327 446 414 ύμεῖς
462 325 692 414 προσετάξατε,
716 322 817 391 οὐδὲν
835 323 877 390 ἀν
894 326 932 394 τὸ
951 324 1107 411 δεύτερον
1124 322 1215 407 ἡμᾶς

201 438 269 502 ἐδει
292 434 419 519 λέγειν,
446 431 519 499 οὐδ’
546 435 578 498 εί
598 433 635 499 τὸ
658 432 827 517 δεύτερον,
856 425 965 507 αὖθις.
999 439 1065 495 νῦν
1088 423 1119 495 δ’
1141 427 1213 519 δσφ

200 541 375 616 πλεονάκις
396 539 437 604 τὰ
459 535 664 625 προσήκονθ’
690 538 771 622 ὑμῖν
793 537 887 621 ὑμεῖς
909 534 1134 620 ἐψηφίσασθε,
1155 557 1213 599 το-

202 649 309 736 σούτῳ
333 669 389 730 μοι
413 647 570 712 δοκοῦσιν
588 639 687 728 ἧττον
706 642 826 709 ἐκεῖνοι
848 641 1115 727 παρεσκευάσθαι
1136 661 1212 707 ποι-

174 763 262 818 νεῖν.
297 754 460 839 πρότερον
474 744 536 836 μὲν
554 745 617 817 οὖν
637 752 738 835 ἔγωγε
757 747 802 834 μδ
820 751 900 826 τούς
910 749 1013 824 θεοὺς
1026 747 1088 812 οὐκ
1102 745 1212 832 ᾔδειν,

200 858 283 942 πρὸς
309 861 344 922 τί
368 854 440 923 ποτ’
468 863 518 942 είη
545 852 634 922 τοῦτ’
671 853 847 942 εἰρημένον
879 852 978 940 εἀρχὴ
1006 855 1112 940 ἀνδρα
1143 853 1211 917 δεί-

199 963 323 1028 κνυσι·’
351 973 416 1030 νῦν
443 960 481 1030 δὲ
507 962 570 1029 κάν
592 963 695 1028 ἀλλον
719 984 775 1046 μοι
798 962 886 1026 δοκῶ
909 957 1049 1038 διδάξαι.
1090 959 1126 1024 οῖ’
1144 959 1209 1043 γάρ

199 1067 356 1154 ἀρχοντες
377 1070 398 1152 ἦ
421 1091 509 1145 τινες
538 1067 665 1152 αύτῦν,
699 1068 756 1132 ἵνα
785 1067 829 1150 μὴ
858 1063 981 1142 πάντας
1010 1063 1113 1148 λέγω,
1141 1075 1210 1129 τῶν

198 1169 261 1258 μὲν
288 1172 455 1258 ὑμετέρων
481 1173 703 1258 ψηφισμάτων
730 1169 800 1237 ἀλλ’
834 1167 913 1237 ούδέ
947 1172 985 1237 τὸ
1012 1173 1210 1255 μικρότατον

198 1282 453 1365 φροντίζουσιν,
488 1278 576 1354 ὅπως
606 1273 643 1343 δὲ
673 1278 843 1360 λήψονται.
888 1278 919 1342 εί
946 1271 1007 1360 μὲν
1037 1270 1099 1340 οὖν
1129 1275 1210 1360 ἐνῆν

200 1387 334 1470 δοῦναι,
358 1386 493 1460 δικαίως
515 1382 557 1448 ἀν
579 1382 660 1449 αὐτὸ
688 1384 786 1448 τοῦτό
809 1385 869 1466 μοί
887 1401 941 1458 Ιτις
962 1379 1155 1465 ἐπέπληξεν,
1178 1385 1210 1447 εί

199 1492 256 1555 διὰ
285 1492 404 1576 μικρὸν
434 1487 579 1572 ἀνάλωμ’
607 1488 755 1574 ἐνοχλεῖν
785 1488 865 1572 ὑμῖν
893 1485 1059 1574 ᾑρούμην·
1085 1498 1149 1554 νῦν
1173 1486 1204 1554 δ’

172 1597 261 1662 εούκ
288 1598 353 1680 ἔνι,
380 1595 530 1679 καθάπερ
559 1589 637 1660 οὐδὲ
664 1595 802 1670 τούτους
828 1592 979 1677 λέληθεν.
1015 1596 1046 1660 εί
1067 1590 1098 1659 δ’
1124 1589 1207 1680 ὑπὲρ

199 1695 246 1766 ὧν
273 1702 354 1784 ὑμῖν
382 1706 578 1786 λῃτουργεῖν
605 1701 672 1783 δεῖ,
704 1703 910 1785 προσθήσειν
942 1699 1054 1778 αὑτοῖς
1081 1705 1211 1767 οῖονταί

198 1827 250 1891 με,
272 1811 420 1892 ληροῦσι.
456 1803 511 1870 καὶ
534 1803 623 1870 ταῦτ’
652 1812 730 1882 ἴσως
752 1803 807 1870 καλ
829 1807 1008 1890 βούλονται
1029 1804 1084 1872 καὶ
1105 1826 1207 1894 προσ-

198 1913 356 1978 δοκῶσιν·
380 1912 443 1996 ἐγὼ
468 1910 498 1977 δ’
522 1913 563 1978 ού
581 1915 709 1996 ποιήσω
727 1922 840 1997 ταῦτα,
864 1910 934 1978 ἀλλ’
958 1911 1016 1979 ἐάν
1036 1909 1098 1997 μὲν
1116 1913 1206 1999 ἐῶσι,

197 2017 348 2097 καθέλξω
375 2020 436 2104 την
463 2028 550 2084 ναῦν
577 2017 632 2084 καὶ
659 2019 699 2083 τδι
720 2021 929 2104 προσήκοντα
951 2021 1094 2103 ποιήσω,
1115 2021 1147 2085 εί
1168 2016 1207 2084 δὲ

197 2126 254 2210 μὴ,
276 2127 354 2201 τοὺς
375 2127 502 2202 αίτίους
523 2125 603 2209 ὑμῖν
627 2125 796 2211 ἀποφανῶ.

659 2322 738 2383 ΜΘ.

265 2438 384 2508 Ούδέν’
407 2439 450 2507 ἀν
472 2436 511 2506 εὖ
529 2439 708 2525 φρονοῦντ’
731 2439 897 2507 ἀντειπεῖν
919 2436 946 2507 ὦ
969 2442 1088 2528 ἄνδρες
1105 2440 1206 2528 Ἀθη-

195 2559 286 2615 ναῖοι
308 2551 442 2633 νομίζω,
465 2549 510 2624 ὡς
532 2548 592 2633 οὐχ
616 2547 771 2613 ἁπάντων
793 2549 929 2634 άριστύν
947 2547 1016 2614 ἐστι
1037 2556 1076 2634 τῇ
1099 2551 1205 2634 πόλει,

196 2655 336 2738 μάλιστα
359 2650 420 2737 μὲν
443 2653 476 2732 ἐξ
500 2653 600 2740 ἀρχῆς
626 2651 731 2738 μηδὲν
758 2653 955 2740 ἀσύμφορον
981 2654 1152 2741 πράττειν,
1174 2658 1207 2721 εί
1214 2671 1279 2721 1456

197 2754 234 2825 δὲ
252 2759 308 2844 μὴ,
326 2769 479 2845 παρεῖναι
497 2759 601 2837 εὐθὺς
619 2763 696 2837 τοὺς
714 2758 1021 2844 ἐναντιωσομένους.
1058 2762 1113 2826 δεῖ
1126 2760 1204 2846 μέν·

195 2887 248 2930 τοι
269 2865 375 2953 τούτῳ
398 2875 571 2949 προσεῖναι
588 2863 749 2942 θέλοντας
771 2862 905 2931 ἀκούειν
926 2866 1012 2950 ὑμᾶς
1032 2865 1088 2932 καλ
1111 2869 1202 2933 διδά-

197 2977 348 3036 σκεσθαι·
372 2965 473 3036 οὐδὲν
492 2971 554 3056 γὰρ
573 2968 675 3036 πλέον
693 2965 779 3036 εἶναι
797 2973 855 3037 τὸν
874 2970 1013 3057 ἐροῦντα
1034 2973 1074 3036 τά
1097 2972 1202 3057 βέλτι-

170 3096 182 3135 ι
197 3093 268 3160 στα,
286 3075 328 3142 δν
345 3077 389 3161 μὴ
407 3076 486 3152 τοὺς
504 3073 748 3160 ἀκουσομένους
762 3077 828 3162 ἔχη.
861 3077 901 3142 ού
919 3078 986 3162 μὴν
1004 3075 1076 3144 οὐδ’
1095 3078 1201 3147 ἐκεῖνο

195 3177 382 3258 ἀλυσιτελὲς
404 3182 483 3266 μετά
510 3178 600 3248 ταῦτ’
627 3181 669 3247 άν
697 3186 833 3266 φανείη,
861 3180 911 3248 ὅσ
938 3184 980 3250 ἀν
1002 3207 1052 3261 τις
1073 3185 1159 3270 ὑμᾶς
1180 3185 1201 3270 ἣ

195 3288 251 3352 διδι
271 3290 389 3374 καιρὸν
410 3286 432 3372 ἢ
455 3285 499 3352 δι’
522 3288 612 3373 ὥραν
633 3285 756 3374 ἡμέρας
773 3287 793 3372 ἦ
813 3285 857 3354 δι’
880 3290 985 3374 ἀλλην
1006 3288 1069 3357 τιν’
1092 3293 1200 3357 αίτίαν

194 3395 471 3480 παρακρούσηται,
498 3390 596 3459 ταῦθ’
624 3393 703 3460 ὅταν
730 3389 809 3459 ποτὲ
836 3393 999 3480 βούλησθ’
1024 3395 1118 3480 ὑμῶν
1140 3399 1200 3464 αύ-

194 3508 261 3563 τῦν
290 3500 382 3576 ὄντες
410 3497 562 3581 ἀκούειν,
591 3494 677 3565 εἶναι
705 3502 764 3566 τὸν
791 3498 983 3578 ἐξετάσοντα
1008 3501 1123 3588 πάλιν,
1150 3502 1194 3570 ἵν’
