2654 3926
486 190 586 242 ΠΡΟΣ
605 191 803 245 worm.
1134 191 1155 254 3

135 349 221 432 μήτε
249 351 415 415 κακόνουν
443 345 530 415 εἶναι
552 352 770 440 Πολυεύκτῳ,
797 363 864 418 τῶν
891 376 926 419 τε
953 355 1036 440 πρὸς
1058 353 1157 439 ἀλλη-

105 458 220 530 ῡλονς
239 451 453 538 ἐγκλημάτων
472 454 683 542 ἀπηλλάχθαι
700 458 845 524 πάντων.
876 462 966 537 τίνος
985 455 1047 526 οὖν
1066 457 1152 546 ἕνεχ’

136 555 270 643 ὕμῖνῶ
299 561 419 647 ἀνδρες
446 560 597 627 δικασταὶ
623 560 714 629 ταῦτ’
741 559 850 644 εἶπον;
880 564 932 630 ότι
959 567 1021 649 την
1042 561 1152 651 προῖκ’

137 664 179 731 ού
210 666 433 752 κομισάμενος
462 669 611 751 ἀπασαν,
640 665 712 734 ἀλλ’
743 670 1012 756 ὑπολειφθεισῶν
1040 675 1156 757 χιλίων

137 773 298 858 δραχμῶν
327 770 384 838 καὶ
413 773 688 859 ὁμολογηθεισῶν
714 774 911 861 ἀπολαβεῖν,
940 777 1020 843 όταν
1043 778 1155 843 Πολύ-

135 900 255 955 ευκτος
277 878 448 966 ἀποθάνη,
474 877 554 958 τέως
582 876 643 965 μὲν
670 881 689 947 δ
712 883 909 969 Λεωκράτης
930 878 973 968 ην
995 886 1155 969 κληρονό-

134 1007 201 1068 μος
222 995 289 1050 τῶν
312 987 548 1070 Πολυεύκτου,
570 989 653 1073 πρὸς
676 986 804 1053 ἐκεῖνον
825 983 869 1072 ην
891 1013 949 1073 μοι
971 991 1008 1055 τὸ
1032 992 1155 1073 συμβό-

136 1095 250 1156 λαιον·
281 1090 395 1175 ἐπειδὴ
418 1087 450 1156 δ’
478 1090 497 1156 ό
524 1115 559 1158 τε
582 1093 778 1179 Λεωκράτης
807 1092 1056 1181 ἐξεκεχωρήκειν
1079 1093 1097 1159 ό
1119 1117 1154 1159 τε

135 1198 353 1274 Πολύευκτος
374 1204 552 1284 μοχθηρῶς
574 1194 653 1284 εἶχε,
675 1196 844 1283 τηνικαῦτ’
871 1195 898 1265 ὦ
921 1201 1041 1286 ἀνδρες
1064 1200 1154 1264 δικα-

135 1301 213 1369 σταὶ
244 1305 307 1387 την
338 1305 447 1370 οίκίαν
478 1306 602 1390 ταύτην
634 1305 843 1391 ἀποτιμῶμαι
873 1307 957 1392 πρὸς
987 1305 1045 1381 τὰς
1076 1302 1155 1370 δέκα

134 1418 241 1494 μνᾶς,
271 1408 305 1488 ἐξ
332 1404 373 1494 ἧς
400 1411 578 1477 διακωλύει
606 1435 646 1496 με
672 1413 731 1490 τάς
759 1412 941 1497 μισθώσεις
963 1413 1155 1495 κομίζεσθαι

108 1517 321 1593 σΣπουδίας.
357 1527 490 1602 πρῶτον
512 1513 574 1601 μὲν
596 1512 660 1583 οὖν
681 1518 762 1603 ὑμῖν
785 1518 953 1605 μάρτυρας
973 1515 1154 1603 παρέξομαι

135 1625 216 1698 τοὺς
237 1620 544 1708 παραγενομένους,
571 1619 620 1688 ὅτ’
645 1625 753 1708 ηγγύα
780 1647 837 1708 μοι
859 1625 1071 1700 Πολύευκτος
1092 1624 1153 1706 την

135 1724 297 1813 θυγατέρ’
328 1725 383 1793 ἐπὶ
408 1728 646 1815 τετταράκοντα
673 1741 783 1814 μναῖς·
811 1726 920 1796 ἔπειθ’
948 1730 992 1806 ὡς
1019 1731 1153 1795 ἔλαττον

135 1845 208 1910 ταῖς
226 1837 348 1920 χιλίαις
365 1833 583 1919 ἐκομισάμην·
607 1837 655 1900 ἔτι
678 1832 709 1901 δ’
733 1836 776 1912 ὡς
799 1836 926 1902 άταντα
948 1837 1007 1901 τὸν
1030 1837 1153 1921 χρόνον

136 1941 288 2026 ὀφείλειν
315 1939 478 2023 ὡμολόγει
505 1964 561 2024 μοι
583 1943 811 2025 Πολύευκτος,
838 1941 975 2007 καὶτὸν
998 1940 1153 2025 Λεωκρά-

136 2070 199 2131 την
229 2043 425 2131 συνίστησε,
454 2044 509 2111 καλ
536 2052 697 2115 τελευτῶν
732 2044 861 2114 διέθεθ’
894 2047 993 2133 ὅρους
1023 2046 1152 2130 ἐπιστῆ-

137 2170 194 2218 σαι
216 2156 335 2238 χιλίων
358 2153 514 2238 δραχμῶν
540 2151 614 2237 ἐμοὶ
636 2163 693 2238 τῆς
715 2155 851 2239 προικὸς
874 2150 927 2218 ἐπὶ
949 2154 1010 2236 την
1034 2155 1151 2219 οἰκίαν.

136 2264 196 2326 καί
215 2283 273 2344 μοι
294 2258 388 2325 κάλει
410 2261 489 2336 τοὺς
511 2258 686 2345 μάρτυρας.

542 2453 743 2508 ΜΑΡΤΤΡΕΣ.
1163 2457 1233 2508 1030

110 2596 123 2635 ⁷
197 2575 257 2645 Ἐν
280 2575 343 2663 μὲν
365 2581 481 2645 τοίνυν
504 2573 531 2644 ὦ
554 2579 674 2664 ἀνδρες
704 2574 854 2642 δικασταί
875 2573 965 2644 τοῦτ’
991 2579 1081 2643 ἔστιν
1104 2570 1152 2644 ὧν

136 2684 264 2770 ἐγκαλῶ
283 2686 447 2771 Σπουδίᾳ.
492 2680 548 2749 καλ
569 2680 646 2769 περὶ
665 2683 786 2749 τούτου
808 2686 843 2748 τί
862 2682 905 2750 ἀν
928 2686 975 2749 ἔτι
998 2685 1108 2768 μεῖζον
1130 2683 1152 2770 ἢ

137 2795 353 2878 ἰσχυρότερον
376 2792 462 2877 ἔχων
485 2792 532 2866 είς
554 2790 640 2874 ὑμᾶς
662 2787 832 2874 κατέστην,
854 2789 875 2874 ἢ
894 2792 952 2856 τὸν
975 2793 1093 2874 νόμον,
1116 2789 1152 2866 ὃς

136 2899 198 2964 οὐκ
226 2897 265 2986 ἐᾷ
293 2898 497 2985 διαρρήδην,
530 2897 591 2962 ὅσα
612 2920 662 2974 τις
689 2896 906 2981 ἀπετίμησεν,
933 2891 1020 2962 εἶναι
1047 2896 1152 2979 δίκας,

137 3001 207 3071 οὔτ’
241 3004 354 3081 αὐτοῖς
384 3003 459 3068 ούτε
489 3013 558 3080 τοῖς
586 3007 820 3089 κληρονόμοις;
854 2999 925 3068 ἀλλ’
953 3002 1042 3087 ὅμως
1070 3004 1152 3087 πρὸς

111 3120 234 3176 ῦτοῦτο
261 3112 299 3176 τὸ
328 3110 460 3175 δίκαιον
488 3108 562 3192 ἣκει
585 3110 758 3186 Σπουδίας
780 3108 1048 3195 ἀμφισβητήσων.
1085 3105 1151 3173 ἕτε-

138 3239 198 3302 ρον
222 3211 253 3280 δ’
276 3210 302 3280 ὦ
322 3215 444 3300 ἀνδρες
462 3215 625 3297 δικασταί,
649 3215 712 3280 δύο
735 3210 797 3299 μὲν
819 3224 903 3299 μνᾶς
925 3213 1150 3300 ἐμαρτύρησεν

132 3318 361 3407 Ἀριστογίνης
379 3319 532 3403 ἐγκαλεῖν
550 3317 807 3406 ἀποθνῄσκοντα
826 3320 1041 3387 Πολύευκτον
1060 3318 1150 3403 ὀφει-

138 3425 277 3512 λομένας
308 3427 397 3515 αύτῷ
430 3427 518 3513 παρὰ
546 3428 703 3513 Σπουδία
733 3424 790 3491 καὶ
820 3429 879 3493 τὸν
908 3429 1007 3492 τόκον
1037 3422 1148 3508 (τοῦτο

139 3530 168 3598 δ’
190 3532 279 3600 ἐστὶν
298 3529 428 3600 οίκίτον
446 3535 535 3616 τιμή,
558 3531 598 3597 δν
618 3530 803 3615 ἐωνημένος
822 3527 918 3606 οὗτος
935 3528 1024 3613 παρὰ
1038 3530 1148 3590 Πολυ-

953 3635 989 3682 1⁸
