2656 3926
183 199 249 262 412
546 198 826 252 ΔΗΜΟΣΘΕΝΟΤΣ

185 361 407 445 διατρίβοντι,
435 363 569 424 πολλῶν
599 357 733 425 ἀκούειν
763 357 987 442 ἐπιτιμώντων
1016 355 1096 442 ὑμίν
1126 367 1213 434 τοῖς

158 464 259 552 ιπερὶ
280 469 359 542 τοὺς
376 465 577 548 Λυκούργου
600 466 720 542 παῖδας
741 461 980 549 γεγενημένοις.
1026 461 1210 529 ἐπέστειλα

184 568 245 657 μὲν
268 567 330 638 οὖν
354 570 480 655 ἀυτὴν
503 569 678 655 έπιστολην
705 568 759 637 καὶ
785 581 853 637 τῶν
882 569 996 659 ἐκείνφ
1022 571 1116 648 ζῶντι
1140 589 1208 633 πε·

183 675 383 763 πραγμένων
413 674 526 761 ἕνεκα,
554 669 603 742 ὧν
632 676 755 761 ὁμοίως
783 672 857 760 ἐμοὶ
885 675 1005 751 πάντες
1034 673 1075 740 ἀν
1105 673 1204 761 αύτῷ

185 785 318 860 δικαίως
337 785 440 869 ἔχοιτε
459 783 568 870 χάριν,
591 784 623 848 εί
639 782 679 847 τά
695 784 906 869 προσήκοντα
923 781 1105 866 βούλοισθε
1122 801 1204 844 ποι-

183 900 242 954 εῖν.
288 887 413 966 ἐκεῖνος
446 889 509 975 γὰρ
544 888 647 954 αὑτὸν
682 886 718 954 ἐν
752 896 797 976 τῷ
832 884 908 974 περὶ
939 888 1001 972 την
1026 888 1204 970 ,διοίκησιν

184 993 275 1082 μέρει
292 993 389 1072 τάξας
407 993 469 1081 τῆς
486 997 652 1071 πολιτείας
670 995 707 1060 τὸ
726 990 796 1058 κατ’
819 992 930 1081 ἀρχάς,
953 991 1009 1059 καὶ
1030 988 1105 1078 περὶ
1127 1001 1203 1056 τῶν

179 1098 381 1185 Ἑλληνικῶν
412 1097 467 1166 καλ
497 1110 710 1186 συμμαχικῶν
744 1095 846 1166 οὐδέν
880 1100 1009 1176 εἰωθὼς
1041 1098 1202 1184 γράφειν,

185 1207 237 1271 ὅτε
252 1205 386 1272 καὶτῶν
401 1209 588 1291 δημοτικῶν
605 1201 691 1272 εἶναι
709 1203 1007 1292 προσποιουμένων
1026 1204 1063 1270 οί
1077 1201 1201 1269 πολλοὶ

184 1311 375 1378 κατέλειπον
403 1312 506 1398 ὑμᾶς,
535 1314 608 1379 τότε
637 1321 708 1389 ταῖς
736 1320 796 1378 τοῦ
826 1312 933 1396 δημου
963 1307 1198 1396 προαιρέσεσιν

157 1417 399 1502 ιπροσένειμεν
428 1416 565 1502 ἑαυτόν,
594 1416 656 1503 οὐχ
685 1417 737 1483 ὅτι
767 1417 906 1503 δωρειάς
931 1414 986 1484 καὶ
1007 1417 1198 1501 προσόδους
1209 1436 1272 1483 1475
1304 1455 1305 1504 χ

185 1523 220 1590 ἐκ
242 1525 370 1592 τούτων
391 1525 516 1611 ὑπῆρχε
544 1524 740 1608 λαμβάνειν·
769 1522 833 1588 ἀπὸ
857 1523 920 1608 γάρ
942 1532 1011 1588 τῶν
1034 1521 1197 1588 ἐναντίων
1304 1505 1305 1524 ¹

184 1630 291 1695 πάντα
304 1629 344 1693 τὰ
353 1625 477 1694 τοιαῦτ’
492 1628 653 1711 ἐγίγνετο·
668 1624 741 1694 οὐδ’
755 1627 806 1693 ὅτι
815 1629 938 1713 ταύτην
947 1626 1196 1714 ἀσφαλεστέραν

185 1737 246 1818 την
268 1736 462 1819 προαίρεσιν
486 1726 591 1799 οὖσαν
618 1730 719 1818 έῶρα·
741 1736 886 1810 πολλοὺς
907 1734 971 1820 γάρ
993 1732 1049 1799 καλ
1071 1737 1195 1820 προδή-

184 1844 263 1914 λους
285 1834 350 1924 εἶχε
373 1838 564 1923 κινδύνους,
587 1838 646 1915 οὓς
669 1837 850 1922 ἀναγκαῖον
872 1833 916 1923 ἦν
938 1839 1114 1924 ὑπομεῖναι
1135 1843 1195 1906 τὸν

184 1939 267 2032 ὑπὲρ
290 1955 350 2010 τοῦ
374 1946 482 2030 δημου
501 1942 610 2032 λέγειν
628 1945 907 2032 προαιρούμενον·
931 1941 1003 2010 ἀλλ’
1025 1944 1076 2010 ότι
1094 1947 1195 2030 δημο-

157 2053 273 2128 4τικὸς
295 2049 350 2116 καὶ
372 2052 472 2136 φύσει
489 2053 629 2138 χρηστὸς
646 2051 731 2136 ἀνὴρ
749 2047 801 2136 ἦν.
842 2055 949 2117 καίτοι
970 2053 1086 2138 παρὼν
1109 2049 1193 2137 ἑώρα

184 2161 262 2235 τοὺς
284 2153 345 2241 μέν
368 2159 601 2242 βοηθήσαντας
619 2157 661 2222 ἀν
679 2167 724 2246 τςό
745 2159 851 2247 δημφ,
875 2158 1029 2235 ἀσθενεῖς
1051 2156 1106 2223 ἐπὶ
1127 2170 1194 2234 τοῖς

185 2266 429 2348 συμβεβηκόσιν
444 2264 551 2348 όντας,
570 2265 648 2340 τοὺς
666 2259 703 2328 δὲ
721 2262 879 2330 τάναντία
896 2265 1097 2350 πράττοντας
1114 2263 1193 2330 κατδ

184 2365 279 2435 πάντ’
312 2367 528 2454 ἐρρωμένους.
582 2365 654 2434 ἀλλ’
689 2369 777 2453 ὅμως
812 2365 911 2436 οὐδὲν
940 2365 1039 2454 ἧττον
1071 2369 1193 2446 ἐκεῖνος

185 2481 288 2560 είχετο
311 2475 439 2540 τούτων
462 2475 483 2540 ά
507 2474 688 2561 συμφέρειν
706 2476 817 2559 ἡγεῖτο
840 2483 885 2563 τῷ
910 2477 1016 2564 δήμῳ,
1038 2473 1093 2540 καὶ
1115 2477 1192 2561 μετὰ

184 2577 273 2645 ταῦτ’
306 2579 433 2657 ἀόκνως
459 2580 515 2647 καλ
542 2578 648 2664 λέγων
674 2578 730 2646 καὶ
756 2581 909 2667 πράττων
936 2580 956 2646 δ
983 2578 1122 2667 προσῆκ’
1152 2575 1191 2666 ἦν

185 2687 343 2770 φανερός,
370 2683 422 2772 ἐφ’
449 2679 499 2764 οἷς
526 2687 630 2763 εὐθὺς
657 2685 813 2774 ἐξητεῖθ’,
841 2687 885 2764 ὡς
911 2687 1052 2764 ἀπαντες
1075 2694 1191 2753 ἴσασιν.

157 2809 170 2852 ι
248 2787 435 2856 Ἐπέστειλα
458 2788 519 2876 μέν
543 2786 605 2858 οὖν
628 2792 681 2876 ἀν,
705 2795 813 2878 ὥσπερ
841 2788 935 2858 εἷπον
958 2791 995 2857 έν
1018 2791 1118 2878 ἀρχῇ,
1139 2791 1191 2858 καλ

186 2897 241 2962 διά
263 2897 324 2981 τὴν
347 2895 475 2963 ἐκείνου
498 2898 608 2985 χάριν·
639 2899 679 2965 ού
709 2901 775 2983 μὴν
804 2897 888 2962 ἀλλά
916 2896 972 2962 καὶ
998 2898 1079 2983 ὑμίν
1101 2903 1191 2985 νομί-

187 3006 250 3082 ζων
278 3001 460 3090 συμφέρειν
487 3005 544 3080 τάς
570 3005 659 3092 παρά
685 3016 754 3082 τοῖς
781 3003 842 3083 ἔξω
869 3003 1067 3089 γιγνομένας
1095 3005 1188 3071 ἐπιτι

186 3111 299 3194 μησεις
321 3107 462 3192 εἰδέναι,
489 3113 600 3197 πολλῶ
629 3112 883 3196 προθυμότερον
905 3111 988 3196 πρὸς
1009 3112 1047 3176 τὸ
1070 3107 1189 3195 πέμψαι

185 3217 247 3300 τὴν
270 3203 446 3298 ἐπιστολὴν
469 3216 576 3301 ἐσχον.
620 3225 841 3302 παραιτοῦμαι
864 3210 902 3280 δέ
923 3218 1001 3292 τοὺς
1023 3217 1093 3304 ἰδίᾳ
1113 3219 1190 3304 πρὸς

187 3321 315 3386 ἐκεῖνον
343 3322 477 3406 ἔχοντας
504 3322 688 3404 δυσκόλως,
715 3320 891 3404 ὑπομείναι
918 3319 1046 3406 τάληθῆ
1073 3320 1128 3387 καὶ
1152 3323 1188 3388 τδ

187 3423 285 3491 δίκαι’
320 3425 454 3493 ἀκούειν
484 3423 567 3512 ὑπὲρ
597 3427 708 3493 αὐτοῦ.
758 3421 797 3492 εὖ
826 3427 889 3514 γάρ
925 3423 987 3492 ἴστ’
1020 3423 1046 3492 ὦ
1076 3429 1188 3514 ἀνδρες

183 3527 374 3616 Ἀθηναῖοι,
403 3532 454 3598 ὅτι
483 3542 547 3598 νῦν
577 3531 612 3598 ἐκ
640 3544 707 3599 τῶν
736 3530 811 3615 περὶ
840 3535 918 3610 τοὺς
945 3534 1065 3610 παῖδας
1091 3533 1187 3600 αύτοῶ
