2654 3926
440 159 537 210 ΚΑΤΑ
554 159 754 212 mmor
770 159 802 210 A.
1092 158 1134 222 73

14 371 15 382 ,
118 315 203 399 ὑμῖν
222 314 351 402 ἐμφανῆ
371 326 517 402 ποιῆσαι,
539 321 574 383 τί
588 313 632 404 ῆν
651 317 876 404 ἁπλούστερον
894 318 916 404 ῆ
933 315 1023 385 ταῦτ’
1041 320 1135 402 ἄγειν

77 443 104 484 ιτ
119 423 170 498 είς
197 419 313 507 μέσους
338 419 500 509 Ἀθήνησι
527 421 588 509 μὲν
610 428 727 492 τοίνυν
749 426 767 491 ὁ
789 426 896 510 πατὴρ
925 423 1135 508 ἐτελεύτησεν

119 526 236 612 οὑμός,
259 527 406 612 ἐγίγνετο
425 525 455 596 δ’
472 529 493 614 ῆ
513 526 610 596 δίαιτ’
633 529 670 596 ἐν
688 538 727 615 τῆ
745 534 878 618 ποικίλη
897 537 990 618 στοᾷ,
1012 553 1135 616 μεμαρ-

118 635 282 718 τυρήκασι
312 631 343 700 δ’
374 630 468 702 οὗτοι
496 633 650 723 παρέχειν
676 637 715 701 τὸ
744 646 967 723 γραμματεῖον
993 631 1135 721 Ἀμφίαν

119 741 204 825 πρὸς
225 741 285 805 τὸν
313 740 493 825 διαιτητήν.
539 741 664 808 οὐκοῦν
686 747 777 827 είπερ
800 738 924 826 ἀληθὲς
945 736 1007 827 ἦν,
1034 740 1134 826 ἐχρῆν

121 845 204 911 αὐτὸ
227 846 264 910 τὸ
287 857 511 932 γραμματεῖον
533 849 582 924 είς
603 849 662 914 τὸν
686 845 797 932 ἐχῖνον
820 846 976 931 ἐμβαλεῖν
998 845 1134 914 καὶτὸν

119 949 306 1037 παρέχοντα
329 962 524 1038 μαρτυρεῖν,
547 950 591 1018 ἵν’
618 951 655 1017 ἐκ
676 960 733 1036 τῆς
755 951 913 1036 ἀληθείας
934 951 990 1018 καὶ
1011 961 1072 1019 τοῦ
1094 954 1134 1018 τὰ

121 1055 229 1142 σημεῖ’
252 1058 350 1140 ἰδεῖν,
373 1058 409 1123 οί
428 1053 490 1143 μὲν
508 1055 659 1123 δικασταὶ
680 1059 718 1123 τὸ
736 1054 859 1144 πρᾶγμ’
885 1060 1048 1142 ἔγνωσαν,
1070 1057 1134 1142 ἐγὼ

81 1201 108 1242 10
122 1160 155 1228 δ’
181 1168 216 1229 εί
228 1186 278 1239 τις
295 1163 402 1246 ῆδίκει
419 1160 470 1247 μ’,
492 1161 546 1229 ἐπὶ
567 1171 687 1230 τοῦτον
704 1156 757 1250 ᾖα.
788 1172 854 1230 νῦν
873 1161 904 1229 δ’
925 1155 973 1241 εἷς
994 1160 1055 1248 μὲν
1077 1165 1134 1230 οῦ-

123 1266 193 1346 δελς
224 1269 304 1335 δλον
333 1269 372 1335 τὸ
402 1265 524 1354 πρᾶγμ’
557 1266 750 1352 ἀνεδέξατο,
780 1266 860 1335 οὐδὲ
886 1270 1135 1355 μεμαρτύρηκεν

9 1435 11 1444 ,
122 1372 251 1459 ἅπλῶς,
274 1375 318 1452 ὡς
340 1376 383 1440 άν
405 1398 454 1451 τις
475 1373 603 1459 τάληθῆ
626 1377 861 1461 μαρτυρῆσειε,
883 1372 981 1462 μέρος
1004 1373 1035 1442 δ’
1062 1374 1135 1440 ἕκα-

9 1461 12 1498 ’
123 1501 214 1566 στος,
241 1480 286 1557 ὡς
308 1480 350 1563 δὴ
374 1481 477 1565 σοφὸς
499 1479 554 1547 καὶ
577 1482 633 1547 διδι
655 1479 743 1548 τοῦτ’
771 1481 812 1548 οὐ
836 1482 953 1547 δώσων
977 1481 1092 1564 δίκην,
1114 1479 1133 1548 δ

123 1584 184 1673 μὲν
206 1597 429 1673 γραμματεῖον
447 1589 535 1672 ἔχειν
558 1583 610 1672 ἐφ’
632 1579 659 1675 ηδ
682 1587 872 1674 γεγράφθαι
894 1589 1038 1672 διαθήκη
1062 1591 1134 1652 Πα-

124 1696 259 1777 σίωνος,
282 1693 301 1758 δ
325 1689 362 1758 δὲ
384 1691 550 1777 πεμφθεὶς
569 1693 634 1759 ὑπὸ
657 1693 777 1760 τούτου
799 1691 955 1780 παρέχειν
977 1690 1081 1776 τοῦτ’,
1103 1694 1135 1758 εί

84 1837 110 1877 1⁹
125 1794 156 1864 δ’
183 1795 306 1883 ἀληθὲς
332 1798 514 1884 ῆγεῦδος,
542 1794 643 1865 οὐδὲν
670 1797 803 1864 είδέναι.
840 1797 908 1885 οἱδὶ
931 1795 969 1865 δὲ
991 1807 1030 1884 τῆ
1053 1819 1133 1884 προ-
1144 1815 1210 1866 1107

124 1908 238 1990 κλῆσει
255 1905 457 1991 χρησάμενοι
474 1904 752 1992 παραπετάσματι,
772 1907 934 1990 διαθῆκας
952 1902 1134 1991 ἐμαρτύρη-

7 2021 10 2027 “
125 2027 200 2095 σαν,
223 2010 268 2087 ὡς
289 2009 332 2076 δν
355 2008 490 2095 μάλισθ’
518 2011 554 2076 οί
573 2006 635 2095 μὲν
658 2009 808 2077 δικασταὶ
832 2011 956 2094 ταύτην
977 2011 1039 2095 τῆν
1062 2012 1134 2076 δια-

124 2118 236 2200 θῆκην
250 2114 445 2181 ἐπίστευσαν
458 2125 519 2182 τοῦ
532 2116 655 2201 πατρὸς
667 2111 764 2199 εἶναι,
778 2115 842 2199 ἐγὼ
857 2113 890 2180 δ’
912 2114 1133 2200 ἀπεκλείσθην

125 2231 187 2288 τοῦ
210 2223 312 2302 λόγου
334 2232 445 2306 τυχεῖν
468 2216 551 2305 ὑπὲρ
574 2215 622 2285 διν
639 2219 829 2306 ἀδικοῦμαι,
851 2217 945 2288 οὗτοι
967 2217 1004 2286 δέ
1022 2245 1133 2306 φωρα-

125 2333 221 2392 θεῖεν
243 2325 283 2390 τδι
304 2325 410 2410 ψευδῆ
425 2329 716 2410 μεμαρτυρηκότες.
752 2333 859 2392 καίτοι
876 2330 913 2393 τό
932 2323 963 2409 γ’
982 2325 1134 2392 ἐναντίον

126 2431 234 2522 η’ίοντο
257 2432 387 2497 τούτου.
423 2431 480 2495 ίνα
507 2427 538 2494 δ’
565 2427 673 2514 εἰδῆθ’
701 2430 752 2495 ὅτι
779 2427 870 2496 ταῦτ’
899 2429 1009 2517 ἀληθῆ
1037 2429 1134 2518 λέγω,

126 2533 207 2622 λαβὲ
228 2538 290 2622 τῆν
313 2545 373 2603 τοῦ
396 2538 661 2622 Κηφισοφῶντος
683 2540 877 2621 μαρτυρίαν.

533 2729 723 2783 MAPTTPIA.

237 2861 427 2939 Κηφισοφῶν
456 2859 650 2937 Κεφαλίωνος
676 2854 849 2936 Ἀφιδναῖος
880 2865 1025 2942 μαρτυρεῖ
1048 2882 1134 2922 κατα·

170 2961 334 3037 λειφθῆναι
351 2955 431 3043 αὐτῷ
449 2954 509 3018 δπδ
527 2963 581 3018 τοῦ
598 2955 707 3036 πατρὸς
725 2961 933 3037 γραμματεῖον,
955 2952 1004 3035 ἐφ’
1026 2945 1050 3043 ᾧ
1073 2956 1135 3019 ἔπι-

170 3055 340 3137 γεγράφθαι
363 3053 495 3133 διαθήκη
518 3055 685 3126 Πασίωνος.

88 3209 114 3251 ,0
196 3173 329 3240 Οὐκοῦν
352 3167 395 3258 ῆν
418 3171 546 3239 διπλοῦν
569 3167 595 3237 ὦ
618 3174 738 3260 ἀνδρες
760 3175 924 3256 δικασταί,
951 3175 1011 3239 τὸν
1032 3183 1135 3240 ταῦτα

127 3288 358 3365 μαρτυροῦντα
371 3286 664 3366 προσμαρτυρῆσαι
683 3275 786 3344 ἐἶναι
800 3275 838 3344 δέ
850 3281 888 3345 τὸ
902 3291 1135 3366 γραμματεῖον,

127 3384 145 3450 δ
169 3385 268 3461 αὐτὸς
290 3382 434 3471 παρέχει,
456 3383 582 3467 τοῦτο’,
604 3381 714 3449 καὶτὸ
732 3394 954 3467 γραμματεῖον
972 3381 1135 3469 ἐμβαλεῖν.

126 3489 211 3555 ἀλλά
234 3500 330 3556 τοῦτο
354 3486 415 3572 μὲν
437 3484 529 3574 οἶμαι
557 3491 595 3556 τὸ
624 3490 748 3569 ψεῦδος
769 3487 872 3572 ἡγεῖτ’
901 3488 1001 3573 ὀργῆς
1029 3487 1133 3568 άξιον,
