2650 3918
504 193 694 248 ΠΡοοωιΙΑ.
721 195 817 250 11-v.
1099 193 1165 265 36η

637 373 782 434 Δ,

190 505 327 576 ’,Ἔστιν
346 503 371 575 ὦ
391 509 510 596 ἄνδρες
523 505 696 594 Ἀθηναῖοι
716 513 859 595 δίκαιον,
878 510 990 594 ἐπειδὴ
1010 501 1062 597 ἐφ’
1084 496 1166 596 ὑμῖν
1293 494 1296 499 ’

154 615 243 683 ἔστιν
267 614 405 682 ἑλέσθαι
419 626 486 681 των
504 613 676 701 ῥηθέντων
699 615 718 681 ὅ
741 640 773 708 τι
795 615 837 682 ἂν
859 614 1040 701 βούλησθε,
1063 611 1164 682 ὑπάν-

154 747 221 789 των
244 721 393 788 ἀκούσαι.
430 717 569 807 καὶγὰρ
598 720 756 798 πολλάκις
783 724 958 806 συμβαίνει
980 723 1039 787 τὸν
1062 719 1165 788 αὑτὸν

153 829 334 915 ἄνθρωπον
355 836 454 893 τοῦτο
478 821 539 910 μὲν
567 828 611 912 μη
639 824 748 910 λέγειν
772 819 898 912 ὀρθῶς,
922 825 1035 913 ἕτερον
1058 817 1099 891 δέ
1117 848 1163 893 τι·

153 934 190 1000 ἐκ
204 930 265 1018 μὲν
278 928 341 1000 οὑν
353 943 414 999 τοῦ
428 935 591 1017 θορυβεῖν
605 929 676 1018 τάχ’
694 931 736 998 δν
756 932 1018 1018 δυσχεράναντες
1030 936 1164 998 πολλῶν

151 1044 329 1126 χρησίμων,
345 1037 633 1124 άποστερηθείητε,
656 1031 693 1103 ἐκ
715 1034 754 1103 δὲ
775 1047 836 1105 τοῦ
858 1038 939 1122 μετὰ
960 1040 1087 1121 κόσμου
1109 1036 1163 1102 καὶ

152 1155 246 1230 σιγῆς
268 1145 421 1229 ἀκοῦσαι,
442 1141 498 1209 καὶ
520 1144 560 1208 τδι
582 1147 690 1220 καλῶς
713 1141 827 1230 ἔχονθ’
849 1145 977 1210 ἅπαντα
1000 1145 1164 1227 ποιήσετε,

151 1249 214 1315 κάν
238 1252 319 1335 δοκῇ
342 1274 391 1327 τις
417 1254 637 1336 ταραληρεῖν,
662 1253 889 1337 παραλείψετε.
926 1248 990 1333 ἐγὼ
1018 1245 1079 1333 μὲν
1102 1245 1165 1316 οὑν

152 1352 222 1420 οὔτ’
249 1360 354 1424 εἴωθα
381 1360 617 1440 μακρολογεῖν,
645 1351 714 1421 οὔτ’
741 1353 799 1438 δν,
827 1357 858 1420 εί
883 1355 943 1420 τδν
965 1355 1068 1421 άλλον
1090 1357 1163 1420 είώ-

151 1467 228 1526 θειν
246 1461 382 1547 χρόνον,
404 1469 469 1526 νῦν
491 1459 681 1547 ἐχρησάμην
702 1461 821 1550 τούτῳ,
843 1458 915 1526 ἀλλ’
938 1461 958 1526 δ
982 1457 1164 1546 συμφέρειν

150 1565 232 1650 ὑμῖν
253 1569 393 1651 νομίζω,
419 1563 530 1632 ταῦθ”
545 1566 589 1644 ὡς
617 1565 659 1632 δν
687 1566 838 1650 δύνωμαι
866 1566 921 1632 διά
948 1565 1163 1652 βραχυτάτων

95 1664 99 1671 ’
153 1671 215 1757 ἐρῶ
238 1675 320 1759 πρὸς
342 1672 436 1756 ὑμᾶς.
1150 1665 1155 1674 ’

214 1934 297 2022 Ὁρω
321 1931 383 2020 μὲν
405 1931 432 2002 ὦ
455 1938 576 2023 ἄνδρες
589 1933 763 2021 Ἀθηναῖοι
785 1935 972 2004 παντάπασι
993 1939 1163 2025 πρόδηλον

153 2044 205 2126 ὄν,
228 2042 286 2118 ούς
308 2038 336 2105 τ’
363 2041 405 2107 ἂν
429 2040 602 2109 ἀκούσαιτε
626 2044 746 2125 λόγους
768 2039 889 2125 ἡδέως,
914 2040 970 2108 καὶ
995 2045 1078 2129 πρὸς
1104 2042 1163 2119 οὑς

153 2147 216 2215 οὐκ
238 2149 367 2222 οἰκείως
389 2147 490 2230 ἔχετε·
515 2145 556 2211 ού
582 2147 649 2230 μην
677 2145 760 2212 ἀλλὰ
786 2148 823 2213 τὸ
851 2143 912 2231 μδν
938 2145 1048 2230 λέγειν
1070 2147 1093 2213 ά
1114 2171 1163 2224 τις

155 2259 257 2318 οῖεται
279 2257 479 2337 χαριεῖσθαι,
501 2261 569 2316 τῶν
586 2252 886 2338 παρακρούσασθαῖ
900 2274 932 2317 τι
950 2249 1163 2338 βουλομένων

153 2352 240 2423 εἶναι
268 2359 408 2440 νομίζω,
441 2357 479 2422 τὸ
509 2352 539 2420 δ’
573 2354 797 2440 ὑφίστασθαι,
828 2353 905 2443 περὶ
935 2350 982 2422 ὧν
1010 2356 1164 2424 πέπεικεν

154 2461 274 2533 ἑαυτὸν
292 2458 473 2546 συμφέρειν
490 2469 529 2546 τῇ
547 2463 653 2544 πόλει,
674 2458 731 2526 καὶ·
746 2465 982 2547 θορνβηθῆναι
1000 2461 1063 2528 κᾶν
1081 2463 1164 2530 ἄλλο

153 2593 185 2635 τι
207 2563 370 2654 βούλησθ’
397 2565 507 2650 ὑμεῖς,
532 2566 634 2632 εὔνου
661 2563 717 2632 καὶ
744 2568 875 2658 δικαίου
901 2575 1011 2634 τοῦτο,
1025 2571 1165 2650 πολίτου

127 2679 267 2762 εκρίνω.
302 2676 488 2759 βουλοίμην
507 2669 537 2737 δ’
559 2670 602 2738 δν
620 2671 716 2756 ὑμᾶς,
738 2673 770 2737 εί
786 2669 842 2737 καὶ
863 2668 947 2757 μηδὲ
970 2670 1015 2738 δι’
1037 2674 1074 2740 ἓν
1096 2686 1163 2740 τῶν

153 2783 277 2864 ἄλλων,
300 2775 344 2845 δι’
372 2778 479 2845 ἐκεῖνο
506 2777 683 2862 ὑπομεῖναι
709 2780 787 2854 τοὺς
813 2780 934 2861 λόγους
956 2775 1166 2868 ἀμφοτέρων,

154 2883 198 2951 ἵν’
219 2885 278 2951 ἐὰν
296 2881 357 2969 μὲν
376 2885 560 2971 ὀρθότερον
578 2892 667 2969 φανῇ
686 2906 735 2960 τις
753 2880 860 2967 λέγων
879 2878 925 2961 ὧν
943 2884 1037 2970 ὑμεῖς
1055 2887 1164 2972 ὡρμή-

154 3013 242 3073 κατε,
264 2992 433 3075 χρήσησθε
455 2991 573 3080 τούτῳ,
595 2987 638 3054 διν
657 2986 688 3054 δ’
711 2987 898 3077 ἀπολειφθῇ
917 2989 973 3058 καὶ
994 2993 1039 3076 μὴ
1063 2991 1164 3077 δύνη-

154 3119 208 3163 ται
231 3094 373 3180 διδάξαι,
395 3094 439 3162 δι’
461 3095 575 3180 αὑτὸν,
598 3093 682 3160 άλλδι
703 3096 748 3180 μη
772 3089 816 3160 δι’
838 3095 923 3180 ὑμᾶς
945 3097 1006 3164 ούκ
1029 3095 1164 3163 ἐθέλον-

154 3227 212 3281 τας
225 3200 359 3267 ἀκούειν
373 3211 470 3267 τοῦτο
483 3189 687 3267 πεπονθέναι
701 3202 792 3286 δοκῇ.
825 3203 872 3266 ἔτι
887 3197 918 3269 δ’
932 3198 1011 3268 οὐδὲ
1024 3199 1159 3270 πάθοιτ’

155 3309 198 3375 διν
225 3303 324 3392 ἀηδὲς
349 3301 450 3371 οὐδὲν
476 3315 652 3389 τοσοῦτον,
679 3307 711 3370 εί
735 3306 842 3372 πολλά
868 3329 958 3383 τινος
984 3314 1165 3393 ληροῦντος

156 3413 342 3495 ἀκούσαιτε,
361 3410 442 3476 ὅσον
461 3412 492 3475 εί
507 3421 574 3476 τῶν
593 3412 739 3476 δεόντων
757 3433 789 3476 τι
807 3407 916 3493 λέγειν
930 3413 1063 3495 ἔχοντός
1075 3434 1165 3488 τινος
1176 3424 1243 3474 ιιεε

129 3539 142 3580 ι
156 3522 261 3586 είπεῖν
274 3517 465 3585 κωλύσαιτε.
492 3515 513 3598 ἡ
527 3511 588 3599 μὲν
602 3509 665 3582 οὑν
679 3513 762 3602 άρχη
780 3525 840 3582 τοῦ
854 3515 1041 3599 δοκιμάζειν
1054 3515 1165 3601 ὀρθῶς
