2658 3914
199 129 264 193 178
524 133 556 186 L.
584 129 888 202 [ΔΗΜοΣοααουΣ]

160 361 162 368 ,
198 289 445 376 ἀποπλεύσομαι
464 284 526 356 οὖν
542 290 644 356 πάλιν
661 290 705 367 ὑς
722 292 782 357 τὸν
805 289 988 382 στρατηγὸν
1009 290 1057 366 είς
1071 287 1205 355 Θάσον.’

158 411 184 453 ⁵⁰
197 394 252 462 καὶ
284 396 396 481 ἐπειδή
425 394 585 481 ἐνέβησαν
613 396 648 462 οί
671 405 807 480 ναῦται,
835 393 920 478 λέγω
947 401 993 482 τῷ
1020 398 1206 481 κυβερνήτῃ

197 501 358 568 ἀποπλεῖν
384 505 442 580 είς
457 503 519 585 τὴν
547 501 669 568 Θάσον.
714 499 943 585 ἀντιλέγοντος
969 495 1008 566 δὲ
1034 511 1094 567 τοῦ
1117 504 1206 567 Καλ-

196 611 318 674 λίππου
348 606 403 674 καλ
429 609 622 685 κελεύοντος
647 612 743 674 πλεῖν
765 609 812 685 είς
833 608 893 692 τήν
915 606 1150 690 Μακεδονίαν,
1173 598 1209 674 οἶ

195 713 394 799 προσέταξεν
416 714 437 782 δ
458 715 652 801 στρατηγός,
680 712 890 800 ἀποκρίνεται
912 711 1001 799 αὐτῷ
1024 714 1205 779 Ποσείδιπ-

145 902 146 914 ρ
194 839 256 896 πος
283 819 302 887 δ
329 822 548 906 κυβερνήτης,
579 819 638 884 ότι,
659 821 853 905 τριήραρχός
879 841 913 884 τε
944 817 1008 902 ἐγὼ
1037 827 1095 904 τῆς
1123 819 1204 895 νεὼς

195 931 268 1008 είην
295 923 349 1002 καὶ
376 926 586 1007 ὑπεύθυνος,
609 923 747 990 καὶτὸν
770 926 894 1008 μισθὸν
916 920 992 1010 παρ’
1020 922 1102 1008 ἐμοῦ
1124 929 1204 1008 λαμ·

195 1031 308 1114 βάνοι·
337 1032 513 1097 πλεύσοιτο
540 1024 603 1096 οὖν
630 1021 666 1095 οἷ
691 1029 755 1113 ἐγὼ
783 1030 926 1114 κελεύω,
954 1031 1002 1106 είς
1025 1029 1138 1098 Θάσον
1161 1031 1204 1108 ὡς

156 1150 181 1191 ⁵1
194 1138 254 1202 τὸν
277 1139 470 1224 στρατηγόν.
510 1134 721 1221 ἀφικομένων
745 1134 776 1201 δ’
801 1136 896 1220 ἡμῶν
917 1143 957 1221 τῇ
979 1135 1137 1224 ὑστεραίᾳ
1158 1139 1204 1214 είς

194 1243 255 1326 τήν
279 1243 409 1328 Θάσον,
434 1239 676 1327 μεταπέμπεταί
699 1264 739 1326 με
761 1242 781 1309 ὑ
808 1242 1010 1328 Τιμόμαχος,
1040 1236 1081 1313 οὗ
1107 1245 1203 1326 κατή-

194 1371 269 1432 γετο
288 1350 349 1427 ἔξω
369 1353 506 1434 τείχους.
536 1349 746 1434 φοβούμενος
764 1344 795 1414 δ’
817 1347 882 1432 ἐγὼ
904 1347 949 1432 μή
974 1349 1109 1433 δεθείην
1132 1349 1203 1413 δια-

194 1453 332 1540 βληθεὶς
352 1455 418 1521 ὑπὸ
437 1463 497 1520 τοῦ
515 1456 725 1537 Καλλίππου,
746 1453 846 1531 αὑτὸς
867 1449 928 1538 μὲν
951 1453 1012 1540 ούχ
1035 1453 1203 1539 ὑπακούω,

195 1557 278 1623 άλλδι
300 1556 385 1642 λέγω
408 1567 452 1647 τῷ
481 1557 626 1645 ὑπηρέτῃ
653 1559 704 1624 ὅτι
732 1564 768 1625 εί
784 1583 817 1625 τι
839 1560 994 1644 βούλοιτό
1016 1583 1074 1644 μοι
1096 1558 1203 1625 διαλέ-

194 1670 330 1748 γεσῦαι,
353 1663 390 1730 ἐν
411 1672 450 1750 τῇ
474 1663 580 1751 ἀγορᾷ
602 1667 733 1758 έσομαι,
755 1667 814 1731 τὸν
837 1660 875 1730 δὲ
896 1666 999 1732 παῖδα
1021 1664 1202 1750 συμπέμπω

142 1777 143 1782 ’
195 1767 302 1857 αὐτῷ,
331 1765 375 1835 ἀν’
402 1774 437 1834 εί
461 1772 496 1835 τί
522 1792 579 1854 μοι
601 1769 816 1855 προστάττοι,
843 1769 987 1849 ἀκούσας
1009 1768 1203 1862 ἀπαγγείλαι

155 1890 180 1932 τε
194 1896 260 1959 μοι.
297 1873 353 1939 διά
370 1870 432 1958 μὲν
449 1875 644 1952 ταύταςτὰς
662 1876 767 1952 αἰτίας
790 1871 816 1940 ὦ
839 1876 958 1962 ἀνδρες
981 1876 1142 1962 δικασταί,
1165 1877 1203 1956 ἀς

194 1985 309 2066 είρηκα
334 1982 417 2066 πρὸς
444 1979 546 2064 ὑμᾶς,
575 1979 593 2047 δ
620 1982 805 2068 Τιμόμαχος
827 1981 889 2048 οὐκ
916 1981 1076 2065 ήνάγκαζε
1098 2004 1202 2068 παρα-

193 2085 376 2170 λαμβάνειν
406 2094 526 2152 τοῦτον
557 2085 618 2170 τήν
644 2096 746 2170 ναῦν,
777 2088 826 2152 ἔτι
852 2083 890 2154 δὲ
916 2084 973 2155 καὶ
999 2090 1202 2172 βουλόμενος

193 2191 293 2270 αὐτὸς
318 2198 464 2278 χρῆσθαι
492 2199 531 2276 τῇ
560 2189 617 2274 νηί
645 2190 690 2268 ὑς
716 2193 833 2277 ἀριστα
858 2193 1013 2279 πλεούση.
1057 2193 1118 2278 τήν
1140 2189 1201 2277 μὲν

193 2299 256 2384 γάρ
281 2301 367 2380 [τοῦ]
399 2298 615 2383 Θρασυλόχου
642 2307 702 2363 τοῦ
726 2292 966 2383 Ἀναγυρασίου
988 2300 1122 2384 τριήρη,
1145 2296 1197 2384 ἐφ’

193 2398 231 2488 ἧς
253 2404 352 2481 αὐτὸς
374 2406 476 2487 ἔπλει,
496 2404 556 2469 τὸν
571 2403 788 2488 Θρασύλοχον
809 2411 855 2491 τιβ
870 2405 1052 2494 Καλλίππῳ
1075 2411 1201 2490 μισθῶ-

194 2528 249 2574 σαι
280 2511 342 2592 τήν
372 2511 588 2595 τριηραρχίαν
619 2510 765 2592 ἔπεισεν,
795 2505 839 2574 ἵν’
871 2509 1081 2596 αὐτοκράτωρ
1111 2510 1201 2577 ὢνδ

193 2615 386 2692 Κάλλιππος
410 2624 469 2700 τῆς
489 2615 573 2690 νεὼς
600 2614 752 2700 περιάγοι
773 2615 833 2680 τὸν
855 2617 1119 2701 Καλλίστρατον·
1142 2616 1201 2680 αύ-

193 2720 248 2794 τὸς
271 2715 303 2783 δ’
326 2717 451 2804 ἀναβὰς
470 2716 523 2785 ἐπὶ
545 2719 606 2802 τήν
630 2717 712 2804 ἐμήν
734 2727 820 2785 ναῦν
842 2717 1009 2805 περιέπλει
1030 2734 1201 2807 πανταχοῖ,

194 2823 255 2900 ἕως
276 2823 411 2908 ἀφίκετο
433 2826 481 2902 είς
498 2822 750 2908 Ἑλλήσποντον.
916 2889 918 2894 .

155 2946 180 2988 οι
256 2927 388 3014 Ἐπειδὴ
411 2926 442 2995 δ’
469 2927 580 2996 ούκέτι
601 2933 694 3016 χρεία
715 2926 758 3016 ἦν
776 2930 864 3019 αύτῷ
887 2933 1045 3018 τριήρων,
1066 2931 1199 3018 έμβιβά-
1209 2955 1272 3006 1223
1308 2913 1309 3008 J

193 3051 253 3112 σας
270 3057 328 3120 μοι
345 3038 494 3102 Λυκῖνον
512 3036 571 3101 τὸν
589 3035 769 3121 Παλληνέα
785 3037 930 3124 άρχοντα
951 3039 999 3114 είς
1020 3038 1082 3123 τήν
1102 3049 1199 3125 ναῦν,

193 3138 249 3206 καί
266 3138 462 3227 ,προστάξας
493 3138 580 3227 αὐτῷ
608 3140 685 3207 καθ’
718 3140 844 3229 ἡμέραν
875 3141 1037 3230 ἀργύριον
1068 3144 1199 3212 διδόναι
1308 3189 1309 3192 =

193 3256 262 3324 τοῖς
287 3247 441 3329 ναύταις,
470 3243 631 3313 ἀποπλεῖν
660 3247 776 3316 οῖκαδέ
794 3271 835 3334 με
861 3247 1042 3316 ἐκέλευσεν.
1087 3249 1199 3336 ἐπειδή
1308 3257 1309 3334 j

192 3354 308 3418 τοίνυν
325 3349 562 3429 καταπλέοντες
583 3355 695 3419 οίκαδε
717 3349 800 3438 ήμεν
823 3353 860 3420 έν
883 3354 1024 3444 Τενέδῳ,
1045 3353 1101 3421 καὶ
1123 3357 1198 3423 οὔτε
1308 3341 1309 3346 ¹

193 3458 398 3543 δΛυκῖνος,
427 3449 453 3546 ηδ
482 3454 681 3543 προσέταξεν
710 3459 729 3526 δ
757 3462 959 3546 Τιμόμαχος,
987 3459 1102 3528 ἐδίδου
1130 3473 1200 3540 τοῖς
