2658 3914
170 134 233 200 102
459 140 568 190 nvn.
592 135 898 208 [Δακοεοεαουε]

168 297 324 381 βαίνουσι,
352 299 525 382 διαθηκῶν
553 291 590 362 δὲ
618 297 669 364 οὔ.
714 299 835 364 τούτου
865 298 928 384 γάρ
959 295 1054 363 ἕνεκα
1082 320 1182 362 κατα-

168 407 340 469 λείπουσιν
365 404 401 470 οί
426 401 671 488 διατιθέμενοι,
702 403 758 469 ἵνα
785 401 899 488 μηδεὶς
925 405 998 489 είδή
1026 402 1047 469 ά
1078 404 1181 468 διατί-

150 515 293 574 ’θενται
339 521 408 586 πῶς
431 504 493 576 οὖν
519 509 613 592 ὑμεῖς
640 515 708 574 ἴστε
737 509 788 574 ὅτι
812 508 998 595 ἀντίγραφά
1021 508 1091 575 ἐστι
1112 519 1181 576 τῶν

169 615 340 699 διαθηκῶν
368 627 435 681 τῶν
465 619 642 692 Πασίωνος
671 614 712 680 τὰ
743 613 780 680 ἐν
810 623 857 703 τῷ
890 619 1098 705 γραμματείῳ
1126 637 1181 698 γε-

168 719 352 805 καιομένα

234 825 363 911 Δέομαι
386 822 448 894 οὖν
469 827 564 912 ὑμῶν
583 827 738 894 ἁπάντων
761 823 787 893 ὦ
810 829 929 914 ἄνδρες
952 826 1102 894 δικασταὶ
1123 825 1180 892 καὶ

158 931 303 1014 ίκετεύο
317 929 558 1018 βοηθήσαιμεν
577 932 661 1017 ἐμοί,
683 936 936 1020 τιμωρήσασθαι
951 929 988 999 δὲ
1000 936 1078 1010 τοὺς
1096 931 1180 1002 ἑτοί-

168 1061 237 1121 μας
254 1038 359 1116 οὕτως
376 1040 416 1104 τά
433 1041 540 1123 ψευδῆ
559 1051 819 1125 μαρτυροῦντας,
841 1038 924 1126 ὑπέρ
947 1064 983 1106 τε
1005 1041 1099 1124 ὑμῶν
1121 1040 1180 1106 αὐ-

167 1153 235 1208 τῶν
257 1141 312 1210 καὶ
336 1144 416 1230 ἐμοῦ
439 1143 494 1210 καὶ
516 1155 577 1212 τοῦ
600 1147 731 1212 δικαίου
754 1143 810 1212 καὶ
832 1157 900 1212 τῶν
922 1133 1045 1230 νόμον.

607 1443 742 1512 XLVII.

204 1583 347 1658 ΚΑΤΑ
372 1582 613 1659 ΕΤΕΡΓΟΤ
638 1585 734 1658 ΚΑΙ
759 1585 1146 1663 ΜΝΗΣΙΒΟΤΛΟΤ

424 1691 914 1771 ΨΕὙΔΟΜΑΡΤΤΡΙΩΝ.
1188 1733 1258 1783 1133

573 1881 773 1936 ΤΠΟΘΕΣΙΣ.

230 2002 445 2092 Ἐπτενγομένων
471 2003 642 2091 Ἀθηναίων
673 2011 716 2086 εἰς
738 2013 887 2094 στρατείαν
915 2011 1059 2094 ναυτικήν
1086 2011 1178 2076 ἐνέδει

167 2107 255 2187 σκεύη
273 2108 416 2190 τριηρικά.
451 2107 502 2169 καὶ
519 2109 661 2192 γράφεται
677 2108 831 2190 ψήφισμα,
849 2110 922 2171 κατὰ
939 2112 1026 2192 τάχος
1043 2109 1176 2194 εἰσπράτ-

165 2226 226 2266 τειν
254 2204 324 2279 τοὺς
357 2201 528 2284 ὀφείλοντας
561 2206 650 2284 σκεύη
679 2206 813 2288 τριηρικά
843 2219 879 2294 τῇ
909 2208 1004 2270 πόλει·
1036 2202 1117 2272 οὗτοι
1145 2203 1175 2271 δ’

167 2293 243 2381 ήσαν
268 2310 328 2363 τῶν
354 2303 638 2385 τετριηραρχηκόταν
667 2301 751 2377 τινές.
786 2301 873 2379 άλλος
903 2303 957 2385 μὲν
986 2297 1041 2368 οὖν
1070 2305 1177 2381 άλλους

165 2399 345 2482 εἰσπράττειν
372 2398 496 2481 ἐτάχθη,
524 2398 540 2462 ὁ
567 2397 599 2462 δὲ
626 2409 683 2462 νῦν
709 2400 761 2463 τὸν
787 2403 876 2484 λόγον
899 2401 991 2485 λέγων
1016 2405 1177 2486 Θεόφημον
1246 2393 1248 2398 ’

165 2493 215 2556 καί
243 2497 433 2578 Δημοχάρην.
473 2495 681 2578 άγνυμονοῦσι
709 2492 738 2560 δ’
770 2499 870 2573 αὐτοῖς
899 2500 987 2580 δίκην
1016 2501 1096 2584 ἔλαχε
1127 2502 1178 2564 καλ

165 2586 230 2653 εἷλε.
265 2591 315 2652 καὶ
338 2591 354 2655 ὁ
377 2590 430 2672 μὲν
448 2595 626 2677 Δημοχάρης
648 2593 844 2676 ἀποδέδυκεν,
868 2594 934 2658 ὅδὲ
955 2597 1113 2680 Θεόφημος
1136 2599 1178 2661 ἔτι

139 2688 401 2769 ιμεθοδευόμενος
419 2682 468 2772 ήν.
503 2691 717 2772 ψηφισαμένης
735 2689 768 2753 δὲ
785 2702 837 2772 τῆς
860 2695 970 2774 βουλῆς
993 2694 1049 2782 ὅτφ
1072 2719 1116 2770 τις
1137 2693 1177 2757 άν

165 2786 289 2864 δύνηται
319 2784 417 2872 τρόπφ
444 2786 513 2861 τοὺς
540 2784 711 2866 ὀφείλοντας
734 2788 929 2871 εἰσπράττειν,
958 2783 1029 2870 ήκεν
1052 2791 1100 2854 ἐπὶ
1121 2793 1176 2874 τήν

164 2883 261 2944 οἰκίαν
278 2891 331 2944 τοῦ
352 2883 514 2962 Θεοφήμου
537 2877 623 2958 οὗτος
642 2883 658 2947 ὁ
679 2895 738 2948 νῦν
761 2887 957 2967 δικαζόμενος.
994 2887 1028 2950 ἐκ
1050 2884 1079 2951 δ’
1104 2888 1176 2970 ἁψι-

165 2981 269 3062 μαχίας
285 2979 399 3063 πληγάς
418 2979 555 3060 ἀλλήλοις
573 2979 728 3063 ἐνέτειναν,
750 2981 800 3044 καὶ
818 2983 930 3059 αἰκείας
952 2979 1017 3048 κατ’
1042 2985 1176 3067 ἀλλήλοιν

164 3077 248 3151 δίκας
274 3075 459 3159 ἀπήνεγκαν,
486 3077 620 3160 ἑκάτερος
648 3079 772 3157 φάσκον
798 3079 851 3142 τὸν
878 3081 976 3166 ἕτερον
1001 3082 1088 3166 άρξαι
1116 3095 1176 3146 τῶν

163 3179 297 3256 πληγῶν·
324 3184 409 3236 τοῦτο
432 3174 488 3256 γάρ
512 3167 550 3254 ήν
572 3172 592 3254 ή
615 3175 718 3236 αἴκεια.
753 3156 893 3260 πρότερος
916 3172 971 3242 οὖν
994 3181 1136 3244 εἰσελθὼν
1159 3181 1175 3244 δ

166 3271 324 3350 Θεόφημος
350 3269 507 3354 παρέσχετο
535 3271 681 3352 μάρτυρας
707 3271 842 3355 Ἑκάεργον
869 3275 918 3337 καὶ
945 3280 1174 3360 Μνησίβουλον,

138 3367 215 3428 θεὸν
234 3364 287 3446 μὲν
305 3365 434 3446 ἀδελφὸν
453 3361 523 3429 ὄνθ’
543 3367 659 3446 ἑαυτοῦ,
681 3366 733 3429 τὸν
751 3367 784 3430 δὲ
800 3371 953 3451 κηδεστήν.
991 3375 1023 3435 οἷ
1038 3369 1066 3436 δ’
1086 3374 1175 3459 ἐμαρ-

163 3462 303 3544 τύρησαν,
322 3462 367 3526 ὅτι
383 3463 541 3545 Θεόφημος
560 3461 613 3544 μὲν
631 3461 765 3545 ἐβούλετο
782 3467 968 3550 παραδοῦναι
981 3469 1035 3550 τήν
1054 3469 1174 3555 άνθρεο-
