2658 3922
488 225 588 278 Πεοε
606 227 830 278 mmm.
1099 223 1164 288 225
1283 303 1284 306 χ

151 409 183 450 τι
206 393 373 469 τοιοῦτον,
395 383 557 470 μάρτυσιν
584 379 668 471 εἶχες
695 397 764 463 τοίς
792 389 864 452 τότε
886 381 1167 472 παραγενομένοις

124 494 347 578 οχρήσασθαι.
384 489 449 556 .καί
476 492 519 577 μή
549 487 609 556 Δί’
635 490 803 570 ἐπιδεῖξαί
833 490 874 576 γέ
901 485 935 557 σ’
967 492 1036 556 ἐδει
1065 498 1166 556 πᾶσιν

151 595 344 682 ἀνθρώποις
357 597 531 682 χαράδραν
550 591 668 682 οὖσαν,
686 599 742 664 ἵνα
759 599 803 683 μή
818 601 906 688 λόγφ
921 600 1039 683 μόνον,
1056 595 1166 682 ὥσπερ

150 701 227 786 νῦν,
250 701 323 769 ἀλλ’
348 706 434 793 ἐργφ
457 705 516 770 τὸν
538 700 652 789 πατέρ’
673 700 842 772 ἀδικοῦντ’
866 703 1054 790 ἀπέφαινες.
1089 704 1169 769 τού-ι

152 831 219 874 των
245 813 362 875 τοίνυν
389 805 490 875 οὐδὲν
515 807 640 890 πώποτ’
653 867 654 870 ,
668 807 782 886 οὐδεὶς
805 819 914 877 ποιεῖν
939 807 1088 894 ἠξίωσεν.
1124 808 1166 876 οὐ

152 914 215 1000 γάρ
235 913 277 980 άν
292 912 362 993 οὔτ’
380 915 518 1001 ἐρήμην,
537 915 647 1002 ὥσπερ
668 915 750 1000 ἐμοῦ
767 914 857 1000 νυνὶ,
874 917 1166 1002 κατεδιῃτήσασθε,

1 1080 2 1085 ,
125 1019 229 1084 κούτε
250 1017 352 1086 πλέον
374 1019 416 1086 ἂν
438 1015 482 1104 ἠν
504 1019 586 1106 ὑμῖν
611 1030 879 1107 συκοφαντοῦσιν
902 1019 1015 1106 οὐδέν,
1035 1017 1109 1089 ,ἀλλ’
1136 1022 1168 1086 εἰ

150 1123 307 1209 ἠνέγκατε
330 1128 403 1191 τότε
431 1125 582 1212 μάρτυρα
603 1123 660 1192 καὶ
683 1124 971 1212 ἐπεμαρτύρασθε,
996 1134 1062 1192 νῦν
1089 1124 1166 1192 άπέ-

149 1254 270 1315 φαινεν
297 1229 340 1296 άν
355 1230 493 1308 ἐκεῖνος
519 1232 618 1309 εἰδὼς
647 1231 791 1318 ἀκριβῶς
817 1231 906 1309 ὅπως
931 1227 1020 1319 εἶχεν
1046 1230 1165 1298 ἕκαστα

149 1337 294 1420 τούτων,
320 1334 482 1414 καί-τούς
509 1337 647 1426 ῥᾳδίοις.
660 1340 800 1415 τούτους
822 1347 1071 1425 μαρτυροῦντας
1094 1337 1165 1423 ἐξή-

149 1446 274 1529 λεγχεν.
320 1441 502 1529 ἀνθρώπου
536 1441 568 1509 δ’
595 1440 687 1530 οἰμαι
717 1446 914 1528 τηλικούτου
940 1442 997 1511 καὶ
1025 1444 1168 1530 ἀπείρου.

150 1549 244 1629 [τῶν]
262 1549 463 1634 πραγμάτων
481 1550 622 1628 άπαντες
645 1548 957 1636 καταπεφρονήκατέ
977 1574 1052 1636 μου.
1088 1547 1168 1617 ἀλλ’

149 1652 214 1735 ἐγὼ
244 1656 326 1740 πρὸς
355 1655 505 1737 ἅπαντας
537 1657 677 1734 τούτους
705 1651 732 1722 ὦ
762 1657 882 1742 ἄνδρες
906 1652 1081 1742 Ἀθηναῖοι
1107 1658 1165 1734 τὰς

149 1759 260 1826 αὐτῶν
280 1759 415 1846 πράξεις
439 1762 655 1848 ἰσχυροτάτας
677 1763 859 1848 μαρτυρίας
879 1760 1072 1849 παρέχομαι.
1107 1763 1165 1828 διὰ

147 1867 184 1929 τί
197 1866 261 1950 γάρ
281 1863 392 1944 οὐδεὶς
415 1863 485 1933 οὔτ’
501 1865 745 1954 ,ἐπεμαρτύρατ’
769 1865 838 1934 οὔτ’
861 1867 1064 1954 ἐνεκάλεσεν,
1087 1867 1159 1936 ἀλλ’

79 2001 123 2032 ;,.
148 1968 225 2037 οὐδ’,
244 1969 409 2057 ἐμέμψατο
431 1974 574 2058 πώποτε,
597 1969 671 2040 ἀλλ’
695 1973 823 2060 ἐξήρκει
844 1969 935 2042 ταῦτ’
958 1974 1070 2052 αύτοίς
1091 1976 1165 2060 ήδε

146 2074 302 2161 κήμένοις
323 2085 500 2164 περιορᾶυ;
590 2139 614 2144 ,,
976 2143 980 2148 ,,
1023 2141 1026 2144 .

121 2199 136 2240 ε
213 2178 298 2264 Ἰῦγὼ
327 2185 443 2248 τοίνυν
474 2183 571 2249 ίκανά
600 2179 662 2268 μδν
696 2183 841 2270 ἠγοῦμαι
868 2182 925 2251 καὶ
953 2183 1043 2252 ταῦτ’
1077 2181 1164 2254 εἰναι
1173 2200 1240 2250 ικσι

148 2288 232 2372 πρὸς
253 2287 315 2371 τήν
337 2288 466 2354 τούτων
493 2288 679 2356 ἀναίδειαν·
721 2290 779 2356 ’ίνα
808 2287 840 2356 δ’
868 2287 969 2373 εἰδῆτ’
996 2286 1022 2358 ὦ
1045 2292 1165 2378 ἄνδρες

144 2390 320 2477 Ἀθηναῖοι
342 2391 398 2458 καὶ
420 2391 586 2480 περὶτῶν
608 2395 740 2480 ἄλλων,
767 2395 812 2472 ὡς
834 2392 911 2462 οὔθ’
938 2396 957 2464 ὁ
979 2398 1091 2483 κατήρ,
1108 2397 1165 2463 ού..

148 2494 216 2564 δέν,
229 2499 340 2584 ἠδίκει
361 2500 630 2585 περιοικοδομῶν
647 2502 685 2566 τὸ
704 2504 828 2586 χοιρίον
846 2496 943 2568 οὗτοί
956 2516 996 2570 τζε,
1008 2512 1164 2590 κατεήευ-

148 2602 264 2692 σμέήοι
285 2601 381 2670 πάντ’
403 2602 496 2686 ἷείσίν
518 2605 627 2691 ήμῶν,
650 2608 698 2672 ἐτι
721 2604 924 2694 σαφέστερον
945 2606 1032 2691 ὑμᾶς
1051 2611 1165 2697 πειρά-

148 2726 247 2795 σομαι
262 2711 453 2778 διδάσκειν.
499 2712 538 2778 τὸ
557 2706 621 2796 μὲν
642 2711 706 2798 γάρ
734 2714 858 2799 χωρίον
883 2713 1165 2798 ὁμολογεῖταικαὶ

119 2814 222 2903 επαρ’
250 2817 361 2883 αὐτῶν
387 2819 520 2884 τούτων
548 2816 828 2903 ἠμέτερονίδιον
857 2813 957 2886 εἶναι·
984 2821 1104 2889 τούτου
1128 2819 1162 2887 δ’

146 2921 353 3010 ὑπάρχοντος
372 2918 399 2989 ὦ
419 2924 540 3011 ἄνδρες
555 2920 742 3010 Ἀθηναῖοι,
765 2925 908 3010 μάλιστα·
922 2921 984 3009 μὲν
1001 2923 1104 3012 ᾔδειτ’
1122 2926 1164 2994 άν

147 3029 276 3107 ἰδόντες
303 3030 341 3096 τὸ
368 3032 505 3116 χωρίον’.
520 3030 575 3096 ὅτι,
600 3041 883 3116 συκοφαντοῦμαι.
933 3033 987 3098 διὸ
1014 3030 1070 3098 καὶ
1096 3041 1165 3109 τοϊς

146 3134 273 3200 εἰδόσιν
291 3133 477 3219 ἐπιτρέπειν
495 3135 686 3221 ἐβουλόμην
706 3135 782 3221 ἐγὼ,
800 3149 870 3215 τοῖς
887 3143 980 3214 ἰσοις.
1012 3132 1085 3204 ἀλλ’
1102 3137 1165 3224 οὐχ

146 3234 251 3324 οὗτοι,
272 3241 423 3327 καθάπερ
447 3239 527 3325 νυνὶ
546 3239 656 3327 λέγειν
674 3241 888 3330 ἐπιχειροῦσι·
909 3245 1014 3326 δήλου
1031 3239 1061 3307 δ’
1083 3242 1164 3326 ύμῖν

146 3343 202 3411 καὶ
223 3343 312 3412 τοῦτ’
339 3344 443 3413 αὐτίκ’
477 3350 576 3433 ἐσται.
594 3357 706 3416 πᾶσιν.
747 3347 831 3414 ἀλλὰ
862 3343 1083 3435 προσέχετ’,ὦ
1105 3349 1164 3417 άνε

106 3469 133 3509 1⁰
148 3450 224 3536 δρες
237 3448 413 3537 Ἀθήναίοι
430 3454 513 3537 πρὸς
529 3451 689 3530 Διδςπαὶ
706 3456 878 3521 θεῶν’τὸυ
896 3462 1000 3520 νοῦν.
1022 3461 1082 3536 τοῦ
1099 3453 1164 3539 γάρ

145 3555 269 3641 χωρίου
281 3567 344 3624 τοῦ
357 3555 387 3622 τ’
403 3557 489 3641 ἐμοῦ.
504 3556 641 3644 καὶτοῦ
656 3559 784 3629 τούτων
798 3560 834 3625 τὸ
849 3556 952 3642 μέσον
968 3557 1046 3634 ὁδός
1059 3554 1164 3640 ἐστιν,

197 3667 323 3712 Ducum
350 3671 459 3713 vohffl.
963 3661 996 3710 15
