2658 3922
471 200 567 252 ΚΑΤΑ
586 198 808 255 ΘΕΟΚΡΙΝΟΤ.
1079 197 1144 264 277

134 361 213 436 τοὺς
234 363 371 444 νόμους,
394 361 425 426 εί
442 355 473 425 δ’
496 361 561 444 ἄρα
583 361 645 444 δεῖ,
668 361 712 445 μὴ
730 371 800 437 τοῖς
822 371 968 447 συνεχῶς
989 354 1066 428 οὑσι
1087 381 1146 426 πο-

134 476 251 550 νηροῖς
278 461 362 550 μηδὲ
388 476 458 543 τοῖς
484 462 534 530 ἐπ’
562 463 711 555 ἀργυρίῳ
737 468 816 543 τοὺς
836 469 966 552 νόμους
993 463 1145 553 προϊεμέ-

132 594 207 648 νοις
236 569 292 659 (οὑ
315 572 379 656 γδρ
401 569 519 658 είκός),
541 568 613 637 ἀλλ’
646 573 766 649 οἵτινες
793 571 835 637 δν
863 573 918 638 διδ
943 572 1006 657 τὴν
1035 573 1145 638 αὑτῶν

133 676 397 762 ἀπραγμοσύνην
423 675 560 754 δίκοντές
584 699 616 742 τι
645 687 714 743 τῶν
735 675 972 763 γεγραμμένων
992 680 1145 764 παραβῶ-

134 800 200 847 σιν.
245 777 293 848 ὧν
316 781 426 861 οὐδεὶς
449 781 494 848 ἂν
515 784 623 868 δήπου
648 787 832 869 Θεοκρίνην
854 781 987 850 τουτουὶ
1008 785 1145 869 φήσειεν

135 883 233 973 εἶναι,
248 887 331 955 ἀλλὰ
345 889 543 956 τούναντίου
558 888 697 967 οὐδενὸς
713 900 779 954 τῶν
793 889 830 954 έν
843 900 913 966 τοῖς
926 892 1041 973 νόμοις
1054 891 1144 955 ὑπει-

91 1012 118 1053 25
136 1019 207 1077 ρον.
240 995 293 1060 διὸ
307 993 363 1061 καὶ
377 997 432 1061 δεῖ
442 995 620 1080 φυλάττειν
639 995 753 1078 αὑτόν,
777 997 821 1079 μη
843 997 926 1077 πρὸς
947 997 1027 1071 τοὺς
1047 994 1145 1079 ἐμοὺς

134 1103 256 1183 λόγους
264 1095 350 1184 μηδὲ
363 1103 442 1177 τοὺς
454 1098 520 1165 ὑπὸ
533 1100 661 1166 τούτων
675 1097 930 1185 ῥηθησομένους
942 1097 1145 1183 ἀποβλέπον-

133 1227 201 1282 τας.
246 1205 287 1270 ού
314 1205 378 1291 γδρ
407 1207 537 1271 δίκαιον
563 1208 643 1283 τοὺς
667 1201 752 1290 ὑπὲρ
774 1216 843 1270 τῶν
863 1207 978 1289 νόμων
1000 1203 1144 1289 καθημέ-

133 1335 217 1387 νους
237 1322 377 1397 μακροῖς
398 1313 512 1394 λόγοις
536 1308 592 1375 καὶ
621 1314 831 1397 κατηγορίαις
853 1309 1043 1397 προσέχειν,
1068 1308 1139 1374 ἀλλ’

135 1409 185 1494 οἷς
204 1418 343 1494 ἅπαντες
364 1417 488 1504 ῥηιδίως
505 1415 801 1501 έπακολουθήσετε,
823 1415 879 1482 καὶ
897 1414 941 1482 δι’
963 1411 1011 1482 ὧν
1034 1414 1143 1495 δόξετε

134 1531 214 1589 πᾶσι
229 1523 307 1600 τοῖς
333 1521 372 1588 έν
398 1531 437 1609 τῇ
459 1525 554 1590 πόλει
579 1533 648 1588 τῶν
674 1526 789 1607 νόμων
817 1521 916 1601 ἀξίως
937 1523 1061 1606 ταύτην
1082 1523 1144 1607 τὴν

134 1628 276 1708 ἔνδειξιν
291 1629 435 1714 δικάσαι,
454 1639 566 1714 σαφῶς
580 1627 770 1715 ἐρωτῶντας
789 1628 835 1695 ετί
849 1627 966 1713 λε’γεις,
981 1629 1143 1713 Θεοκρίνη

134 1734 189 1801 καὶ
216 1736 336 1813 πάντες
364 1735 400 1801 οδ
418 1745 486 1800 τῶν
512 1739 623 1800 αὐτῶν
645 1735 752 1824 τούτῳ
776 1733 977 1821 μετέχοντεςς
991 1759 993 1764 ’
1008 1732 1140 1814 ἀξιοῦθ’

133 1842 234 1926 ἡμᾶς,
260 1842 343 1908 κατὰ
369 1843 448 1918 τοὺς
474 1843 600 1925 νόμους
627 1841 839 1926 ὀμωμοκότας
867 1841 1031 1923 δικάσειν,
1056 1840 1144 1926 παρὰ

93 1966 120 2006 ιο
135 1947 276 2024 τούτους
303 1947 359 2012 διδ
385 1949 464 2024 τοὺς
490 1944 669 2030 ὑμετέρους
696 1949 818 2030 λόγους
842 1949 1058 2032 ψηφίζεσθαι;
1088 1969 1143 2030 με-

134 2054 380 2139 μαρτυρηκότος
408 2048 469 2135 μέν
494 2051 575 2136 ἡμῖν
601 2061 662 2117 τοῦ
684 2055 859 2134 Μίκωνος,
888 2049 966 2116 καθ’
993 2046 1036 2118 οὑ
1064 2053 1144 2128 δοὺς

136 2161 318 2242 Θεοκρίνης
340 2154 454 2222 οὑτοσὶ
476 2157 659 2242 τὴνφύσιν
679 2157 740 2223 οὑκ
763 2154 932 2240 ἐπεξῆλθε,
955 2153 1010 2221 καλ
1031 2177 1144 2221 πεποι-

135 2265 253 2347 ηκότος
275 2260 377 2328 αὑτὸν
398 2262 529 2338 τούτοις
550 2261 729 2347 ὑπόδικον,
758 2261 1003 2346 ὁμολογοῦντος
1025 2257 1062 2325 δὲ
1084 2270 1145 2327 τοὺ

136 2365 349 2454 γραμματέως
367 2370 481 2452 λαβεῖν
500 2368 561 2452 τὴν
579 2369 683 2452 φύσιν
699 2367 788 2452 παρὰ
805 2369 938 2450 τούτου,
959 2362 1016 2432 καῖ
1031 2388 1144 2433 πεποι-

134 2479 251 2560 ηκυίας
280 2482 339 2558 τῆς
367 2475 548 2560 μαρτυρίας
575 2481 634 2558 τῆς
668 2473 785 2558 ὀλίγον
815 2496 848 2539 τι
874 2476 1037 2560 πρότερον
1065 2472 1143 2539 ἀνα·
1155 2494 1223 2544 1830

134 2582 343 2664 γνωσθείσης
361 2579 464 2646 αὑτὸν
481 2579 659 2660 ὑπόδικον;
683 2582 731 2645 ἔτι
753 2576 790 2645 δὲ
812 2589 880 2645 τῶν
901 2589 962 2646 τοῦ
984 2578 1143 2664 ἐμπορίου

134 2687 337 2772 ἐπιμελητῶν
354 2689 451 2771 μόλις
468 2682 541 2770 μὲν,
562 2683 638 2751 ἀλλ’
662 2681 724 2752 οὖν
745 2685 849 2751 ταύτὰ
870 2686 1000 2762 τούτοις
1022 2709 1142 2772 μεμαρ-

133 2796 337 2880 τυρηκότων;
365 2794 449 2879 πρὸς
475 2788 513 2858 δὲ
535 2793 666 2869 τούτοις
693 2803 760 2858 τῶν
789 2793 930 2858 ἰδόντων
953 2790 1143 2877 ἐκκειμένην

134 2900 197 2983 τὴν
214 2899 318 2985 φύσιν
335 2897 391 2965 καὶ
413 2901 671 2985 προσελθόντων
688 2908 759 2974 τοῖς
778 2899 917 2984 δίρχουσι
939 2899 1144 2984 μαρτυρούν-

135 3029 213 3087 των,
231 3005 340 3091 ὥσπερ
364 3004 479 3089 ὀλίγον
497 3028 530 3071 τι
547 3007 711 3091 πρότερον
728 3003 907 3088 ἠκούσατε;
932 3001 1003 3069 ἀλλ’
1030 3003 1072 3070 οὑ
1095 3004 1144 3068 δί·

135 3134 231 3176 καιον
253 3105 280 3175 ὦ
303 3111 423 3195 ἄνδρες
446 3111 605 3176 δικασταί.

97 3234 121 3275 2⁷
203 3217 253 3282 Οὐ
276 3215 340 3300 γὰρ
363 3216 405 3299 δὴ
429 3216 484 3281 διδ
497 3217 570 3282 -τὸυ
588 3219 714 3302 τρόπον
734 3238 772 3300 γε
795 3217 855 3282 τὸν
877 3223 938 3282 τοῦ
960 3215 1144 3301 φεύγοντος

135 3319 189 3388 καὶ
216 3323 276 3388 τὸν
302 3324 378 3406 βίον
400 3322 534 3400 ψευδεῖς
560 3321 775 3407 ὑπολήψεσθε
804 3323 863 3398 τὰς
885 3323 1067 3405 μαρτυρίας
1086 3319 1144 3394 τδις

135 3425 386 3512 ἀνεγνωσμένας
412 3421 507 3493 εἶναι.
551 3430 637 3494 πολὺ
661 3427 724 3513 γὰρ
751 3426 787 3493 έκ
814 3436 875 3492 τοῦ
896 3427 1022 3510 τρόπου
1045 3422 1144 3506 σαφέ-

135 3549 252 3620 στερον
275 3532 497 3600 ἐπιδείκνυται
517 3535 697 3618 Θεοκρίνης
717 3539 865 3608 τοιοῦτος
883 3529 931 3594 ῶν
953 3527 974 3610 ἢ
997 3527 1053 3591 διδι
1076 3535 1143 3589 τῶν
