2650 3918
544 183 736 240 ΕΡΩΤΙΚΟΣ.
1083 184 1147 250 351

138 345 463 433 ὑπερηγωνιακότας,
493 343 553 430 ούχ
582 341 671 421 ὅπως
697 342 875 431 ἐξεπλάγης
900 343 922 430 ῆ
950 346 1151 412 ιαιτεδειλία·

137 467 208 535 σας,
230 449 314 517 ἀλλὰ
335 459 376 536 τῆ
398 445 460 534 μὲν
486 447 625 538 ἀνδρεία
651 447 708 516 καὶ
729 458 787 534 τῆς
807 459 868 517 τοῦ
891 451 1026 534 ζεύγους
1048 451 1151 537 ὁρμῆς

138 561 294 644 κρείττων
318 554 434 640 ἐγένου
441 604 451 640 ,
473 563 519 644 τῷ
542 551 580 623 δὲ
602 554 693 641 τάχει
715 553 870 633 καὶτοὺς
892 558 1152 642 διηυτυχηκότας
1191 542 1194 552 “

99 680 124 721 ¹⁹
138 673 205 729 τῶν
235 662 489 747 ἀνταγωνιστῶν
518 665 695 746 παρῆλθες.
739 659 794 726 καλ
822 661 886 746 γάρ
912 685 964 730 τοι
989 672 1152 730 τοσοῦτον

137 767 337 854 μετήλλαξας
362 779 430 834 τῶν
457 764 648 852 ἀνθρώπων
674 765 732 844 τὰς
761 767 927 850 διανοίας,
958 769 1041 835 ὥστε
1069 773 1149 836 πολ-

138 880 207 940 λῶν
228 874 449 961 θρυλούντων
472 871 518 949 ὡς
540 870 577 936 ἐν
599 882 668 948 τοῖς
696 872 839 950 ίππικολς
862 871 988 956 ἀγῶσιν
1009 874 1152 960 ἡδίστην

137 979 221 1047 θίαν
243 977 417 1066 παρέχεται
439 978 480 1043 τὰ
502 987 725 1061 ναυαγοῦντα,
747 975 802 1044 καὶ
825 979 1016 1044 δοκούντων
1038 979 1151 1065 ἀληθῆ

137 1095 238 1152 ταῦτα
269 1083 398 1168 λέγειν,
430 1081 484 1149 ἐπὶ
514 1092 577 1149 σοῦ
604 1083 802 1150 τούναντίον
832 1086 910 1161 τοὺς
938 1086 1061 1162 θεατὰς
1088 1109 1149 1171 φο-

136 1195 271 1277 βεῖσθαι
293 1190 429 1272 πάντας,
451 1190 496 1274 μῆ
518 1211 551 1254 τι
574 1186 724 1275 συμπίση
746 1199 900 1256 τοιοῦτον
921 1188 998 1276 περὶ
1022 1186 1074 1256 σί·
1095 1212 1150 1256 το-

138 1299 263 1381 σαύτην
295 1295 431 1361 εύνοιαν
461 1292 518 1360 καὶ
549 1296 665 1378 φιλίαν
692 1293 714 1377 ῆ
742 1295 783 1378 σῆ
815 1295 917 1380 φύσις
948 1295 1060 1372 αὐτοῖς
1089 1315 1151 1360 πα-

96 1527 124 1567 ⁸⁰
137 1402 362 1584 ρέσχὲύύόῑωε·
389 1508 492 1574 καλὸν
520 1503 582 1590 μὲν
608 1507 672 1592 γὰρ
699 1504 755 1572 καλ
777 1508 815 1572 τὸ
837 1504 915 1574 καθ’
946 1505 984 1573 ἕν
1005 1529 1038 1572 τι
1059 1511 1150 1593 περί-

7 1629 8 1638 ’
136 1617 279 1700 βλεπτον
302 1609 478 1698 γενέσθαι,
499 1614 586 1680 πολὺ
609 1607 647 1678 δὲ
669 1613 806 1680 κάλλιον
828 1616 866 1680 τὸ
888 1613 995 1680 πάντα
1017 1618 1150 1700 περιλα-

137 1725 211 1805 βεῖν
238 1718 289 1805 ἀφ’
322 1711 372 1797 οἷς
399 1720 442 1784 ἀν
468 1741 518 1796 τις
539 1728 625 1786 νοῦν
647 1720 733 1805 ἔχων
755 1724 1000 1805 φιλοτιμηθείη.
1045 1721 1151 1804 δῆλον

138 1824 169 1891 δ’
195 1826 339 1894 ἐκεῖθεν·
367 1825 552 1911 εύρῆσομεν
574 1824 638 1910 γάρ
662 1826 791 1891 Αίακδν
814 1821 876 1909 μὲν
897 1824 953 1891 καλ
970 1823 1150 1911 Ῥαδάμαν-

136 1939 205 1998 θυν
234 1933 290 1998 διὰ
317 1931 556 2016 σωφροσύνην,
580 1926 746 2016 Ἡρακλέα
774 1925 811 1995 δὲ
839 1927 895 1995 καὶ
917 1932 1073 2016 Κάστορα
1094 1929 1150 1997 καὶ

137 2038 359 2120 Πολυδεύκην
382 2032 426 2102 δι’
453 2035 624 2121 ἀνδρείαν,
647 2037 851 2120 Γανυμήδην
875 2032 912 2101 δὲ
933 2034 989 2102 καὶ
1003 2035 1151 2103 ’Ἀδωνιν

137 2140 192 2213 καί
215 2143 337 2217 ἀλλους
354 2140 526 2217 τοιούτους
545 2140 600 2206 διὰ
618 2139 738 2217 κάλλος
758 2140 824 2207 ὑπὸ
847 2146 938 2206 θεῶν
962 2139 1150 2226 ἀγαπηθέν-

137 2270 203 2323 τας.
248 2241 325 2311 ὥστ’
352 2240 448 2329 ἔγωγ’
476 2245 517 2312 ού
539 2245 698 2330 θαυμάξω
725 2255 794 2311 τῶν
816 2244 1072 2330 ἐπιθυμούντων
1093 2253 1153 2332 τῆς

139 2361 199 2435 σῆς
224 2353 354 2437 φιλίας,
382 2347 466 2416 ἀλλά
492 2359 560 2414 τῶν
587 2351 633 2435 μῆ
659 2352 719 2417 τδν
741 2354 865 2437 τρόπον
887 2361 1006 2418 τοῦτον
1029 2353 1151 2419 διακει-

137 2455 262 2544 μίνωυ·
285 2456 370 2523 ὅπου
392 2455 456 2542 γὰρ
476 2452 554 2540 ιἑνὸς
572 2451 711 2522 ἑκάστου
734 2465 801 2524 τῶν
823 2455 1073 2543 προειρημένων
1094 2481 1152 2544 με·

136 2565 312 2650 τασχόντες
334 2557 422 2638 τινὲς
449 2570 507 2645 τῆς
535 2572 603 2628 τῶν
629 2568 722 2628 θεῶν
744 2563 874 2647 ὁμιλίας
895 2561 1088 2648 ἠξιώθησαν
1095 2613 1106 2651 ,
1126 2559 1151 2650 ἦ

137 2691 202 2737 που
220 2678 281 2739 τοῦ
298 2663 329 2752 γ’
354 2665 509 2733 ἁπάντων
526 2671 646 2754 κυρίου
664 2668 885 2746 καταστάντος
900 2668 1018 2737 εὐκτὸν
1033 2676 1148 2760 θνητῷ

97 2795 124 2835 ει
137 2776 238 2862 φύντι
267 2778 369 2860 φίλον
395 2770 563 2856 γενέσθαι.
608 2774 739 2840 δίιωιιον
766 2770 828 2858 μὲν
855 2768 918 2839 ούυ
944 2774 998 2841 καὶ
1026 2775 1150 2862 πατέρα

138 2879 193 2947 καὶ
216 2878 338 2965 μητέρα
360 2876 416 2946 καὶ
433 2880 511 2956 τοὺς
528 2880 650 2956 ἀλλους
668 2880 811 2956 οἰκείους
831 2881 910 2958 τούς
932 2884 1012 2960 σούς
1034 2885 1149 2967 ζηλού-

140 2993 232 3069 σθαι,
253 2994 414 3052 τοσούτου
431 2981 649 3071 ὑπεράγοντας
667 2993 730 3052 σοῦ
747 2995 814 3050 τῶν
831 2985 1016 3070 ῆλικιωτῶν
1038 2985 1148 3073 ἀρετῆ,
1158 3008 1226 3059 1411

138 3094 224 3158 πολὺ
252 3087 289 3180 δὲ
316 3094 442 3174 μᾶλλον
469 3089 528 3168 οὓς
556 3092 629 3172 [σύ]
650 3090 669 3158 ό
692 3100 759 3156 τῶν
784 3093 988 3176 τηλικούτων
1009 3091 1148 3176 ἀγαθῶν

138 3194 318 3283 ῆξιωμόνος
349 3205 473 3263 σαυτοῦ
503 3199 682 3283 προκρίνας
713 3194 826 3276 ἀξίους
857 3193 945 3265 εἶναι
973 3199 1092 3284 φίλους
1115 3196 1148 3277 ἐξ

139 3303 294 3370 ἁπάντων
326 3303 412 3389 αίρῆ.
457 3304 535 3380 τοὺς
563 3298 624 3387 μὲν
655 3303 719 3388 γὰρ
745 3301 767 3387 ἡ
793 3303 874 3390 τύχη
907 3321 961 3370 σοι
991 3307 1149 3390 μετόχους

138 3407 332 3494 κατέστησε,
354 3411 432 3486 τοὺς
456 3406 485 3474 δ’
513 3408 534 3493 ῆ
557 3407 697 3494 σφετέρα
718 3408 945 3494 καλοκάγαθία
967 3406 1149 3495 προσσυνέ-

99 3535 125 3575 ⁸²
139 3531 271 3600 στῆσεν·
295 3515 354 3593 ούς
373 3515 434 3583 ούκ
453 3510 528 3583 οἶδα
545 3517 686 3602 πότερον
705 3513 844 3602 ἐραστὰς
856 3514 878 3599 ῆ
891 3516 1015 3598 μόνους
1038 3514 1151 3599 ὀρθῶς
