2650 3918
527 184 717 238 εεατικου.
1065 183 1140 254 353,

122 342 160 412 δὲ
181 349 216 411 τί
234 355 301 422 τῶν
325 344 545 429 ἀνθρωπείων
562 347 726 430 μεγίστην·
741 344 885 428 δύναμιν
907 345 985 430 ἔχει,
1006 339 1062 412 καὶ
1083 346 1136 412 τί-,

121 476 179 529 νος
192 457 304 528 καλῶς.
319 447 381 536 μὲν
399 449 584 536 ἀποβάντος
602 446 725 516 πλεῖστ’
743 449 786 515 ἀν
803 455 1038 534 κατορθοῖμεν,
1060 448 1138 514 δια-.

121 555 309 643 φθαρέντος
332 552 369 624 δὲ
386 552 510 640 μέγιστ’
534 553 577 622 ἀν
599 558 827 640 βλαπτοίμεθα
847 556 1018 642 παράτὸν
1039 556 1138 639 βίου’.

121 663 163 729 ού
180 663 244 750 γὰρ
263 665 389 747 ἀδηλον
408 659 459 728 ὅτι
477 662 597 728 τούτου
619 659 674 727 καὶ
697 657 823 746 μάλιστ’
851 658 1038 745 ἐπιμέλειαν
1058 681 1132 731 ποι-

120 767 229 855 ητέον,
252 767 270 835 ὃ
293 771 450 852 μεγίστην
473 766 581 853 ῥοπὴν
604 763 655 852 ἐφ’
684 764 838 852 ἑκάτερον
861 765 1055 852 ἐργάξεσθαι
1076 763 1132 831 πέ-

80 892 106 932 ει
121 897 237 961 φυκεν.
269 885 336 940 τῶν
351 867 420 958 ’μὲν
441 876 558 940 τοίνυν
581 871 617 938 ἐν
641 871 832 958 ἀνθρώποις
855 871 1006 938 διύνοιαν
1029 870 1132 940 ἀπάν-

1 1013 2 1028 ι
121 1003 190 1047 των
211 977 395 1067 εὑρήσομεν
416 978 703 1063 ἡγεμονεύουσαν,
724 978 848 1061 ταύτην
871 972 909 1044 δὲ
930 981 1132 1064 φιλοσοφίαν

121 1089 229 1172 μόνην
255 1087 435 1152 παιδεῦσαί
457 1081 500 1150 τί
517 1083 630 1170 ὀρθῶς
655 1081 711 1151 καὶ
740 1081 907 1168 γυμνάσαι
932 1081 1138 1167 δυναμένην..

120 1188 160 1276 ἧς
182 1188 277 1277 οίμαί
302 1189 350 1256 σε’
368 1192 441 1256 δεῖν
468 1199 657 1275 μετασχεῖν,
684 1186 739 1254 καί
761 1190 806 1273 μη
829 1196 1027 1272 κατοκνῆσαι
1048 1184 1132 1272 μηδὲ

122 1308 244 1382 φυγεῖν
265 1297 323 1373 τὰς
345 1295 485 1372 ἐνούσας
507 1293 554 1360 ἐν
567 1294 649 1380 αὐτῇ
672 1298 904 1380 πραγματείας,
926 1293 1133 1378 ἐνθυμούμε-

121 1427 184 1468 νον
211 1401 263 1466 ὅτι
292 1401 348 1467 διὰ
375 1397 437 1487 μὲν
463 1399 580 1487 ἀργίας
606 1396 661 1466 καί
689 1399 856 1489 ῥᾳθυμίας
877 1397 932 1466 καί
954 1399 995 1466 τὰ
1015 1419 1132 1468 παντε-

122 1513 187 1586 λῶς
214 1507 371 1592 ἐπιπολῆς
399 1503 589 1594 δυσχείρωτ’
616 1504 703 1592 ἐστί,
734 1501 855 1590 διὰδὲ
880 1508 1051 1592 καρτερίας
1076 1503 1132 1574 καί

123 1617 321 1698 φιλοπονίας
353 1607 455 1681 οὐδὲν
483 1624 551 1678 τῶν
580 1613 688 1678 ὄντων
717 1611 855 1696 ἀγαθῶν
883 1609 1132 1690 ἀνύλωτονπέ-

82 1737 109 1778 ⁸⁸
122 1743 226 1805 φυκε,
257 1717 313 1786 καὶ
341 1721 428 1786 διότι
453 1719 588 1785 πάντων
616 1717 825 1802 ἀλογώτατόν
847 1715 936 1802 ἐστι,
966 1720 1048 1804 πρὸς
1070 1713 1132 1802 μὲν

122 1827 349 1911 χρηματισμὸν
362 1823 418 1891 καί
432 1825 546 1910 ῥύμην
565 1821 620 1890 καὶ
638 1824 678 1889 τὰ
695 1833 830 1890 τοιαῦτα
848 1827 1027 1909 φιλοτίμως
1044 1825 1132 1908 ἐχειν

123 1928 182 1995 καλ
199 1931 324 2008 πολλὰς
344 1929 524 2014 ὑπομένειν
541 1931 775 2014 κακοπαθείας,
797 1928 946 1996 ἀπόντα
967 1929 1077 2014 θνητά
1098 1925 1127 1997 τ’

124 2035 193 2107 ἐστι
215 2034 271 2106 καὶ
292 2044 332 2123 τη
355 2029 487 2123 διανοίᾳ
510 2035 684 2102 δουλεύειν
710 2041 828 2120 εἴωθε,
856 2035 918 2118 την
941 2032 970 2101 δ’
1002 2034 1132 2104 ἐπιστα·

123 2151 247 2207 τούσαν
269 2135 330 2223 μὲν
352 2151 420 2205 τῶν
442 2141 563 2223 ἀλλων,
587 2141 867 2206 συνδιατελοῦσαν
890 2135 927 2205 δέ
948 2150 1017 2216 τοῖς
1038 2141 1132 2226 ἔχου-

124 2261 191 2328 σιν,
213 2241 294 2313 ὅλον
317 2241 347 2310 δ’
374 2243 644 2329 ἡγεμονεύουσαν
666 2253 726 2311 τοῦ
748 2248 825 2330 βίου
847 2246 892 2330 μὴ
915 2248 1022 2329 ζητεῖν
1044 2245 1132 2324 ὅπως
1141 2259 1210 2309 1413

83 2371 110 2412 ιο
125 2352 323 2416 διακείσεται
333 2347 481 2436 βέλτιον.Ι
501 2353 608 2416 καίτοι
617 2352 722 2417 καλὸν
734 2346 796 2436 μὲν
805 2348 862 2417 καὶ
874 2351 964 2437 παρὰ
977 2353 1080 2438 τύχην
1094 2352 1131 2420 ἐν

122 2466 193 2534 τοῖς
211 2455 483 2533 σπουδαιοτάτοις
499 2455 740 2541 θαυμάζεσθαι,
762 2459 848 2523 πολὺ
866 2452 904 2522 δέ
921 2456 1057 2525 κάλλιον
1075 2459 1131 2534 δεδι

122 2563 185 2646 την
207 2561 395 2649 ἐπιμέλειαν
412 2561 475 2645 τὴν
492 2561 595 2628 αὑτοῦ
617 2563 759 2646 μηδενὸς
780 2573 847 2628 τῶν
870 2560 1016 2641 ἐνδόξων
1037 2565 1131 2649 ἀμοι-

122 2693 185 2756 ρον
215 2667 387 2754 γενέσθαι·
419 2675 477 2753 τῆς
502 2663 564 2753 μὲν
590 2668 654 2753 γὰρ
682 2667 787 2734 ἐνίοτε
815 2665 871 2734 καὶ
897 2680 966 2747 τοῖς
991 2671 1131 2756 φαύλοις

123 2785 296 2862 μετασχεῖν
324 2771 466 2860 συνέβη,
492 2781 549 2858 τῆς
570 2770 602 2839 δ’
627 2773 690 2840 ούκ
717 2776 807 2854 ἐστιν
834 2776 946 2852 ἄλλοις
974 2780 1130 2860 μετουσία

82 2899 110 2940 ιο
123 2882 210 2964 πλην
227 2891 296 2960 τοῖς
313 2881 350 2949 ἐν
368 2879 580 2968 ἀνδραγαθία
603 2878 830 2966 διαφέρουσιν.
864 2879 949 2946 ἀλλὰ
967 2881 1034 2966 μὴν
1055 2887 1134 2968 περί

123 3007 161 3070 γε
179 2995 236 3071 τῆς
253 2990 453 3073 φιλοσοφίας
469 2985 613 3072 ἀκριβῶς
635 2982 697 3070 μὲν
718 2984 837 3052 ἕκαστα
859 2986 1009 3053 διελθεῖν
1029 2986 1130 3071 ἡγοῦ-

123 3115 183 3177 μαι
200 3093 260 3158 τὸν
277 3089 438 3177 μέλλοντα
455 3096 579 3180 χρόνον
596 3091 676 3177 ἡμῖν
694 3089 974 3179 ἐπιτηδειοτέρους
994 3095 1130 3180 καιρούς

122 3196 346 3283 παραδώσειν·
373 3200 544 3282 συντόμως
569 3194 600 3262 δ’
626 3199 732 3263 είπεῖν
755 3193 835 3264 οὐδὲ
855 3207 921 3264 νῦν
943 3194 1044 3266 οὐδὲν
1066 3223 1130 3264 κω-

123 3307 217 3369 λύσει
233 3302 310 3390 περλ
327 3301 435 3388 αὐτῆς.
470 3301 508 3376 ἓν
530 3297 597 3372 οὖν·
614 3313 745 3390 πρῶτον
767 3301 876 3370 ἐκεῖνό
899 3320 935 3370 σι
958 3305 1013 3370 δεῖ
1031 3319 1128 3370 κατα-

123 3415 244 3492 μαθεῖν
266 3405 424 3495 ἀκριβῶς,
452 3405 503 3480 ότι
523 3417 612 3474 πᾶσα
639 3403 700 3492 μὲν
721 3410 855 3486 παιδεία
881 3405 924 3473 δι’
952 3408 1129 3493 ἐπιστήμης

122 3511 325 3599 καλμελέτης
337 3515 428 3591 τινὸς
447 3511 657 3599 συνέστηκεν,
679 3512 700 3597 ἡ
719 3509 757 3588 δὲ
774 3516 956 3600 φιλοσοφία
973 3510 1030 3579 καί
1047 3518 1129 3598 μᾶλι

174 3627 299 3671 Βιττοευι.
322 3627 374 3671 Vol.
386 3627 431 3669 111.
933 3621 967 3670 2³
