2658 3914
434 159 530 214 RATA
548 159 748 212 ΣΤΕΦΑΝΟΤ
766 161 797 213 Β.
1079 159 1123 224 95

105 325 152 404 τῷ
176 322 390 408 γραμματείῳ
413 317 432 384 δ
454 322 625 405 παρείχετο
645 322 817 405 Φορμίων,
839 321 919 405 μήτε
942 340 1124 406 παραγενο

107 420 232 506 με’νους
258 423 372 512 ἐκείνῳ
401 422 636 514 διατιθεμένῳ,
663 421 738 509 μήτ’
767 426 896 503 είδύτας
922 428 954 492 εί
979 423 1124 510 διέθετο,

107 540 177 606 πῶς
201 530 243 596 ού
266 540 455 616 περιφανῶς
477 528 694 615 ἀναισχυντία
717 532 812 598 δοκεῖ
829 531 911 616 ὑμῖν
933 526 1033 611 sivan

31 645 46 691 1
81 654 95 694 ε
174 632 273 701 ’Am
300 637 366 721 μήν
393 637 425 701 εί
450 635 532 721 φησὶ
557 639 753 722 Φορμίωνος
781 634 935 720 λέγοντος
956 638 1124 704 πιστεύειν

108 738 202 807 ταῦτ’
233 741 344 826 ἀίηδή
371 737 474 825 εἶναι,
501 751 562 808 τοῦ
591 741 695 808 αύτού
722 741 845 828 ἀνδρός
867 742 936 809 ἐστι
958 743 1125 808 πιστεύειν

107 870 142 912 τε
166 845 300 931 λέγοντι
323 848 428 937 τούτῳ
456 857 559 914 ταῦτα
587 845 643 913 καί
665 849 835 914 κελεύοντι
858 860 1047 935 μαρτυρεῖν.
1093 847 1129 914 οί

108 951 149 1018 δέ
174 977 213 1038 γε
240 955 339 1038 νύμοι
366 953 408 1020 ού
434 962 536 1019 ταῦτα
563 950 737 1037 λέγουσιν,
765 950 837 1019 ἀλλ’
862 953 883 1019 δ
911 953 953 1020 δν
981 956 1053 1040 είδή
1076 977 1127 1031 τις

107 1057 165 1125 καί
183 1051 236 1136 οἷς
254 1058 297 1125 δν
314 1056 537 1146 παραγένηται
556 1056 804 1144 πραττομένοις,
825 1067 928 1126 ταῦτα
946 1070 1125 1146 μαρτυρεῖν

106 1166 305 1231 κελεύουσιν
329 1163 366 1230 ἐν
388 1166 598 1253 γραμματείῳ
621 1162 846 1249 γεγραμμένα,
868 1165 925 1229 ἵνα
947 1161 1022 1249 μήτ’
1048 1163 1127 1250 ἀφε-

107 1276 182 1337 λεῖν
215 1269 270 1356 ἐξῇ
302 1266 407 1356 μηδὲν
439 1271 519 1355 μήτε
551 1275 752 1355 προσθεῖναι
780 1281 850 1346 τοῖς
879 1267 1126 1355 γεγραμμένοις.

81 1376 216 1462 τάκοήν
247 1373 278 1441 δ’
306 1376 376 1454 ούκ,
397 1375 475 1442 ἐῶσι
505 1378 624 1455 ζῶντος
651 1387 849 1462 μαρτυρεῖν,
880 1374 963 1440 ἀλλὰ
986 1381 1127 1441 τεθνεῶ-

108 1508 178 1568 τος,
201 1493 268 1549 τῶν
291 1479 330 1548 δὲ
349 1481 524 1551 ἀδυνάτων
541 1480 597 1548 καί
618 1481 807 1568 ὑπερορίων
830 1480 1051 1568 ἐκμαρτυρίαν
1074 1503 1127 1564 γε·

108 1589 303 1677 γραμμένην
326 1588 363 1655 ἐν
381 1599 426 1678 τῳ
445 1592 669 1679 γραμματείῳ·
691 1587 747 1656 καὶ
769 1588 833 1655 ἀπὸ
856 1597 913 1674 τῆς
935 1587 1036 1672 αὐτῆς
1058 1586 1126 1652 ἐπι-

110 1699 262 1780 σκήψεως
275 1697 336 1780 τήν
349 1719 384 1762 τε
398 1699 583 1782 μαρτυρίαν
596 1693 652 1760 καὶ
666 1693 888 1780 ἐκμαρτυρίαν
905 1693 1125 1777 ἀγωνίζεσθαι
1137 1712 1202 1763 1131

110 1804 195 1887 ἅμα,
217 1798 262 1867 ἵν’
288 1800 347 1867 ἐδιν
370 1797 431 1887 μὲν
453 1799 650 1887 ἀναδέχηται
673 1800 692 1868 δ
716 1800 979 1889 ἐκμαρτυρήσας,
1002 1798 1127 1877 ἐκεῖνος

110 1907 272 1986 ὑπόδικος
293 1901 315 1995 ᾗ
340 1919 406 1974 τῶν
424 1909 734 1995 ψευδομαρτυριῶν,
758 1906 816 1973 ἐὰν
839 1903 877 1973 δὲ
900 1909 943 1991 μή
967 1905 1127 1993 ἀναδέχη-

4 2009 9 2074 >
83 2035 177 2096 εται,
196 2013 231 2078 οί
246 2014 513 2098 μαρτυρήσαντες
525 2013 587 2096 τήν
605 2011 836 2097 ἐκμαρτυρίαν.
870 2010 1043 2097 Στέφανος
1060 2016 1126 2078 τοί-

111 2143 177 2184 νυν
195 2115 321 2200 ούτοσὶ,
344 2115 414 2182 οὔτ’
434 2119 531 2195 είδὼς
554 2118 718 2201 διαθήκας
739 2120 962 2184 καταλιπόντα
984 2120 1044 2183 τὸν
1066 2139 1127 2183 πα-

113 2221 192 2308 τέρα
220 2221 331 2306 ήμῶν,
357 2222 433 2288 ούτε
459 2225 727 2310 παραγενόμενος
752 2207 885 2289 πώποτε
907 2221 1126 2312 διατιθεμένῳ

113 2337 160 2417 τςῖ
183 2325 281 2414 πατρὶ
299 2327 406 2412 ήμῶν,
428 2326 573 2404 ἀκούσας
591 2323 628 2392 δὲ
648 2330 856 2413 Φορμίωνος,
879 2329 1127 2414 μεμαρτύρηκεν

114 2436 219 2519 ἀκοήν
246 2433 287 2499 τδι
314 2433 422 2517 ψευδή
449 2456 484 2498 τε
511 2430 567 2498 καὶ
594 2433 683 2518 παρδι
709 2433 769 2499 τὸν
795 2436 911 2518 νόμον.
947 2431 1003 2500 καί
1025 2431 1124 2500 ταῦθ’

114 2543 165 2608 ὅτι
188 2539 299 2625 ἀίηδή
322 2536 426 2624 λέγω,
455 2538 557 2606 αὐτὸν
579 2538 661 2624 ύμῖν
683 2540 743 2606 τὸν
764 2540 871 2625 νόμον
893 2538 1126 2624 ἀναγνώσεται.

554 2741 692 2796 ΝΟΜΟΣ.

222 2850 332 2934 ’Λκοήν
362 2846 440 2916 εἶναι
471 2858 629 2935 μαρτυρεῖν
659 2859 835 2934 τεθνεῶτος,
867 2852 1063 2938 ἐκμαρτυρίαν
1094 2851 1126 2917 δὲ

159 2950 319 3033 ὑπερορίου
341 2949 392 3012 καί
414 2948 574 3014 ἀδυνάτου·

91 3095 104 3134 ι
176 3068 232 3149 Ὡς
258 3074 375 3137 τοίνυν
403 3068 460 3136 καὶ
490 3066 568 3156 παρ’
594 3069 708 3158 ἕτερον
733 3074 840 3157 νόμον
868 3073 1127 3159 μεμαρτύρηκεν,

119 3174 275 3255 ἐπιδείξαι
297 3177 378 3262 ύμῖν
400 3177 575 3262 βούλομαι,
597 3177 654 3243 ἵνα
676 3180 784 3263 είδήτε
807 3178 858 3244 ὅτι
881 3179 1032 3262 μεγάλων
1055 3177 1127 3243 ἀδι-

118 3282 269 3366 κημοίτων
302 3283 362 3348 οὐκ
390 3285 475 3368 ἔχων
497 3284 691 3368 καταφυγήν
714 3285 732 3351 ὁ
757 3288 932 3369 Φορμίων,
959 3286 1126 3370 πρόφασιν

119 3389 229 3472 λαβὼν
251 3390 339 3478 λόγῳ
361 3390 423 3473 τήν
445 3392 640 3475 πρόκλησιν,
663 3391 748 3479 ἔργῳ
771 3390 870 3467 αὐτὸς
892 3389 980 3477 αύτῷ
1004 3412 1126 3474 μεμαρ-

117 3494 234 3579 τύρηκε
253 3493 522 3582 προστησάμενος
539 3494 687 3579 τούτους,
710 3490 755 3560 δι’
776 3488 824 3561 ὧν
842 3494 877 3560 οί
892 3489 953 3579 μὲν
976 3489 1126 3560 δικασταὶ
