2658 3914
215 161 278 226 118
491 161 601 214 xnvn.
623 158 933 252 Ι[εῐεειοεοεεεονε]

212 325 296 406 βατα
327 319 488 405 λαμβάνει
517 321 758 404 ποιμαινόμενα
787 320 990 402 πεντήκοντα
1012 317 1141 402 μαλακδι
1170 314 1226 381 καὶ

212 428 272 493 τὸν
298 422 438 510 ποιμένα
467 421 535 509 μετ’
567 424 678 491 αὐτῶν
704 422 760 489 καὶ
786 424 892 490 πύντα
922 424 962 489 τύ
989 421 1159 488 ἀκόλουθα
1185 431 1225 507 τη

212 534 353 616 ποίμνη,
376 533 486 596 ἔπειτα
508 531 611 596 παῖδα
634 530 792 596 διάκονον
813 529 934 614 ὑδρίαν
957 534 1081 613 χαλκῆν
1103 527 1226 612 ἀποφέ-

214 658 316 722 ροντα
338 633 516 721 ἀλλοτρίαν
538 631 722 721 ᾐτημένην,
748 638 875 701 πολλοῦ
897 631 1002 712 ἀξίαν.
1046 630 1101 699 καὶ
1123 643 1226 699 ταῦτα

175 763 201 804 τε
215 742 348 827 ἔχουσιν
371 739 433 807 οὐκ
456 738 628 826 ἐξήρκεσεν
658 740 783 818 αὐτοῖς·
810 737 883 805 ἀλλ’
910 739 1157 816 ἐπεισελθόντες
1179 742 1227 816 είς

214 848 252 912 τὸ
274 849 398 932 χωρίον
421 843 570 934 (γεωργῶ
595 842 633 911 δέ
655 846 737 931 πρὸς
759 854 804 934 τῷ
830 845 1039 933 ίπποδρόμφ,
1069 843 1123 910 καλ
1139 848 1225 932 οἰκῶ

215 948 349 1018 ἐνταῦθ’
377 950 414 1017 ἐκ
442 949 629 1038 μειρακίου)
659 959 791 1038 πρῶτον
821 947 882 1035 μέν
912 948 965 1016 ἐπὶ
994 953 1071 1027 τοὺς
1101 949 1227 1026 οἰκέτας

214 1050 309 1144 ᾖξαν,
327 1057 371 1134 ὡς
390 1052 427 1122 δέ
446 1052 539 1124 οὗτοι
558 1058 798 1143 διαφεύγουσιν
816 1055 937 1133 αὐτούς
954 1053 1008 1120 καὶ
1027 1056 1125 1133 ἀλλος
1143 1057 1227 1140 ἀλλη

215 1162 444 1250 ἀπεχώρησαν,
468 1162 624 1240 ἐλθόντες
640 1165 724 1248 πρὸς
741 1163 802 1246 τήν
824 1163 933 1227 οίκίαν
955 1159 1011 1226 καὶ
1034 1160 1227 1246 ἐκβαλόντες

215 1271 277 1354 τήν
304 1271 417 1356 θύραν
445 1271 507 1354 τήν
537 1271 584 1347 είς
613 1271 672 1336 τὸν
698 1278 805 1352 κήπου
832 1265 1001 1354 φέρουσαν
1024 1268 1172 1351 Εὔεργός
1193 1290 1227 1333 τε

217 1373 331 1442 οὑτοσὶ
353 1375 371 1442 6
394 1373 538 1462 ἀδελφὸς
559 1374 578 1441 6
598 1378 777 1459 Θεοφήμου
798 1370 854 1440 καὶ
871 1376 1109 1459 Μνησίβουλος
1131 1372 1149 1439 6
1172 1397 1228 1456 κη·

218 1483 334 1566 δεστής
352 1481 467 1566 αὐτοῦ,
490 1471 540 1557 οἷς
558 1481 719 1564 οὐδεμίαν
738 1481 836 1565 δίκην
850 1478 1017 1564 ὠφλήκειν
1031 1474 1111 1545 οὐδὲ
1127 1496 1229 1564 προσ-

217 1595 297 1670 ήκεν
326 1586 447 1663 αὐτοὺς
474 1587 637 1652 ἅπτεσθαι
664 1597 732 1650 τῶν
761 1584 850 1668 ἐμῶν
877 1584 1033 1668 οὐδενός,
1059 1585 1230 1650 εἰσελθόν-

217 1714 271 1769 τες
294 1688 346 1756 ἐπὶ
368 1693 429 1776 τήν
452 1693 594 1776 γυναῖκά
620 1716 686 1776 μου
709 1689 764 1757 καὶ
786 1691 827 1756 τύ
848 1692 965 1756 παιδία
988 1689 1229 1777 ἐξεφορήσαντο

180 1819 206 1860 ει
220 1798 282 1863 ὅσα
311 1799 359 1862 ἐτι
387 1797 551 1864 ὑπόλοιπά
580 1820 637 1882 μοι
663 1792 707 1882 ήν
734 1797 834 1880 σκεύη
864 1796 900 1862 ἐν
926 1805 966 1883 τή
990 1799 1087 1885 οἰκίᾳ.
1123 1794 1229 1886 ᾤοντο
1316 1890 1317 1911 ρ

220 1901 281 1989 μὲν
312 1904 375 1990 γάρ
408 1903 449 1970 οὐ
480 1913 622 1972 τοσαῦτα
652 1906 757 1988 μόνον
789 1904 973 1989 λήψεσθαι,
1004 1901 1089 1971 ἀλλά
1116 1909 1229 1992 πολλῷ

219 2012 333 2094 πλείω,
355 2010 416 2094 τήν
434 2010 497 2094 γὰρ
517 2005 622 2075 οὖσοίν
641 2034 697 2093 μοι
719 2004 799 2075 ποτε
819 2009 1024 2094 κατασκευήν
1046 2018 1103 2093 τής
1125 2011 1231 2086 οίκίας

219 2118 481 2199 καταλήψεσθαι·
505 2113 578 2180 ἀλλ’
604 2115 670 2182 ὑπὸ
688 2126 756 2180 τῶν
774 2120 981 2204 λητουργιῶν
999 2114 1054 2181 καὶ
1075 2127 1143 2181 τῶν
1164 2118 1231 2181 εἰσ-

221 2233 337 2309 φορῶν
358 2218 414 2287 καὶ
440 2229 497 2306 τῆς
525 2223 608 2306 πρὸς
629 2221 715 2305 ὑμᾶς
736 2224 925 2306 φιλοτιμίας
946 2221 987 2286 τὰ
1009 2216 1070 2305 μέν
1093 2219 1232 2307 ἐνέχυρα

221 2340 325 2394 κετται
343 2327 466 2411 αύτῶν,
482 2326 522 2392 τὰ
541 2322 579 2392 δὲ
596 2324 765 2411 πέπραται.
797 2326 859 2393 ὅσα
877 2323 911 2391 δ’
928 2322 971 2412 ήν
990 2328 1038 2392 ἐτι
1055 2327 1232 2411 ὑπόλοιπα,

183 2435 327 2501 υπάντα
359 2435 516 2517 λαβόντες
547 2430 684 2520 ᾤχοντο.
720 2433 803 2518 πρὸς
832 2427 869 2497 δὲ
898 2433 1028 2510 τούτοις
1057 2427 1083 2498 ὦ
1113 2433 1234 2518 ἀνδρες

223 2537 374 2605 δικασταὶ
403 2541 517 2624 ἔτυχεν
544 2537 565 2621 ή
593 2541 679 2623 γυνή
707 2562 772 2623 μου
799 2537 880 2622 μετά
906 2549 974 2604 τῶν
996 2540 1139 2604 παιδίων
1162 2538 1233 2624 ἀρι-

224 2656 332 2711 στῶσα
355 2643 392 2710 ἐν
414 2652 453 2730 τή
476 2643 577 2730 αὐλή,
604 2643 659 2711 καὶ
687 2642 755 2728 μετ’
783 2644 883 2729 αύτής
905 2646 1002 2728 τιτθή
1025 2666 1075 2722 τις
1097 2643 1157 2730 ἐμή
1180 2668 1234 2728 γε-

222 2747 345 2835 νομένη
375 2749 581 2836 πρεσβυτέρα
610 2751 790 2835 ἄνθρωπος
821 2750 942 2828 εὔνους
967 2748 1023 2816 καὶ
1051 2752 1149 2835 πιστή
1179 2749 1235 2816 καὶ

224 2853 383 2942 ἀφειμένη
408 2853 569 2941 ἐλευθέρα
591 2855 656 2922 ὑπὸ
680 2865 740 2922 τοῦ
763 2857 886 2941 πατρὸς
907 2865 968 2923 τοῦ
991 2855 1082 2942 ἐμοῦ.
1127 2853 1309 2944 συνςό-Ῑιεε

223 2977 302 3047 κησε
326 2957 363 3027 δέ
387 2960 497 3047 ἀνδρί,
521 2959 633 3046 ἐπειδή
666 2960 789 3047 ἀφείθη
814 2959 987 3048 ἐλευθέρα·
1011 2962 1055 3039 ὡς
1078 2957 1116 3027 δὲ
1139 2958 1237 3040 οὗτος

225 3065 371 3132 ἀπέθανε
394 3063 449 3131 καὶ
472 3066 553 3149 αὐτή
577 3075 681 3150 γραῦς
702 3061 746 3150 ἦν
769 3063 824 3131 καὶ
847 3066 908 3132 οὐκ
930 3061 974 3150 ήν
997 3066 1101 3151 αὐτήν
1120 3067 1138 3134 6
1156 3067 1236 3152 θρέ-

186 3191 212 3232 τε
224 3183 311 3256 ψων,
334 3171 495 3256 ἐπανῆκεν
507 3172 551 3248 ὡς
569 3168 634 3255 ἐμέ.
672 3170 852 3255 ἀναγκαῖον
870 3167 933 3238 οὖν
950 3167 993 3256 ήν
1011 3173 1055 3256 μή
1073 3174 1236 3258 περιιδεῖν

226 3276 350 3355 ἐνδεεῖς
379 3279 477 3354 ὄντας
506 3279 586 3361 μήτε
615 3278 734 3360 τιτθήν
761 3275 944 3362 γενομένην
966 3281 1046 3362 μήτε
1069 3281 1237 3362 παιδαγω-

227 3385 301 3466 γόν·
331 3383 398 3468 ἅμα
428 3378 466 3447 δὲ
487 3379 542 3447 καὶ
570 3391 779 3467 τριηραρχῶν
807 3380 978 3466 ἐξέπλεον,
1010 3384 1093 3448 ὥστε
1119 3382 1175 3449 καὶ
1197 3393 1236 3470 τῇ

228 3485 361 3568 γυναικὶ
386 3485 574 3572 βουλομένη
602 3481 646 3571 ἧν
673 3488 828 3572 τοιαύτην
855 3489 1012 3574 οίκουρὸν
1038 3486 1106 3572 μετ’
1138 3489 1237 3574 αὐτῆς
