2654 3926
466 180 779 234 KATA·2TE<1⁵ANOT
797 182 829 232 A.
1114 180 1154 244 71

13 347 17 408 λ
191 340 336 424 ἀνοίγειν·
368 337 445 405 εἶναι
474 340 506 404 δὲ
537 339 600 405 τάδ’
633 342 800 426 ἀντίγραφα
827 353 885 406 τῶν
918 345 1073 424 διαθηκῶν
1099 355 1158 408 τῶν

192 441 358 512 Πασίωνος,

118 571 132 610 9
208 555 390 625 Ἠκούσατε
418 556 478 644 μὲν
504 569 563 645 τῆς
588 565 768 648 μαρτυρίας
795 556 821 626 δ)
848 563 968 648 ἄνδρες
995 564 1157 647 δικασταί,

145 667 268 749 νομίζω
291 663 323 730 δ’
350 665 451 749 ὑμᾶς,
472 668 504 731 εί
523 665 579 731 καὶ
601 663 706 751 μηδὲν
728 679 795 732 τῶν
818 669 928 733 ἄλλων
951 666 1161 733 αἰσθάνεσθέ

145 791 216 855 πω,
237 775 336 838 τοῦτό
359 769 389 855 γ’
417 772 497 838 αὐτὸ
520 773 720 857 θαυμάζειν,
746 776 783 839 τὸ
806 775 867 858 τήν
891 771 952 858 μὲν
975 773 1080 860 ἀρχήν
1101 782 1159 858 της

146 881 327 962 μαρτυρίας
344 872 431 942 εἶναι
447 881 643 963 πρόκλησιν,
665 879 727 962 τήν
745 874 783 943 δὲ
804 881 960 963 τελευτήν
983 881 1158 964 διαθήκην.

146 981 188 1047 ού
210 983 277 1066 μήν
299 980 371 1047 ἀλλ’
395 980 492 1067 ἔγωγ’
520 979 611 1068 οἶμαι
631 986 715 1069 δεῖν,
737 981 884 1068 ἐπειδάν,
907 984 925 1050 δ
948 996 1016 1050 τῶν
1036 1008 1159 1071 μεμαρ-

145 1085 341 1174 τυρημένων
368 1087 510 1175 ὡσπερεὶ
539 1089 720 1175 κεφάλαιόν
747 1087 828 1174 ἐστ’,
856 1089 1007 1168 ἐπιδείξω
1035 1093 1160 1169 ψεῦδος

9 1250 10 1278 ,
146 1194 202 1276 ὅν,
234 1191 401 1278 τηνικαῦτ’
428 1196 493 1279 ήδη
520 1194 577 1261 καὶ
605 1193 682 1282 περὶ
708 1197 962 1263 τῶντοιούτων
991 1203 1160 1262 ποιείσθω

107 1311 134 1352 1⁰
146 1303 224 1377 τοὺς
247 1304 375 1385 λόγους.
421 1303 490 1367 ἐστι
513 1303 555 1386 δή
578 1300 872 1387 μεμαρτυρημένον
894 1302 1016 1386 αὐτοῖς,
1038 1323 1160 1387 προκα-

147 1409 279 1471 λεῖσθαι
299 1405 469 1493 Φορμίων’
497 1406 645 1491 ἀνοίγειν
667 1408 725 1485 τάς
748 1410 922 1492 διαθήκας,
944 1408 983 1486 ἃς
1004 1406 1160 1494 παρέχειν

145 1515 228 1598 πρὸς
249 1515 308 1579 τὸν
336 1515 507 1598 διαιτητήν
534 1517 667 1579 Τεισίαν
687 1513 828 1600 Ἀμφίαν
854 1517 913 1580 τὸν
935 1517 1159 1600 Κηφισοφῶν-

146 1642 202 1696 τος
228 1621 405 1705 κηδεστήν·
434 1617 490 1704 ἐμὲ
518 1618 549 1686 δ
576 1620 638 1686 οὐκ
665 1619 795 1686 ἐθέλειν
824 1619 986 1704 ἀνοίγειν·
1014 1614 1101 1686 εἶναι
1124 1616 1155 1685 δ’

147 1724 186 1801 ἃς
208 1723 303 1792 αὐτοὶ
330 1728 619 1812 μεμαρτυρήκασιν
646 1727 809 1810 διαθήκας
831 1723 1056 1812 ἀντιγράφους
1077 1725 1160 1792 ἐκεί-

108 1842 226 1897 11νων.
262 1826 328 1897 &W
355 1831 377 1914 ἡ
396 1833 540 1918 διαθήκη
560 1829 748 1919 γέγραπται.
770 1819 851 1915 Ιἐγὼ
869 1835 985 1897 τοίνυν
1003 1829 1079 1916 περὶ
1097 1827 1159 1916 μέν

146 1946 207 2002 τοῦ
228 1941 470 2021 προκαλεισθαί
489 1935 523 2023 μ’
550 1938 571 2023 ή
594 1939 639 2023 μή
661 1947 764 2004 ταῦτα
788 1934 957 2022 Φορμίων’
985 1934 1086 2002 οὐδέν
1108 1958 1159 2002 πω

148 2040 248 2125 λέγω,
271 2041 344 2108 οὐδ’
370 2040 454 2128 ὑπὲρ
476 2053 537 2110 τοῦ
559 2045 617 2121 τάς
639 2046 801 2127 διαθήκας
823 2042 961 2126 ἀληθεῖς
982 2041 1004 2126 ἢ
1025 2044 1161 2120 ψευδεῖς

148 2141 251 2229 εἶναι,
278 2144 350 2212 ἀλλ’
383 2146 487 2232 αὐτίχ’
514 2149 600 2232 ὑμᾶς
626 2148 701 2235 περὶ
728 2150 855 2215 τούτων
879 2145 1016 2225 διδάξω·
1039 2145 1111 2213 ἀλλ’
1139 2147 1160 2213 δ

150 2255 453 2340 μεμαρτυρήκασιν,
477 2257 521 2337 μή
544 2252 576 2338 μ’
605 2253 736 2321 ἐθέλειν
758 2258 796 2321 τὸ
819 2265 1043 2340 γραμματεῖον
1069 2252 1160 2319 άνοί-

149 2381 232 2442 γειν.
268 2356 330 2423 δαδὶ
346 2359 386 2442 δή
402 2369 563 2444 σκοπεῖτε,
585 2369 645 2426 τοῦ
663 2384 713 2437 τις
731 2359 773 2426 άν
792 2356 889 2425 εἵνεκ’
912 2362 1052 2446 ἔφευγεν
1069 2356 1160 2424 ἀνοί-

148 2488 221 2549 γειν
247 2466 285 2530 τὸ
312 2476 544 2550 γραμματεῖον.
581 2461 626 2530 ἵν’
651 2465 673 2550 ή
701 2466 845 2550 διαθήκη
875 2466 918 2549 νή
941 2468 1009 2529 Δία
1031 2466 1076 2549 μή
1098 2487 1238 2550 ‹pa-1105

108 2572 230 2658 12νερά
252 2569 383 2655 γένοιτο
408 2581 477 2647 τοῖς
505 2571 681 2648 δικασταῖς.
719 2573 750 2637 εί
771 2567 832 2655 μὲν
854 2574 971 2636 τοίνυν
992 2571 1036 2655 μή
1059 2587 1160 2655 προσ-

148 2678 356 2762 εμαρτύρουν
385 2684 425 2761 τῇ
447 2678 627 2761 προκλήσει
649 2679 711 2762 τήν
734 2677 900 2762 διαθήκην
923 2671 1031 2760 οὗτοι,
1059 2679 1160 2760 λόγον

148 2777 236 2869 εἶχέν
260 2779 324 2847 τιν’
347 2780 389 2848 άν
407 2783 445 2848 τὸ
464 2783 602 2866 φεύγειν
620 2780 669 2866 ἔμ’
693 2781 842 2866 ἀνοίγειν
864 2785 901 2848 τὸ
924 2795 1160 2869 γραμματεῖον·

148 2889 496 2975 προσμαρτυρούντων
511 2884 548 2954 δὲ
562 2890 690 2956 τούτων
703 2888 838 2955 καὶτῶν
857 2891 1022 2954 δικαστῶν
1040 2889 1161 2974 ὁμοίως

149 2992 401 3078 ἀκουσομένων,
430 2997 467 3058 τί
489 2988 532 3077 ήν
559 3018 615 3078 μοι
641 2992 758 3080 κέρδος
780 2997 817 3060 τὸ
840 2997 884 3080 μή
909 2994 1052 3073 ἐθέλειν;
1082 2991 1161 3060 οὐδὲ

149 3099 186 3164 ἓν
209 3101 326 3184 δήπου.
363 3099 444 3165 αὐτὸ
471 3099 535 3184 γὰρ
562 3099 761 3166 τούναντίον
788 3095 813 3164 ὦ
837 3101 957 3184 ἄνδρες
975 3097 1161 3184 Ἀθηναῖοι,

149 3205 211 3273 κάν
240 3208 271 3271 εί
297 3202 401 3290 μηδὲν
429 3202 679 3292 προύκαλοῦνθ’
705 3201 815 3291 οὗτοι,
842 3209 930 3295 λόγῳ
960 3202 990 3270 δ
1018 3205 1160 3292 ἐχρῶντο

149 3313 267 3396 μόνον,
288 3310 344 3377 καὶ
361 3310 516 3398 παρεῖχέν
534 3335 583 3389 τις
602 3311 713 3388 αὐτοῖς
731 3322 953 3397 γραμματεῖον
975 3309 1021 3387 ὡς
1043 3313 1162 3395 διαθή-

111 3434 135 3474 1³
149 3441 230 3504 κην,
258 3417 337 3502 ἐμὸν
365 3412 409 3502 ήν
435 3419 473 3484 τδ
500 3423 738 3502 προκαλεῖσθαι
767 3414 821 3483 καὶ
844 3416 991 3482 κελεύειν
1014 3415 1162 3499 ἀνοίγειν

149 3525 285 3608 ταύτην,
307 3519 352 3588 ἵν’
379 3526 411 3588 εί
432 3519 492 3606 μὲν
516 3520 588 3589 ἄλλ’
616 3525 695 3589 ἄττα
717 3534 784 3588 τῶν
802 3523 868 3589 ὑπὸ
891 3522 1018 3588 τούτων
1040 3543 1162 3603 μεμαρ-
