<?xml version="1.0" encoding="UTF-8"?>
<!DOCTYPE html PUBLIC "-//W3C//DTD XHTML 1.0 Transitional//EN"
    "http://www.w3.org/TR/xhtml1/DTD/xhtml1-transitional.dtd">
<html xmlns="http://www.w3.org/1999/xhtml" xml:lang="en" lang="en">
 <head>
  <title>
</title>
<meta http-equiv="Content-Type" content="text/html;charset=utf-8" />
  <meta name='ocr-system' content='tesseract 3.04.00' />
  <meta name='ocr-capabilities' content='ocr_page ocr_carea ocr_par ocr_line ocrx_word'/>
</head>
<body>
  <div class='ocr_page' id='page_1' title='image "./orationes01demogoog_0170.png"; bbox 0 0 2654 3926; ppageno 0'>
   <div class='ocr_carea' id='block_1_1' title="bbox 418 125 1102 188">
    <p class='ocr_par' dir='ltr' id='par_1_1' title="bbox 418 125 1102 188">
     <span class='ocr_line' id='line_1_1' title="bbox 418 125 1102 188; baseline -0.001 -10"><span class='ocrx_word' id='word_1_1' title='bbox 418 128 513 178; x_wconf 80' lang='grc' dir='ltr'><strong>ΚΑΤΑ</strong></span> <span class='ocrx_word' id='word_1_2' title='bbox 531 127 730 178; x_wconf 79' lang='grc' dir='ltr'><strong><em>ΣΤΕΦΑΝΟΤ</em></strong></span> <span class='ocrx_word' id='word_1_3' title='bbox 748 128 780 181; x_wconf 82' lang='lat' dir='ltr'><strong><em>A.</em></strong></span> <span class='ocrx_word' id='word_1_4' title='bbox 1062 125 1102 188; x_wconf 75' lang='grc'><strong><em>77</em></strong></span> 
     </span>
    </p>
   </div>
   <div class='ocr_carea' id='block_1_2' title="bbox 44 281 1182 1540">
    <p class='ocr_par' dir='ltr' id='par_1_2' title="bbox 19 281 1106 583">
     <span class='ocr_line' id='line_1_2' title="bbox 77 281 1104 373; baseline -0.001 -21.053"><span class='ocrx_word' id='word_1_5' title='bbox 77 287 170 352; x_wconf 86' lang='grc' dir='ltr'><strong><em>ὅλον</em></strong></span> <span class='ocrx_word' id='word_1_6' title='bbox 194 283 285 352; x_wconf 80' lang='grc' dir='ltr'><strong><em>ἐστὶν</em></strong></span> <span class='ocrx_word' id='word_1_7' title='bbox 307 285 328 370; x_wconf 82' lang='grc' dir='ltr'><em>ἡ</em></span> <span class='ocrx_word' id='word_1_8' title='bbox 353 289 507 370; x_wconf 99' lang='grc' dir='ltr'><strong><em>διαθήκη.</em></strong></span> <span class='ocrx_word' id='word_1_9' title='bbox 549 285 646 365; x_wconf 85' lang='grc' dir='ltr'><strong><em>δείξω</em></strong></span> <span class='ocrx_word' id='word_1_10' title='bbox 675 282 705 352; x_wconf 91' lang='grc' dir='ltr'><strong><em>δ’</em></strong></span> <span class='ocrx_word' id='word_1_11' title='bbox 732 285 775 371; x_wconf 81' lang='grc' dir='ltr'><strong><em>ἣν</em></strong></span> <span class='ocrx_word' id='word_1_12' title='bbox 802 281 899 364; x_wconf 87' lang='grc' dir='ltr'><strong><em>οὗτος</em></strong></span> <span class='ocrx_word' id='word_1_13' title='bbox 925 285 1104 373; x_wconf 80' lang='grc' dir='ltr'><strong><em>παρέσχετο</em></strong></span> 
     </span>
     <span class='ocr_line' id='line_1_3' title="bbox 80 385 1106 479; baseline 0.001 -22"><span class='ocrx_word' id='word_1_14' title='bbox 80 396 272 476; x_wconf 79' lang='grc' dir='ltr'><strong><em>μίσθωσιν,</em></strong></span> <span class='ocrx_word' id='word_1_15' title='bbox 296 392 358 458; x_wconf 86' lang='grc' dir='ltr'><strong><em>οὐκ</em></strong></span> <span class='ocrx_word' id='word_1_16' title='bbox 375 393 480 477; x_wconf 82' lang='grc' dir='ltr'><strong><em>άλλην</em></strong></span> <span class='ocrx_word' id='word_1_17' title='bbox 499 392 585 476; x_wconf 86' lang='grc' dir='ltr'><strong><em>τινά,</em></strong></span> <span class='ocrx_word' id='word_1_18' title='bbox 608 391 645 457; x_wconf 89' lang='grc' dir='ltr'><strong><em>έν</em></strong></span> <span class='ocrx_word' id='word_1_19' title='bbox 663 385 685 479; x_wconf 75' lang='grc' dir='ltr'><em>ᾗ</em></span> <span class='ocrx_word' id='word_1_20' title='bbox 703 390 969 479; x_wconf 79' lang='grc' dir='ltr'><strong><em>προσγέγραπται</em></strong></span> <span class='ocrx_word' id='word_1_21' title='bbox 988 391 1106 458; x_wconf 78' lang='grc' dir='ltr'><strong><em>ἕνδεκα</em></strong></span> 
     </span>
     <span class='ocr_line' id='line_1_4' title="bbox 79 497 1105 583; baseline 0.002 -21"><span class='ocrx_word' id='word_1_22' title='bbox 79 499 234 563; x_wconf 89' lang='grc' dir='ltr'><strong><em>τάλαντα</em></strong></span> <span class='ocrx_word' id='word_1_23' title='bbox 257 497 276 564; x_wconf 85' lang='grc' dir='ltr'>ὁ</span> <span class='ocrx_word' id='word_1_24' title='bbox 299 498 405 583; x_wconf 87' lang='grc' dir='ltr'><strong><em>πατήρ</em></strong></span> <span class='ocrx_word' id='word_1_25' title='bbox 429 498 573 582; x_wconf 82' lang='grc' dir='ltr'><strong><em>ὀφείλων</em></strong></span> <span class='ocrx_word' id='word_1_26' title='bbox 591 499 639 574; x_wconf 86' lang='grc' dir='ltr'><strong><em>είς</em></strong></span> <span class='ocrx_word' id='word_1_27' title='bbox 656 498 713 574; x_wconf 81' lang='grc' dir='ltr'><strong><em>τὰς</em></strong></span> <span class='ocrx_word' id='word_1_28' title='bbox 730 500 1008 583; x_wconf 74' lang='grc' dir='ltr'><strong><em>παρακαταθήκας</em></strong></span> <span class='ocrx_word' id='word_1_29' title='bbox 1029 499 1105 564; x_wconf 87' lang='grc' dir='ltr'><strong><em>τού-</em></strong></span> 
     </span>
    </p>

    <p class='ocr_par' dir='ltr' id='par_1_3' title="bbox 44 600 1176 1324">
     <span class='ocr_line' id='line_1_5' title="bbox 44 600 1176 691; baseline 0.001 -23"><span class='ocrx_word' id='word_1_30' title='bbox 44 623 68 663; x_wconf 73' lang='grc' dir='ltr'><strong><em>το</em></strong></span> <span class='ocrx_word' id='word_1_31' title='bbox 81 627 141 691; x_wconf 83' lang='grc' dir='ltr'><strong><em>τω.</em></strong></span> <span class='ocrx_word' id='word_1_32' title='bbox 182 605 252 670; x_wconf 81' lang='grc' dir='ltr'><strong><em>ἔστι</em></strong></span> <span class='ocrx_word' id='word_1_33' title='bbox 276 601 307 670; x_wconf 90' lang='grc' dir='ltr'><strong><em>δ’</em></strong></span> <span class='ocrx_word' id='word_1_34' title='bbox 330 600 421 689; x_wconf 81' lang='grc' dir='ltr'><strong><em>οἶμαι</em></strong></span> <span class='ocrx_word' id='word_1_35' title='bbox 443 614 544 671; x_wconf 78' lang='grc' dir='ltr'><strong><em>ταῦτα</em></strong></span> <span class='ocrx_word' id='word_1_36' title='bbox 566 612 710 670; x_wconf 88' lang='grc' dir='ltr'><strong><em>τοιαῦτα.</em></strong></span> <span class='ocrx_word' id='word_1_37' title='bbox 746 614 813 669; x_wconf 82' lang='grc' dir='ltr'><strong><em>τῶν</em></strong></span> <span class='ocrx_word' id='word_1_38' title='bbox 836 600 897 688; x_wconf 70' lang='grc' dir='ltr'><strong><em>μὲν</em></strong></span> <span class='ocrx_word' id='word_1_39' title='bbox 920 611 1005 671; x_wconf 81' lang='grc' dir='ltr'><strong><em>οίκοι</em></strong></span> <span class='ocrx_word' id='word_1_40' title='bbox 1027 629 1105 690; x_wconf 92' lang='grc' dir='ltr'><strong><em>χρη-</em></strong></span> <span class='ocrx_word' id='word_1_41' title='bbox 1172 627 1176 636; x_wconf 86' lang='grc'>’</span> 
     </span>
     <span class='ocr_line' id='line_1_6' title="bbox 83 707 1107 794; baseline 0.001 -19"><span class='ocrx_word' id='word_1_42' title='bbox 83 709 202 793; x_wconf 91' lang='grc' dir='ltr'><strong><em>μάτων</em></strong></span> <span class='ocrx_word' id='word_1_43' title='bbox 231 710 275 786; x_wconf 81' lang='grc' dir='ltr'><strong><em>ὡς</em></strong></span> <span class='ocrx_word' id='word_1_44' title='bbox 302 708 355 775; x_wconf 80' lang='grc' dir='ltr'><strong><em>ἐπὶ</em></strong></span> <span class='ocrx_word' id='word_1_45' title='bbox 381 718 420 794; x_wconf 80' lang='grc' dir='ltr'><strong><em>τῇ</em></strong></span> <span class='ocrx_word' id='word_1_46' title='bbox 449 707 547 794; x_wconf 77' lang='grc' dir='ltr'><strong><em>μητρί</em></strong></span> <span class='ocrx_word' id='word_1_47' title='bbox 575 707 746 774; x_wconf 77' lang='grc' dir='ltr'><strong><em>δοθέντων</em></strong></span> <span class='ocrx_word' id='word_1_48' title='bbox 775 709 831 774; x_wconf 79' lang='grc' dir='ltr'><strong><em>διὰ</em></strong></span> <span class='ocrx_word' id='word_1_49' title='bbox 858 718 915 793; x_wconf 87' lang='grc' dir='ltr'><strong><em>τής</em></strong></span> <span class='ocrx_word' id='word_1_50' title='bbox 943 712 1107 794; x_wconf 76' lang='grc' dir='ltr'><strong><em>διαθήκης</em></strong></span> 
     </span>
     <span class='ocr_line' id='line_1_7' title="bbox 84 812 1101 901; baseline 0.004 -23"><span class='ocrx_word' id='word_1_51' title='bbox 84 815 193 880; x_wconf 83' lang='grc' dir='ltr'><strong><em>αὑτὸν</em></strong></span> <span class='ocrx_word' id='word_1_52' title='bbox 222 815 355 901; x_wconf 89' lang='grc' dir='ltr'><strong><em>έποίησε</em></strong></span> <span class='ocrx_word' id='word_1_53' title='bbox 382 816 517 900; x_wconf 84' lang='grc' dir='ltr'><strong><em>κύριον,</em></strong></span> <span class='ocrx_word' id='word_1_54' title='bbox 545 815 654 900; x_wconf 83' lang='grc' dir='ltr'><strong><em>ὥσπερ</em></strong></span> <span class='ocrx_word' id='word_1_55' title='bbox 682 812 835 899; x_wconf 78' lang='grc' dir='ltr'><strong><em>ἀκηκόατ’</em></strong></span> <span class='ocrx_word' id='word_1_56' title='bbox 864 816 953 901; x_wconf 85' lang='grc' dir='ltr'><strong><em>άρτι,</em></strong></span> <span class='ocrx_word' id='word_1_57' title='bbox 980 816 1101 882; x_wconf 79' lang='grc' dir='ltr'><strong><em>τῶνδ’</em></strong></span> 
     </span>
     <span class='ocr_line' id='line_1_8' title="bbox 85 918 1105 1008; baseline 0.001 -22"><span class='ocrx_word' id='word_1_58' title='bbox 85 919 143 986; x_wconf 80' lang='grc' dir='ltr'><strong><em>ἐπὶ</em></strong></span> <span class='ocrx_word' id='word_1_59' title='bbox 167 931 226 1004; x_wconf 84' lang='grc' dir='ltr'><strong><em>τής</em></strong></span> <span class='ocrx_word' id='word_1_60' title='bbox 247 919 403 1008; x_wconf 77' lang='grc' dir='ltr'><strong><em>τραπέζης</em></strong></span> <span class='ocrx_word' id='word_1_61' title='bbox 425 923 549 1004; x_wconf 75' lang='grc' dir='ltr'><strong><em>ὄντων,</em></strong></span> <span class='ocrx_word' id='word_1_62' title='bbox 578 919 599 986; x_wconf 78' lang='grc' dir='ltr'><strong><em>δ</em></strong></span> <span class='ocrx_word' id='word_1_63' title='bbox 621 920 741 996; x_wconf 87' lang='grc' dir='ltr'><strong><em>πάντες</em></strong></span> <span class='ocrx_word' id='word_1_64' title='bbox 761 918 887 1006; x_wconf 76' lang='grc' dir='ltr'><strong><em>ᾔδεσαν</em></strong></span> <span class='ocrx_word' id='word_1_65' title='bbox 908 919 963 985; x_wconf 83' lang='grc' dir='ltr'><strong><em>καὶ</em></strong></span> <span class='ocrx_word' id='word_1_66' title='bbox 986 926 1105 988; x_wconf 83' lang='grc' dir='ltr'><strong><em>λαθεῖν</em></strong></span> 
     </span>
     <span class='ocr_line' id='line_1_9' title="bbox 86 1021 1099 1113; baseline -0.002 -19"><span class='ocrx_word' id='word_1_67' title='bbox 86 1028 152 1094; x_wconf 85' lang='grc' dir='ltr'><strong><em>οὐκ</em></strong></span> <span class='ocrx_word' id='word_1_68' title='bbox 174 1021 234 1112; x_wconf 79' lang='grc' dir='ltr'><strong><em>ήν,</em></strong></span> <span class='ocrx_word' id='word_1_69' title='bbox 262 1027 317 1093; x_wconf 80' lang='grc' dir='ltr'><strong><em>διὰ</em></strong></span> <span class='ocrx_word' id='word_1_70' title='bbox 345 1037 406 1093; x_wconf 89' lang='grc' dir='ltr'><strong><em>τοῦ</em></strong></span> <span class='ocrx_word' id='word_1_71' title='bbox 427 1023 681 1113; x_wconf 75' lang='grc' dir='ltr'><strong><em>προσοφείλοντ’</em></strong></span> <span class='ocrx_word' id='word_1_72' title='bbox 710 1025 878 1111; x_wconf 80' lang='grc' dir='ltr'><strong><em>ἀποφῆναι</em></strong></span> <span class='ocrx_word' id='word_1_73' title='bbox 903 1027 963 1092; x_wconf 87' lang='grc' dir='ltr'><strong><em>τὸν</em></strong></span> <span class='ocrx_word' id='word_1_74' title='bbox 990 1025 1099 1113; x_wconf 90' lang='grc' dir='ltr'><strong><em>πατέρ’</em></strong></span> 
     </span>
     <span class='ocr_line' id='line_1_10' title="bbox 78 1130 1105 1219; baseline -0.004 -19"><span class='ocrx_word' id='word_1_75' title='bbox 78 1135 200 1219; x_wconf 81' lang='grc' dir='ltr'><strong><em>ήμῶν,</em></strong></span> <span class='ocrx_word' id='word_1_76' title='bbox 232 1130 292 1218; x_wconf 81' lang='grc' dir='ltr'><strong><em>ἵν’,</em></strong></span> <span class='ocrx_word' id='word_1_77' title='bbox 324 1130 373 1199; x_wconf 83' lang='grc' dir='ltr'><strong><em>ὅσ’</em></strong></span> <span class='ocrx_word' id='word_1_78' title='bbox 411 1131 611 1219; x_wconf 78' lang='grc' dir='ltr'><strong><em>ἐξελέγχοιτο</em></strong></span> <span class='ocrx_word' id='word_1_79' title='bbox 649 1135 751 1218; x_wconf 88' lang='grc' dir='ltr'><strong><em>έχων,</em></strong></span> <span class='ocrx_word' id='word_1_80' title='bbox 786 1136 983 1217; x_wconf 81' lang='grc' dir='ltr'><strong><em>κεκομίσθαι</em></strong></span> <span class='ocrx_word' id='word_1_81' title='bbox 1014 1137 1105 1216; x_wconf 85' lang='grc' dir='ltr'><strong><em>φαίη.</em></strong></span> 
     </span>
     <span class='ocr_line' id='line_1_11' title="bbox 86 1237 1104 1324; baseline -0.005 -18"><span class='ocrx_word' id='word_1_82' title='bbox 86 1241 184 1324; x_wconf 78' lang='grc' dir='ltr'><strong><em>ὑμεῖς</em></strong></span> <span class='ocrx_word' id='word_1_83' title='bbox 217 1237 247 1306; x_wconf 91' lang='grc' dir='ltr'><strong><em>δ’</em></strong></span> <span class='ocrx_word' id='word_1_84' title='bbox 284 1246 364 1316; x_wconf 89' lang='grc' dir='ltr'><strong><em>ίσως</em></strong></span> <span class='ocrx_word' id='word_1_85' title='bbox 395 1238 497 1305; x_wconf 86' lang='grc' dir='ltr'><strong><em>αὐτὸν</em></strong></span> <span class='ocrx_word' id='word_1_86' title='bbox 528 1238 749 1324; x_wconf 82' lang='grc' dir='ltr'><strong><em>ὑπειλήφατε,</em></strong></span> <span class='ocrx_word' id='word_1_87' title='bbox 782 1237 832 1302; x_wconf 86' lang='grc' dir='ltr'><strong><em>ὅτι</em></strong></span> <span class='ocrx_word' id='word_1_88' title='bbox 863 1240 1036 1316; x_wconf 73' lang='grc' dir='ltr'><strong><em>σολοικίζει</em></strong></span> <span class='ocrx_word' id='word_1_89' title='bbox 1065 1246 1104 1322; x_wconf 80' lang='grc' dir='ltr'><strong><em>τῇ</em></strong></span> 
     </span>
    </p>

    <p class='ocr_par' dir='ltr' id='par_1_4' title="bbox 19 1261 1182 1540">
     <span class='ocr_line' id='line_1_12' title="bbox 86 1337 1182 1433; baseline 0 -20"><span class='ocrx_word' id='word_1_90' title='bbox 86 1355 204 1432; x_wconf 77' lang='grc' dir='ltr'><strong><em>φωνή,</em></strong></span> <span class='ocrx_word' id='word_1_91' title='bbox 234 1346 406 1433; x_wconf 81' lang='grc' dir='ltr'><strong><em>βάρβαρον</em></strong></span> <span class='ocrx_word' id='word_1_92' title='bbox 433 1342 489 1410; x_wconf 81' lang='grc' dir='ltr'><strong><em>καὶ</em></strong></span> <span class='ocrx_word' id='word_1_93' title='bbox 518 1343 808 1431; x_wconf 83' lang='grc' dir='ltr'><strong><em>εὐκαταφρόνητον</em></strong></span> <span class='ocrx_word' id='word_1_94' title='bbox 839 1337 933 1410; x_wconf 84' lang='grc' dir='ltr'><strong><em>εἶναι.</em></strong></span> <span class='ocrx_word' id='word_1_95' title='bbox 976 1346 1045 1408; x_wconf 79' lang='grc' dir='ltr'><strong><em>ἔστι</em></strong></span> <span class='ocrx_word' id='word_1_96' title='bbox 1068 1339 1182 1413; x_wconf 72' lang='grc' dir='ltr'><strong><em>δδηιι</em></strong></span> 
     </span>
     <span class='ocr_line' id='line_1_13' title="bbox 87 1448 1104 1540; baseline -0.003 -23"><span class='ocrx_word' id='word_1_97' title='bbox 87 1453 258 1537; x_wconf 83' lang='grc' dir='ltr'><strong><em>βάρβαρος</em></strong></span> <span class='ocrx_word' id='word_1_98' title='bbox 285 1448 381 1529; x_wconf 83' lang='grc' dir='ltr'><strong><em>οὗτος</em></strong></span> <span class='ocrx_word' id='word_1_99' title='bbox 404 1460 449 1540; x_wconf 76' lang='grc' dir='ltr'><strong><em>τῷ</em></strong></span> <span class='ocrx_word' id='word_1_100' title='bbox 473 1461 583 1535; x_wconf 74' lang='grc' dir='ltr'><strong><em>μισεῖν</em></strong></span> <span class='ocrx_word' id='word_1_101' title='bbox 607 1449 665 1527; x_wconf 80' lang='grc' dir='ltr'><strong><em>οὓς</em></strong></span> <span class='ocrx_word' id='word_1_102' title='bbox 688 1449 775 1538; x_wconf 73' lang='grc' dir='ltr'><strong><em>αὐτῷ</em></strong></span> <span class='ocrx_word' id='word_1_103' title='bbox 800 1458 965 1537; x_wconf 88' lang='grc' dir='ltr'><strong><em>προσήκεν</em></strong></span> <span class='ocrx_word' id='word_1_104' title='bbox 992 1459 1104 1534; x_wconf 88' lang='grc' dir='ltr'><strong><em>τιμᾶν·</em></strong></span> 
     </span>
    </p>
   </div>
   <div class='ocr_carea' id='block_1_3' title="bbox 19 1551 1105 1857">
    <p class='ocr_par' dir='ltr' id='par_1_5' title="bbox 19 1551 1105 1857">
     <span class='ocr_line' id='line_1_14' title="bbox 88 1551 1105 1646; baseline -0.001 -23"><span class='ocrx_word' id='word_1_105' title='bbox 88 1567 135 1646; x_wconf 78' lang='grc' dir='ltr'><strong><em>τῷ</em></strong></span> <span class='ocrx_word' id='word_1_106' title='bbox 171 1553 208 1622; x_wconf 70' lang='grc' dir='ltr'><strong><em>δὲ</em></strong></span> <span class='ocrx_word' id='word_1_107' title='bbox 239 1567 462 1646; x_wconf 87' lang='grc' dir='ltr'><strong><em>κακουργήσαι</em></strong></span> <span class='ocrx_word' id='word_1_108' title='bbox 499 1555 554 1623; x_wconf 81' lang='grc' dir='ltr'><strong><em>καὶ</em></strong></span> <span class='ocrx_word' id='word_1_109' title='bbox 587 1555 737 1643; x_wconf 85' lang='grc' dir='ltr'><strong><em>διορύξαι</em></strong></span> <span class='ocrx_word' id='word_1_110' title='bbox 769 1551 930 1643; x_wconf 81' lang='grc' dir='ltr'><strong><em>πράγματ’</em></strong></span> <span class='ocrx_word' id='word_1_111' title='bbox 967 1555 1105 1633; x_wconf 86' lang='grc' dir='ltr'><strong><em>οὐδενὸς</em></strong></span> 
     </span>
     <span class='ocr_line' id='line_1_15' title="bbox 51 1660 1104 1749; baseline -0.001 -20.029"><span class='ocrx_word' id='word_1_112' title='bbox 51 1682 74 1722; x_wconf 79' lang='lat'><strong><em>³1</em></strong></span> <span class='ocrx_word' id='word_1_113' title='bbox 89 1667 245 1730; x_wconf 88' lang='grc' dir='ltr'><strong><em>λείπεται.</em></strong></span> <span class='ocrx_word' id='word_1_114' title='bbox 290 1660 371 1749; x_wconf 73' lang='grc' dir='ltr'><strong><em>λαβὲ</em></strong></span> <span class='ocrx_word' id='word_1_115' title='bbox 403 1665 445 1748; x_wconf 80' lang='grc' dir='ltr'><strong><em>δή</em></strong></span> <span class='ocrx_word' id='word_1_116' title='bbox 475 1665 537 1748; x_wconf 85' lang='grc' dir='ltr'><strong><em>τήν</em></strong></span> <span class='ocrx_word' id='word_1_117' title='bbox 568 1667 736 1748; x_wconf 89' lang='grc' dir='ltr'><strong><em>μίσθωσιν</em></strong></span> <span class='ocrx_word' id='word_1_118' title='bbox 768 1660 822 1728; x_wconf 80' lang='grc' dir='ltr'><strong><em>καί</em></strong></span> <span class='ocrx_word' id='word_1_119' title='bbox 855 1660 946 1747; x_wconf 85' lang='grc' dir='ltr'><strong><em>λέγε,</em></strong></span> <span class='ocrx_word' id='word_1_120' title='bbox 976 1662 1018 1746; x_wconf 83' lang='grc' dir='ltr'><strong><em>ήν</em></strong></span> <span class='ocrx_word' id='word_1_121' title='bbox 1045 1664 1104 1728; x_wconf 87' lang='grc' dir='ltr'><strong><em>τὸν</em></strong></span> 
     </span>
     <span class='ocr_line' id='line_1_16' title="bbox 19 1768 882 1857; baseline -0.001 -22"><span class='ocrx_word' id='word_1_122' title='bbox 19 1777 20 1806; x_wconf 63' lang='lat'>³</span> <span class='ocrx_word' id='word_1_123' title='bbox 90 1769 195 1837; x_wconf 82' lang='grc' dir='ltr'><strong><em>αὐτὸν</em></strong></span> <span class='ocrx_word' id='word_1_124' title='bbox 217 1773 340 1857; x_wconf 87' lang='grc' dir='ltr'><strong><em>τρόπον</em></strong></span> <span class='ocrx_word' id='word_1_125' title='bbox 364 1771 420 1836; x_wconf 82' lang='grc' dir='ltr'><strong><em>διὰ</em></strong></span> <span class='ocrx_word' id='word_1_126' title='bbox 442 1772 653 1856; x_wconf 89' lang='grc' dir='ltr'><strong><em>προκλήσεως</em></strong></span> <span class='ocrx_word' id='word_1_127' title='bbox 675 1768 882 1853; x_wconf 80' lang='grc' dir='ltr'><strong><em>ἐνεβάλοντο.</em></strong></span> 
     </span>
    </p>
   </div>
   <div class='ocr_carea' id='block_1_4' title="bbox 19 1938 801 2060">
    <p class='ocr_par' dir='ltr' id='par_1_6' title="bbox 19 1938 801 2060">
     <span class='ocr_line' id='line_1_17' title="bbox 19 1938 801 2060; baseline -0.008 -21"><span class='ocrx_word' id='word_1_128' title='bbox 19 1981 23 2026; x_wconf 67' lang='grc' dir='ltr'><strong><em>ι</em></strong></span> <span class='ocrx_word' id='word_1_129' title='bbox 399 1981 580 2060; x_wconf 60' lang='lat' dir='ltr'><strong><em>mmmm</em></strong></span> <span class='ocrx_word' id='word_1_130' title='bbox 599 1938 801 2033; x_wconf 68' lang='grc' dir='ltr'><strong><em>τεειττττετ.</em></strong></span> 
     </span>
    </p>
   </div>
   <div class='ocr_carea' id='block_1_5' title="bbox 139 2105 1106 2770">
    <p class='ocr_par' dir='ltr' id='par_1_7' title="bbox 139 2105 1106 2770">
     <span class='ocr_line' id='line_1_18' title="bbox 204 2105 1105 2188; baseline -0.006 -17"><span class='ocrx_word' id='word_1_131' title='bbox 204 2107 289 2172; x_wconf 84' lang='grc' dir='ltr'><strong><em>Κατὰ</em></strong></span> <span class='ocrx_word' id='word_1_132' title='bbox 307 2109 375 2170; x_wconf 88' lang='grc' dir='ltr'><strong><em>τάδε</em></strong></span> <span class='ocrx_word' id='word_1_133' title='bbox 393 2107 539 2188; x_wconf 78' lang='grc' dir='ltr'><strong><em>ἐμίσθωσε</em></strong></span> <span class='ocrx_word' id='word_1_134' title='bbox 557 2107 683 2169; x_wconf 89' lang='grc' dir='ltr'><strong><em>Πασίων</em></strong></span> <span class='ocrx_word' id='word_1_135' title='bbox 700 2105 756 2186; x_wconf 81' lang='grc' dir='ltr'><strong><em>τήν</em></strong></span> <span class='ocrx_word' id='word_1_136' title='bbox 774 2107 918 2188; x_wconf 85' lang='grc' dir='ltr'><strong><em>τράπεζαν</em></strong></span> <span class='ocrx_word' id='word_1_137' title='bbox 939 2107 1105 2186; x_wconf 85' lang='grc' dir='ltr'><strong><em>Φορμίωνι·</em></strong></span> 
     </span>
     <span class='ocr_line' id='line_1_19' title="bbox 139 2201 1106 2288; baseline -0.004 -20"><span class='ocrx_word' id='word_1_138' title='bbox 139 2209 288 2288; x_wconf 87' lang='grc' dir='ltr'><strong><em>μίσθωσιν</em></strong></span> <span class='ocrx_word' id='word_1_139' title='bbox 312 2204 412 2285; x_wconf 81' lang='grc' dir='ltr'><strong><em>φέρειν</em></strong></span> <span class='ocrx_word' id='word_1_140' title='bbox 438 2205 599 2283; x_wconf 89' lang='grc' dir='ltr'><strong><em>Φορμίωνα</em></strong></span> <span class='ocrx_word' id='word_1_141' title='bbox 620 2212 672 2283; x_wconf 78' lang='grc' dir='ltr'><strong><em>τῆς</em></strong></span> <span class='ocrx_word' id='word_1_142' title='bbox 694 2203 835 2284; x_wconf 78' lang='grc' dir='ltr'><strong><em>τραπέζης</em></strong></span> <span class='ocrx_word' id='word_1_143' title='bbox 856 2210 918 2277; x_wconf 84' lang='grc' dir='ltr'><strong><em>τοῖς</em></strong></span> <span class='ocrx_word' id='word_1_144' title='bbox 939 2201 1023 2264; x_wconf 77' lang='grc' dir='ltr'><strong><em>παισὶ</em></strong></span> <span class='ocrx_word' id='word_1_145' title='bbox 1044 2207 1106 2274; x_wconf 84' lang='grc' dir='ltr'><strong><em>τοῖς</em></strong></span> 
     </span>
     <span class='ocr_line' id='line_1_20' title="bbox 139 2297 1103 2380; baseline -0.005 -16"><span class='ocrx_word' id='word_1_146' title='bbox 139 2303 299 2375; x_wconf 89' lang='grc' dir='ltr'><strong><em>Πασίωνος</em></strong></span> <span class='ocrx_word' id='word_1_147' title='bbox 317 2301 373 2364; x_wconf 80' lang='grc' dir='ltr'><strong><em>δύο</em></strong></span> <span class='ocrx_word' id='word_1_148' title='bbox 390 2301 516 2362; x_wconf 89' lang='grc' dir='ltr'><strong><em>τάλαντα</em></strong></span> <span class='ocrx_word' id='word_1_149' title='bbox 534 2297 583 2361; x_wconf 79' lang='grc' dir='ltr'><strong><em>καὶ</em></strong></span> <span class='ocrx_word' id='word_1_150' title='bbox 601 2300 810 2380; x_wconf 85' lang='grc' dir='ltr'><strong><em>τετταράκοντα</em></strong></span> <span class='ocrx_word' id='word_1_151' title='bbox 831 2309 909 2378; x_wconf 81' lang='grc' dir='ltr'><strong><em>μνᾶς</em></strong></span> <span class='ocrx_word' id='word_1_152' title='bbox 930 2307 984 2360; x_wconf 76' lang='grc' dir='ltr'><strong><em>τοῦ</em></strong></span> <span class='ocrx_word' id='word_1_153' title='bbox 1007 2297 1103 2360; x_wconf 76' lang='grc' dir='ltr'><strong><em>ἐνιαυ-</em></strong></span> 
     </span>
     <span class='ocr_line' id='line_1_21' title="bbox 139 2391 1104 2478; baseline -0.006 -17"><span class='ocrx_word' id='word_1_154' title='bbox 139 2407 206 2461; x_wconf 77' lang='grc' dir='ltr'><strong><em>τοδ</em></strong></span> <span class='ocrx_word' id='word_1_155' title='bbox 222 2397 363 2478; x_wconf 75' lang='grc' dir='ltr'><strong><em>ἑκάστου,</em></strong></span> <span class='ocrx_word' id='word_1_156' title='bbox 393 2395 481 2478; x_wconf 82' lang='grc' dir='ltr'><strong><em>χωρίς</em></strong></span> <span class='ocrx_word' id='word_1_157' title='bbox 513 2404 565 2476; x_wconf 81' lang='grc' dir='ltr'><strong><em>τῆς</em></strong></span> <span class='ocrx_word' id='word_1_158' title='bbox 598 2391 669 2458; x_wconf 86' lang='grc' dir='ltr'><strong><em>καθ’</em></strong></span> <span class='ocrx_word' id='word_1_159' title='bbox 701 2392 815 2476; x_wconf 75' lang='grc' dir='ltr'><strong><em>ἡμέραν</em></strong></span> <span class='ocrx_word' id='word_1_160' title='bbox 851 2396 1033 2474; x_wconf 88' lang='grc' dir='ltr'><strong><em>διοικήσεως·</em></strong></span> <span class='ocrx_word' id='word_1_161' title='bbox 1064 2394 1104 2474; x_wconf 82' lang='grc' dir='ltr'><strong><em>μή</em></strong></span> 
     </span>
     <span class='ocr_line' id='line_1_22' title="bbox 139 2491 1104 2581; baseline -0.005 -22"><span class='ocrx_word' id='word_1_162' title='bbox 139 2497 247 2571; x_wconf 79' lang='grc' dir='ltr'><strong><em>ἐξεῖναι</em></strong></span> <span class='ocrx_word' id='word_1_163' title='bbox 270 2492 302 2557; x_wconf 76' lang='grc' dir='ltr'><strong><em>δὲ</em></strong></span> <span class='ocrx_word' id='word_1_164' title='bbox 324 2496 542 2576; x_wconf 76' lang='grc' dir='ltr'><strong><em>τραπεζιτεῦσαι</em></strong></span> <span class='ocrx_word' id='word_1_165' title='bbox 567 2492 655 2576; x_wconf 82' lang='grc' dir='ltr'><strong><em>χωρίς</em></strong></span> <span class='ocrx_word' id='word_1_166' title='bbox 685 2494 853 2573; x_wconf 88' lang='grc' dir='ltr'><strong><em>Φορμίωνι,</em></strong></span> <span class='ocrx_word' id='word_1_167' title='bbox 880 2493 933 2555; x_wconf 79' lang='grc' dir='ltr'><strong><em>ἐὰν</em></strong></span> <span class='ocrx_word' id='word_1_168' title='bbox 955 2491 995 2574; x_wconf 82' lang='grc' dir='ltr'><strong><em>μή</em></strong></span> <span class='ocrx_word' id='word_1_169' title='bbox 1018 2494 1104 2581; x_wconf 84' lang='grc' dir='ltr'><strong><em>πείσχ</em></strong></span> 
     </span>
     <span class='ocr_line' id='line_1_23' title="bbox 139 2587 1104 2671; baseline -0.004 -15"><span class='ocrx_word' id='word_1_170' title='bbox 139 2592 207 2668; x_wconf 83' lang='grc' dir='ltr'><strong><em>τοὺς</em></strong></span> <span class='ocrx_word' id='word_1_171' title='bbox 229 2594 340 2666; x_wconf 85' lang='grc' dir='ltr'><strong><em>παῖδας</em></strong></span> <span class='ocrx_word' id='word_1_172' title='bbox 361 2591 431 2666; x_wconf 78' lang='grc' dir='ltr'><strong><em>τοὺς</em></strong></span> <span class='ocrx_word' id='word_1_173' title='bbox 449 2592 617 2664; x_wconf 86' lang='grc' dir='ltr'><strong><em>Πασίωνος.</em></strong></span> <span class='ocrx_word' id='word_1_174' title='bbox 653 2587 763 2671; x_wconf 82' lang='grc' dir='ltr'><strong><em>ὀφείλει</em></strong></span> <span class='ocrx_word' id='word_1_175' title='bbox 783 2588 814 2652; x_wconf 76' lang='grc' dir='ltr'><strong><em>δὲ</em></strong></span> <span class='ocrx_word' id='word_1_176' title='bbox 831 2591 957 2653; x_wconf 88' lang='grc' dir='ltr'><strong><em>Πασίων</em></strong></span> <span class='ocrx_word' id='word_1_177' title='bbox 980 2589 1028 2653; x_wconf 77' lang='grc' dir='ltr'><strong><em>ἐπὶ</em></strong></span> <span class='ocrx_word' id='word_1_178' title='bbox 1049 2590 1104 2670; x_wconf 81' lang='grc' dir='ltr'><strong><em>τήν</em></strong></span> 
     </span>
     <span class='ocr_line' id='line_1_24' title="bbox 140 2686 980 2770; baseline -0.001 -18"><span class='ocrx_word' id='word_1_179' title='bbox 140 2691 283 2770; x_wconf 88' lang='grc' dir='ltr'><strong><em>τράπεζαν</em></strong></span> <span class='ocrx_word' id='word_1_180' title='bbox 305 2686 412 2751; x_wconf 75' lang='grc' dir='ltr'><strong><em>ἕνδεκα</em></strong></span> <span class='ocrx_word' id='word_1_181' title='bbox 434 2689 561 2750; x_wconf 87' lang='grc' dir='ltr'><strong><em>τάλαντα</em></strong></span> <span class='ocrx_word' id='word_1_182' title='bbox 583 2688 625 2763; x_wconf 85' lang='grc' dir='ltr'><strong><em>είς</em></strong></span> <span class='ocrx_word' id='word_1_183' title='bbox 646 2687 699 2762; x_wconf 80' lang='grc' dir='ltr'><strong><em>τὰς</em></strong></span> <span class='ocrx_word' id='word_1_184' title='bbox 720 2688 980 2770; x_wconf 86' lang='grc' dir='ltr'><strong><em>παρακαταθήκας.</em></strong></span> 
     </span>
    </p>
   </div>
   <div class='ocr_carea' id='block_1_6' title="bbox 60 2823 1105 3550">
    <p class='ocr_par' dir='ltr' id='par_1_8' title="bbox 60 2823 1105 3550">
     <span class='ocr_line' id='line_1_25' title="bbox 60 2823 1104 2912; baseline 0.006 -26"><span class='ocrx_word' id='word_1_185' title='bbox 60 2847 85 2886; x_wconf 81' lang='grc' dir='ltr'><strong><em>ιι</em></strong></span> <span class='ocrx_word' id='word_1_186' title='bbox 154 2823 210 2905; x_wconf 64' lang='lat' dir='ltr'><strong><em>“Ag</em></strong></span> <span class='ocrx_word' id='word_1_187' title='bbox 231 2823 292 2911; x_wconf 72' lang='grc' dir='ltr'><strong><em>μέν</em></strong></span> <span class='ocrx_word' id='word_1_188' title='bbox 314 2831 431 2893; x_wconf 88' lang='grc' dir='ltr'><strong><em>τοίνυν</em></strong></span> <span class='ocrx_word' id='word_1_189' title='bbox 453 2824 633 2912; x_wconf 82' lang='grc' dir='ltr'><strong><em>παρέσχετο</em></strong></span> <span class='ocrx_word' id='word_1_190' title='bbox 657 2830 827 2912; x_wconf 88' lang='grc' dir='ltr'><strong><em>συνθήκας</em></strong></span> <span class='ocrx_word' id='word_1_191' title='bbox 853 2827 898 2905; x_wconf 80' lang='grc' dir='ltr'><strong><em>ὡς</em></strong></span> <span class='ocrx_word' id='word_1_192' title='bbox 923 2827 1004 2893; x_wconf 80' lang='grc' dir='ltr'><strong><em>κατὰ</em></strong></span> <span class='ocrx_word' id='word_1_193' title='bbox 1027 2851 1104 2893; x_wconf 90' lang='grc' dir='ltr'><strong><em>ταυ-</em></strong></span> 
     </span>
     <span class='ocr_line' id='line_1_26' title="bbox 99 2927 1104 3020; baseline 0.002 -22"><span class='ocrx_word' id='word_1_194' title='bbox 99 2957 151 3010; x_wconf 92' lang='grc' dir='ltr'><strong><em>τας</em></strong></span> <span class='ocrx_word' id='word_1_195' title='bbox 173 2933 427 3017; x_wconf 85' lang='grc' dir='ltr'><strong><em>μισθωσάμενος</em></strong></span> <span class='ocrx_word' id='word_1_196' title='bbox 444 2932 506 3015; x_wconf 86' lang='grc' dir='ltr'><strong><em>τήν</em></strong></span> <span class='ocrx_word' id='word_1_197' title='bbox 523 2932 697 3018; x_wconf 88' lang='grc' dir='ltr'><strong><em>τράπεζαν,</em></strong></span> <span class='ocrx_word' id='word_1_198' title='bbox 716 2927 815 2998; x_wconf 85' lang='grc' dir='ltr'><strong><em>αὗταί</em></strong></span> <span class='ocrx_word' id='word_1_199' title='bbox 830 2935 915 2998; x_wconf 90' lang='grc' dir='ltr'><strong><em>είσιν</em></strong></span> <span class='ocrx_word' id='word_1_200' title='bbox 940 2929 966 2998; x_wconf 80' lang='grc' dir='ltr'>ὦ</span> <span class='ocrx_word' id='word_1_201' title='bbox 985 2935 1104 3020; x_wconf 76' lang='grc' dir='ltr'><strong><em>ἄνδρες</em></strong></span> 
     </span>
     <span class='ocr_line' id='line_1_27' title="bbox 100 3033 1105 3124; baseline 0 -19"><span class='ocrx_word' id='word_1_202' title='bbox 100 3041 252 3105; x_wconf 88' lang='grc' dir='ltr'><strong><em>δικασταί.</em></strong></span> <span class='ocrx_word' id='word_1_203' title='bbox 294 3037 428 3105; x_wconf 78' lang='grc' dir='ltr'><strong><em>ἀκούετε</em></strong></span> <span class='ocrx_word' id='word_1_204' title='bbox 456 3033 491 3102; x_wconf 89' lang='grc' dir='ltr'><strong><em>δ’.</em></strong></span> <span class='ocrx_word' id='word_1_205' title='bbox 518 3036 555 3103; x_wconf 83' lang='grc' dir='ltr'><strong><em>έν</em></strong></span> <span class='ocrx_word' id='word_1_206' title='bbox 586 3039 719 3115; x_wconf 84' lang='grc' dir='ltr'><strong><em>ταύταις</em></strong></span> <span class='ocrx_word' id='word_1_207' title='bbox 750 3037 1105 3124; x_wconf 77' lang='grc' dir='ltr'><strong><em>ἀναγιγνωσκομέναις,</em></strong></span> 
     </span>
     <span class='ocr_line' id='line_1_28' title="bbox 100 3139 1104 3230; baseline 0 -20"><span class='ocrx_word' id='word_1_208' title='bbox 100 3149 261 3229; x_wconf 88' lang='grc' dir='ltr'><strong><em>μίσθωσιν</em></strong></span> <span class='ocrx_word' id='word_1_209' title='bbox 288 3139 349 3228; x_wconf 75' lang='grc' dir='ltr'><strong><em>μὲν</em></strong></span> <span class='ocrx_word' id='word_1_210' title='bbox 375 3141 491 3230; x_wconf 89' lang='grc' dir='ltr'><strong><em>φέρειν</em></strong></span> <span class='ocrx_word' id='word_1_211' title='bbox 517 3153 656 3228; x_wconf 86' lang='grc' dir='ltr'><strong><em>τοῦτον,</em></strong></span> <span class='ocrx_word' id='word_1_212' title='bbox 683 3145 764 3209; x_wconf 77' lang='grc' dir='ltr'><strong><em>ἄνευ</em></strong></span> <span class='ocrx_word' id='word_1_213' title='bbox 791 3153 848 3228; x_wconf 81' lang='grc' dir='ltr'><strong><em>τῆς</em></strong></span> <span class='ocrx_word' id='word_1_214' title='bbox 875 3141 952 3210; x_wconf 90' lang='grc' dir='ltr'><strong><em>καθ’</em></strong></span> <span class='ocrx_word' id='word_1_215' title='bbox 978 3143 1104 3229; x_wconf 73' lang='grc' dir='ltr'><strong><em>ἡμέραν</em></strong></span> 
     </span>
     <span class='ocr_line' id='line_1_29' title="bbox 100 3245 1103 3336; baseline 0.002 -22"><span class='ocrx_word' id='word_1_216' title='bbox 100 3245 304 3334; x_wconf 83' lang='grc' dir='ltr'><strong><em>διοικήσεως,</em></strong></span> <span class='ocrx_word' id='word_1_217' title='bbox 335 3250 396 3316; x_wconf 84' lang='grc' dir='ltr'><strong><em>δύο</em></strong></span> <span class='ocrx_word' id='word_1_218' title='bbox 426 3247 569 3315; x_wconf 89' lang='grc' dir='ltr'><strong><em>τάλαντα</em></strong></span> <span class='ocrx_word' id='word_1_219' title='bbox 598 3246 653 3315; x_wconf 81' lang='grc' dir='ltr'><strong><em>καὶ</em></strong></span> <span class='ocrx_word' id='word_1_220' title='bbox 679 3249 916 3336; x_wconf 86' lang='grc' dir='ltr'><strong><em>τετταράκοντα</em></strong></span> <span class='ocrx_word' id='word_1_221' title='bbox 938 3259 1022 3334; x_wconf 81' lang='grc' dir='ltr'><strong><em>μνᾶς</em></strong></span> <span class='ocrx_word' id='word_1_222' title='bbox 1043 3261 1103 3316; x_wconf 87' lang='grc' dir='ltr'><strong><em>τοῦ</em></strong></span> 
     </span>
     <span class='ocr_line' id='line_1_30' title="bbox 100 3350 1103 3442; baseline -0.001 -21"><span class='ocrx_word' id='word_1_223' title='bbox 100 3355 248 3422; x_wconf 76' lang='grc' dir='ltr'><strong><em>ἐνιαυτοῦ</em></strong></span> <span class='ocrx_word' id='word_1_224' title='bbox 276 3353 431 3440; x_wconf 83' lang='grc' dir='ltr'><strong><em>ἑκάστου,</em></strong></span> <span class='ocrx_word' id='word_1_225' title='bbox 458 3355 502 3438; x_wconf 84' lang='grc' dir='ltr'><strong><em>μή</em></strong></span> <span class='ocrx_word' id='word_1_226' title='bbox 531 3353 651 3434; x_wconf 78' lang='grc' dir='ltr'><strong><em>έξελναι</em></strong></span> <span class='ocrx_word' id='word_1_227' title='bbox 675 3350 712 3420; x_wconf 74' lang='grc' dir='ltr'><strong><em>δὲ</em></strong></span> <span class='ocrx_word' id='word_1_228' title='bbox 734 3354 976 3442; x_wconf 83' lang='grc' dir='ltr'><strong><em>τραπεζιτεύειν</em></strong></span> <span class='ocrx_word' id='word_1_229' title='bbox 1003 3355 1103 3442; x_wconf 73' lang='grc' dir='ltr'><strong><em>αὐτῷ,</em></strong></span> 
     </span>
     <span class='ocr_line' id='line_1_31' title="bbox 100 3455 1102 3550; baseline -0.004 -22"><span class='ocrx_word' id='word_1_230' title='bbox 100 3461 153 3529; x_wconf 76' lang='grc' dir='ltr'><strong><em>ἐὰν</em></strong></span> <span class='ocrx_word' id='word_1_231' title='bbox 188 3464 233 3547; x_wconf 81' lang='grc' dir='ltr'><strong><em>μή</em></strong></span> <span class='ocrx_word' id='word_1_232' title='bbox 269 3461 353 3546; x_wconf 78' lang='grc' dir='ltr'><strong><em>ἡμᾶς</em></strong></span> <span class='ocrx_word' id='word_1_233' title='bbox 388 3465 494 3548; x_wconf 87' lang='grc' dir='ltr'><strong><em>πείση.</em></strong></span> <span class='ocrx_word' id='word_1_234' title='bbox 539 3459 803 3550; x_wconf 88' lang='grc' dir='ltr'><strong><em>προσγέγραπται</em></strong></span> <span class='ocrx_word' id='word_1_235' title='bbox 840 3455 879 3526; x_wconf 71' lang='grc' dir='ltr'><strong><em>δὲ</em></strong></span> <span class='ocrx_word' id='word_1_236' title='bbox 914 3465 1102 3526; x_wconf 79' lang='grc' dir='ltr'><strong><em>τελευταῖον</em></strong></span> 
     </span>
    </p>
   </div>
   <div class='ocr_carea' id='block_1_7' title="bbox 0 0 1332 3926">
    <p class='ocr_par' dir='ltr' id='par_1_9' title="bbox 0 0 1332 3926">
     <span class='ocr_line' id='line_1_32' title="bbox 0 0 1332 3926; baseline 0 0"><span class='ocrx_word' id='word_1_237' title='bbox 0 0 1332 3926; x_wconf 95' lang='lat' dir='ltr'><strong><em> </em></strong></span> 
     </span>
    </p>
   </div>
  </div>
 </body>
</html>
