<?xml version="1.0" encoding="UTF-8"?>
<!DOCTYPE html PUBLIC "-//W3C//DTD XHTML 1.0 Transitional//EN"
    "http://www.w3.org/TR/xhtml1/DTD/xhtml1-transitional.dtd">
<html xmlns="http://www.w3.org/1999/xhtml" xml:lang="en" lang="en">
 <head>
  <title>
</title>
<meta http-equiv="Content-Type" content="text/html;charset=utf-8" />
  <meta name='ocr-system' content='tesseract 3.04.00' />
  <meta name='ocr-capabilities' content='ocr_page ocr_carea ocr_par ocr_line ocrx_word'/>
</head>
<body>
  <div class='ocr_page' id='page_1' title='image "./orationes01demogoog_0437.png"; bbox 0 0 2650 3918; ppageno 0'>
   <div class='ocr_carea' id='block_1_1' title="bbox 183 171 892 244">
    <p class='ocr_par' dir='ltr' id='par_1_1' title="bbox 183 171 892 244">
     <span class='ocr_line' id='line_1_1' title="bbox 183 171 892 244; baseline -0.004 -17"><span class='ocrx_word' id='word_1_1' title='bbox 183 174 249 238; x_wconf 79' lang='lat'><strong><em>344</em></strong></span> <span class='ocrx_word' id='word_1_2' title='bbox 491 175 561 227; x_wconf 76' lang='lat' dir='ltr'><strong><em>m.</em></strong></span> <span class='ocrx_word' id='word_1_3' title='bbox 587 171 892 244; x_wconf 72' lang='grc' dir='ltr'><strong><em>[ΔΗαοεοεαουΣ]</em></strong></span> 
     </span>
    </p>
   </div>
   <div class='ocr_carea' id='block_1_2' title="bbox 154 329 1316 3590">
    <p class='ocr_par' dir='ltr' id='par_1_2' title="bbox 154 329 1316 3590">
     <span class='ocr_line' id='line_1_2' title="bbox 180 329 1194 421; baseline -0.002 -21"><span class='ocrx_word' id='word_1_4' title='bbox 180 336 326 421; x_wconf 87' lang='grc' dir='ltr'><strong><em>κρίνειν,</em></strong></span> <span class='ocrx_word' id='word_1_5' title='bbox 357 335 440 400; x_wconf 80' lang='grc' dir='ltr'><strong><em>ὥστε</em></strong></span> <span class='ocrx_word' id='word_1_6' title='bbox 471 333 527 399; x_wconf 84' lang='grc' dir='ltr'><strong><em>διδ</em></strong></span> <span class='ocrx_word' id='word_1_7' title='bbox 556 335 634 412; x_wconf 81' lang='grc' dir='ltr'><strong><em>τοὺς</em></strong></span> <span class='ocrx_word' id='word_1_8' title='bbox 663 329 927 418; x_wconf 79' lang='grc' dir='ltr'><strong><em>λυμαινομένους</em></strong></span> <span class='ocrx_word' id='word_1_9' title='bbox 953 339 998 421; x_wconf 74' lang='grc' dir='ltr'><strong><em>τῷ</em></strong></span> <span class='ocrx_word' id='word_1_10' title='bbox 1025 331 1194 418; x_wconf 75' lang='grc' dir='ltr'><strong><em>πράγματι</em></strong></span> 
     </span>
     <span class='ocr_line' id='line_1_3' title="bbox 181 436 1316 532; baseline 0.003 -27"><span class='ocrx_word' id='word_1_11' title='bbox 181 438 235 506; x_wconf 87' lang='grc' dir='ltr'><strong><em>καὶ</em></strong></span> <span class='ocrx_word' id='word_1_12' title='bbox 257 441 340 526; x_wconf 88' lang='grc' dir='ltr'><strong><em>πρὸς</em></strong></span> <span class='ocrx_word' id='word_1_13' title='bbox 361 443 439 517; x_wconf 83' lang='grc' dir='ltr'><strong><em>τοὺς</em></strong></span> <span class='ocrx_word' id='word_1_14' title='bbox 461 439 541 524; x_wconf 84' lang='grc' dir='ltr'><strong><em>μετά</em></strong></span> <span class='ocrx_word' id='word_1_15' title='bbox 565 440 784 526; x_wconf 79' lang='grc' dir='ltr'><strong><em>σωφροσύνης</em></strong></span> <span class='ocrx_word' id='word_1_16' title='bbox 805 439 996 532; x_wconf 74' lang='grc' dir='ltr'><strong><em>πλησιάζειν</em></strong></span> <span class='ocrx_word' id='word_1_17' title='bbox 1018 436 1195 516; x_wconf 80' lang='grc' dir='ltr'><strong><em>ἀξιοῦντας</em></strong></span> <span class='ocrx_word' id='word_1_18' title='bbox 1315 484 1316 508; x_wconf 51' lang='grc' dir='ltr'><strong><em>ι</em></strong></span> 
     </span>
     <span class='ocr_line' id='line_1_4' title="bbox 182 539 1199 630; baseline -0.002 -18"><span class='ocrx_word' id='word_1_19' title='bbox 182 548 351 622; x_wconf 76' lang='grc' dir='ltr'><em>δυσκόλως</em></span> <span class='ocrx_word' id='word_1_20' title='bbox 372 543 615 630; x_wconf 74' lang='grc' dir='ltr'><strong><em>διακειμένους,</em></strong></span> <span class='ocrx_word' id='word_1_21' title='bbox 641 544 816 630; x_wconf 79' lang='grc' dir='ltr'><strong><em>ηγησάμην</em></strong></span> <span class='ocrx_word' id='word_1_22' title='bbox 838 546 917 622; x_wconf 84' lang='grc' dir='ltr'><strong><em>τοὺς</em></strong></span> <span class='ocrx_word' id='word_1_23' title='bbox 938 539 999 628; x_wconf 75' lang='grc' dir='ltr'><strong><em>μέν</em></strong></span> <span class='ocrx_word' id='word_1_24' title='bbox 1021 545 1199 621; x_wconf 72' lang='grc' dir='ltr'><strong><em>τοιούτους</em></strong></span> 
     </span>
     <span class='ocr_line' id='line_1_5' title="bbox 181 646 1195 736; baseline -0.004 -18"><span class='ocrx_word' id='word_1_25' title='bbox 181 651 223 718; x_wconf 83' lang='grc' dir='ltr'><strong><em>οὐ</em></strong></span> <span class='ocrx_word' id='word_1_26' title='bbox 237 654 344 735; x_wconf 93' lang='grc' dir='ltr'><strong><em>μόνον</em></strong></span> <span class='ocrx_word' id='word_1_27' title='bbox 359 651 471 727; x_wconf 86' lang='grc' dir='ltr'><strong><em>αὑτοῖς</em></strong></span> <span class='ocrx_word' id='word_1_28' title='bbox 483 649 683 726; x_wconf 78' lang='grc' dir='ltr'><strong><em>ἀλυσιτελῶς</em></strong></span> <span class='ocrx_word' id='word_1_29' title='bbox 696 652 795 736; x_wconf 87' lang='grc' dir='ltr'><strong><em>έχειν,</em></strong></span> <span class='ocrx_word' id='word_1_30' title='bbox 817 647 902 715; x_wconf 85' lang='grc' dir='ltr'><strong><em>ἀλλά</em></strong></span> <span class='ocrx_word' id='word_1_31' title='bbox 919 646 975 714; x_wconf 86' lang='grc' dir='ltr'><strong><em>καί</em></strong></span> <span class='ocrx_word' id='word_1_32' title='bbox 993 659 1062 724; x_wconf 85' lang='grc' dir='ltr'><strong><em>τοῖς</em></strong></span> <span class='ocrx_word' id='word_1_33' title='bbox 1078 649 1195 726; x_wconf 85' lang='grc' dir='ltr'><strong><em>ἀλλοις</em></strong></span> 
     </span>
     <span class='ocr_line' id='line_1_6' title="bbox 154 751 1195 843; baseline 0.004 -27"><span class='ocrx_word' id='word_1_34' title='bbox 154 757 353 843; x_wconf 80' lang='grc' dir='ltr'><strong><em>ιμοχθηράς</em></strong></span> <span class='ocrx_word' id='word_1_35' title='bbox 371 759 551 840; x_wconf 79' lang='grc' dir='ltr'><strong><em>συνηθείας</em></strong></span> <span class='ocrx_word' id='word_1_36' title='bbox 568 755 814 842; x_wconf 76' lang='grc' dir='ltr'><strong><em>ἐνεργάζεσθαι,</em></strong></span> <span class='ocrx_word' id='word_1_37' title='bbox 835 766 904 832; x_wconf 88' lang='grc' dir='ltr'><strong><em>τοῖς</em></strong></span> <span class='ocrx_word' id='word_1_38' title='bbox 923 751 960 820; x_wconf 77' lang='grc' dir='ltr'><strong><em>δέ</em></strong></span> <span class='ocrx_word' id='word_1_39' title='bbox 981 760 1088 832; x_wconf 81' lang='grc' dir='ltr'><strong><em>καλῶς</em></strong></span> <span class='ocrx_word' id='word_1_40' title='bbox 1110 779 1195 841; x_wconf 91' lang='grc' dir='ltr'><strong><em>φρο-</em></strong></span> 
     </span>
     <span class='ocr_line' id='line_1_7' title="bbox 181 855 1197 948; baseline 0.001 -22"><span class='ocrx_word' id='word_1_41' title='bbox 181 871 300 928; x_wconf 86' lang='grc' dir='ltr'><strong><em>νοῦσιν</em></strong></span> <span class='ocrx_word' id='word_1_42' title='bbox 324 861 386 927; x_wconf 92' lang='grc' dir='ltr'><strong><em>ούκ</em></strong></span> <span class='ocrx_word' id='word_1_43' title='bbox 408 859 696 945; x_wconf 75' lang='grc' dir='ltr'><strong><em>ἐπακολουθητέον</em></strong></span> <span class='ocrx_word' id='word_1_44' title='bbox 720 855 806 926; x_wconf 89' lang='grc' dir='ltr'><strong><em>εἰναι</em></strong></span> <span class='ocrx_word' id='word_1_45' title='bbox 829 869 868 946; x_wconf 77' lang='grc' dir='ltr'><strong><em>τη</em></strong></span> <span class='ocrx_word' id='word_1_46' title='bbox 890 861 1017 927; x_wconf 91' lang='grc' dir='ltr'><strong><em>τούτων</em></strong></span> <span class='ocrx_word' id='word_1_47' title='bbox 1040 859 1197 948; x_wconf 78' lang='grc' dir='ltr'><strong><em>ἀπονοίᾳ,</em></strong></span> 
     </span>
     <span class='ocr_line' id='line_1_8' title="bbox 182 961 1195 1052; baseline -0.001 -20"><span class='ocrx_word' id='word_1_48' title='bbox 182 967 322 1051; x_wconf 87' lang='grc' dir='ltr'><strong><em>μάλιστα</em></strong></span> <span class='ocrx_word' id='word_1_49' title='bbox 344 961 405 1050; x_wconf 74' lang='grc' dir='ltr'><strong><em>μέν</em></strong></span> <span class='ocrx_word' id='word_1_50' title='bbox 428 963 709 1052; x_wconf 80' lang='grc' dir='ltr'><strong><em>ἐνθυμουμένοις,</em></strong></span> <span class='ocrx_word' id='word_1_51' title='bbox 732 966 873 1032; x_wconf 83' lang='grc' dir='ltr'><strong><em>ὅτιτῶν</em></strong></span> <span class='ocrx_word' id='word_1_52' title='bbox 894 965 1094 1052; x_wconf 80' lang='grc' dir='ltr'><strong><em>πραγμάτων</em></strong></span> <span class='ocrx_word' id='word_1_53' title='bbox 1117 967 1195 1033; x_wconf 86' lang='grc' dir='ltr'><strong><em>ούτε</em></strong></span> 
     </span>
     <span class='ocr_line' id='line_1_9' title="bbox 182 1069 1198 1159; baseline 0.001 -21"><span class='ocrx_word' id='word_1_54' title='bbox 182 1077 293 1138; x_wconf 78' lang='grc' dir='ltr'><strong><em>καλῶν</em></strong></span> <span class='ocrx_word' id='word_1_55' title='bbox 311 1069 381 1138; x_wconf 81' lang='grc' dir='ltr'><strong><em>οὔτ’</em></strong></span> <span class='ocrx_word' id='word_1_56' title='bbox 405 1074 549 1159; x_wconf 81' lang='grc' dir='ltr'><strong><em>αἰσχρῶν</em></strong></span> <span class='ocrx_word' id='word_1_57' title='bbox 567 1071 740 1157; x_wconf 80' lang='grc' dir='ltr'><strong><em>ἀποτόμως</em></strong></span> <span class='ocrx_word' id='word_1_58' title='bbox 759 1073 878 1156; x_wconf 86' lang='grc' dir='ltr'><strong><em>όντων,</em></strong></span> <span class='ocrx_word' id='word_1_59' title='bbox 900 1069 985 1137; x_wconf 81' lang='grc' dir='ltr'><strong><em>ἀλλὰ</em></strong></span> <span class='ocrx_word' id='word_1_60' title='bbox 1005 1073 1094 1158; x_wconf 79' lang='grc' dir='ltr'><strong><em>παρὰ</em></strong></span> <span class='ocrx_word' id='word_1_61' title='bbox 1116 1073 1198 1150; x_wconf 79' lang='grc' dir='ltr'><strong><em>τοὺς</em></strong></span> 
     </span>
     <span class='ocr_line' id='line_1_10' title="bbox 182 1175 1197 1266; baseline -0.001 -22"><span class='ocrx_word' id='word_1_62' title='bbox 182 1175 372 1266; x_wconf 80' lang='grc' dir='ltr'><strong><em>χρωμένους</em></strong></span> <span class='ocrx_word' id='word_1_63' title='bbox 407 1179 444 1244; x_wconf 91' lang='grc' dir='ltr'><strong><em>τδ</em></strong></span> <span class='ocrx_word' id='word_1_64' title='bbox 479 1182 635 1244; x_wconf 85' lang='grc' dir='ltr'><strong><em>πλεῖστον</em></strong></span> <span class='ocrx_word' id='word_1_65' title='bbox 668 1180 949 1262; x_wconf 88' lang='grc' dir='ltr'><strong><em>διαλλαττόντων,</em></strong></span> <span class='ocrx_word' id='word_1_66' title='bbox 979 1177 1105 1262; x_wconf 85' lang='grc' dir='ltr'><strong><em>άλογον</em></strong></span> <span class='ocrx_word' id='word_1_67' title='bbox 1133 1186 1197 1265; x_wconf 78' lang='grc' dir='ltr'><strong><em>μιᾷ</em></strong></span> 
     </span>
     <span class='ocr_line' id='line_1_11' title="bbox 183 1279 1196 1370; baseline 0 -22"><span class='ocrx_word' id='word_1_68' title='bbox 183 1285 297 1370; x_wconf 85' lang='grc' dir='ltr'><strong><em>γνώμη</em></strong></span> <span class='ocrx_word' id='word_1_69' title='bbox 326 1280 402 1370; x_wconf 89' lang='grc' dir='ltr'><strong><em>περί</em></strong></span> <span class='ocrx_word' id='word_1_70' title='bbox 429 1281 626 1370; x_wconf 78' lang='grc' dir='ltr'><strong><em>ἀμφοτέρων</em></strong></span> <span class='ocrx_word' id='word_1_71' title='bbox 653 1289 815 1370; x_wconf 75' lang='grc' dir='ltr'><strong><em>χρῆσθαι,</em></strong></span> <span class='ocrx_word' id='word_1_72' title='bbox 845 1279 951 1348; x_wconf 83' lang='grc' dir='ltr'><strong><em>ἔπειθ’</em></strong></span> <span class='ocrx_word' id='word_1_73' title='bbox 982 1282 1034 1350; x_wconf 86' lang='grc' dir='ltr'><strong><em>ότι</em></strong></span> <span class='ocrx_word' id='word_1_74' title='bbox 1060 1282 1196 1348; x_wconf 92' lang='grc' dir='ltr'><strong><em>πάντων</em></strong></span> 
     </span>
     <span class='ocr_line' id='line_1_12' title="bbox 184 1385 1198 1474; baseline 0 -20"><span class='ocrx_word' id='word_1_75' title='bbox 184 1389 394 1456; x_wconf 85' lang='grc' dir='ltr'><strong><em>ἀτοπώτατόν</em></strong></span> <span class='ocrx_word' id='word_1_76' title='bbox 424 1388 511 1474; x_wconf 84' lang='grc' dir='ltr'><strong><em>ἐστι,</em></strong></span> <span class='ocrx_word' id='word_1_77' title='bbox 540 1393 661 1474; x_wconf 82' lang='grc' dir='ltr'><strong><em>ζηλοῦν</em></strong></span> <span class='ocrx_word' id='word_1_78' title='bbox 688 1385 750 1474; x_wconf 76' lang='grc' dir='ltr'><strong><em>μὲν</em></strong></span> <span class='ocrx_word' id='word_1_79' title='bbox 778 1391 856 1465; x_wconf 85' lang='grc' dir='ltr'><strong><em>τοὺς</em></strong></span> <span class='ocrx_word' id='word_1_80' title='bbox 880 1391 1055 1465; x_wconf 84' lang='grc' dir='ltr'><strong><em>πλείστους</em></strong></span> <span class='ocrx_word' id='word_1_81' title='bbox 1076 1392 1198 1474; x_wconf 91' lang='grc' dir='ltr'><strong><em>φίλους</em></strong></span> 
     </span>
     <span class='ocr_line' id='line_1_13' title="bbox 183 1490 1203 1581; baseline -0.001 -20"><span class='ocrx_word' id='word_1_82' title='bbox 183 1493 239 1561; x_wconf 90' lang='grc' dir='ltr'><strong><em>καί</em></strong></span> <span class='ocrx_word' id='word_1_83' title='bbox 261 1495 495 1580; x_wconf 83' lang='grc' dir='ltr'><strong><em>βεβαιοτάτους</em></strong></span> <span class='ocrx_word' id='word_1_84' title='bbox 517 1497 662 1581; x_wconf 81' lang='grc' dir='ltr'><strong><em>ἔχοντας,</em></strong></span> <span class='ocrx_word' id='word_1_85' title='bbox 684 1493 937 1578; x_wconf 74' lang='grc' dir='ltr'><strong><em>ἀποδοκιμάζειν</em></strong></span> <span class='ocrx_word' id='word_1_86' title='bbox 960 1490 999 1559; x_wconf 76' lang='grc' dir='ltr'><strong><em>δὲ</em></strong></span> <span class='ocrx_word' id='word_1_87' title='bbox 1020 1495 1099 1571; x_wconf 85' lang='grc' dir='ltr'><strong><em>τοὺς</em></strong></span> <span class='ocrx_word' id='word_1_88' title='bbox 1120 1491 1203 1580; x_wconf 77' lang='grc' dir='ltr'><strong><em>ἐρα--</em></strong></span> 
     </span>
     <span class='ocr_line' id='line_1_14' title="bbox 185 1597 1197 1687; baseline -0.002 -20"><span class='ocrx_word' id='word_1_89' title='bbox 185 1601 273 1682; x_wconf 91' lang='grc' dir='ltr'><strong><em>στάς,</em></strong></span> <span class='ocrx_word' id='word_1_90' title='bbox 297 1600 314 1665; x_wconf 85' lang='grc' dir='ltr'><strong>ὃ</strong></span> <span class='ocrx_word' id='word_1_91' title='bbox 338 1602 443 1684; x_wconf 93' lang='grc' dir='ltr'><strong><em>μόνον</em></strong></span> <span class='ocrx_word' id='word_1_92' title='bbox 467 1602 555 1666; x_wconf 86' lang='grc' dir='ltr'><strong><em>ἰδιον</em></strong></span> <span class='ocrx_word' id='word_1_93' title='bbox 578 1603 680 1676; x_wconf 81' lang='grc' dir='ltr'><strong><em>ἔθνος</em></strong></span> <span class='ocrx_word' id='word_1_94' title='bbox 702 1601 763 1687; x_wconf 84' lang='grc' dir='ltr'><strong><em>οὐχ</em></strong></span> <span class='ocrx_word' id='word_1_95' title='bbox 786 1601 920 1684; x_wconf 86' lang='grc' dir='ltr'><strong><em>άπασιν,</em></strong></span> <span class='ocrx_word' id='word_1_96' title='bbox 942 1597 1027 1666; x_wconf 84' lang='grc' dir='ltr'><strong><em>ἀλλά</em></strong></span> <span class='ocrx_word' id='word_1_97' title='bbox 1048 1610 1117 1675; x_wconf 90' lang='grc' dir='ltr'><strong><em>τοῖς</em></strong></span> <span class='ocrx_word' id='word_1_98' title='bbox 1138 1623 1197 1665; x_wconf 91' lang='grc' dir='ltr'><strong><em>κα-</em></strong></span> 
     </span>
     <span class='ocr_line' id='line_1_15' title="bbox 156 1701 1200 1792; baseline 0.003 -24"><span class='ocrx_word' id='word_1_99' title='bbox 156 1712 255 1782; x_wconf 84' lang='grc' dir='ltr'><strong><em>ελοῖς</em></strong></span> <span class='ocrx_word' id='word_1_100' title='bbox 281 1703 337 1772; x_wconf 88' lang='grc' dir='ltr'><strong><em>καί</em></strong></span> <span class='ocrx_word' id='word_1_101' title='bbox 365 1707 536 1792; x_wconf 82' lang='grc' dir='ltr'><strong><em>σώφροσιν</em></strong></span> <span class='ocrx_word' id='word_1_102' title='bbox 563 1708 770 1773; x_wconf 80' lang='grc' dir='ltr'><strong><em>οἰκειοῦσθαι</em></strong></span> <span class='ocrx_word' id='word_1_103' title='bbox 796 1703 953 1792; x_wconf 88' lang='grc' dir='ltr'><strong><em>πέφυκεν.</em></strong></span> <span class='ocrx_word' id='word_1_104' title='bbox 997 1708 1045 1772; x_wconf 84' lang='grc' dir='ltr'><strong><em>ἔτι</em></strong></span> <span class='ocrx_word' id='word_1_105' title='bbox 1068 1701 1106 1771; x_wconf 73' lang='grc' dir='ltr'><strong><em>δὲ</em></strong></span> <span class='ocrx_word' id='word_1_106' title='bbox 1127 1718 1200 1784; x_wconf 92' lang='grc' dir='ltr'><strong><em>τοῖς</em></strong></span> 
     </span>
     <span class='ocr_line' id='line_1_16' title="bbox 184 1806 1197 1899; baseline 0 -22"><span class='ocrx_word' id='word_1_107' title='bbox 184 1806 246 1897; x_wconf 72' lang='grc' dir='ltr'><strong><em>μέν</em></strong></span> <span class='ocrx_word' id='word_1_108' title='bbox 264 1813 427 1896; x_wconf 89' lang='grc' dir='ltr'><strong><em>μηδεμίαν</em></strong></span> <span class='ocrx_word' id='word_1_109' title='bbox 441 1832 492 1878; x_wconf 92' lang='grc' dir='ltr'><strong><em>πω</em></strong></span> <span class='ocrx_word' id='word_1_110' title='bbox 511 1813 668 1898; x_wconf 75' lang='grc' dir='ltr'><strong><em>τοιαύτην</em></strong></span> <span class='ocrx_word' id='word_1_111' title='bbox 686 1815 802 1899; x_wconf 85' lang='grc' dir='ltr'><strong><em>φιλίαν</em></strong></span> <span class='ocrx_word' id='word_1_112' title='bbox 820 1810 974 1898; x_wconf 85' lang='grc' dir='ltr'><strong><em>έορακόσι</em></strong></span> <span class='ocrx_word' id='word_1_113' title='bbox 991 1817 1098 1889; x_wconf 82' lang='grc' dir='ltr'><strong><em>καλῶς</em></strong></span> <span class='ocrx_word' id='word_1_114' title='bbox 1116 1810 1197 1878; x_wconf 89' lang='grc' dir='ltr'><strong><em>ἀπο-</em></strong></span> 
     </span>
     <span class='ocr_line' id='line_1_17' title="bbox 184 1915 1197 2004; baseline -0.001 -20"><span class='ocrx_word' id='word_1_115' title='bbox 184 1921 304 2002; x_wconf 84' lang='grc' dir='ltr'><strong><em>βᾶσαν,</em></strong></span> <span class='ocrx_word' id='word_1_116' title='bbox 325 1915 346 2002; x_wconf 72' lang='grc' dir='ltr'><em>ἢ</em></span> <span class='ocrx_word' id='word_1_117' title='bbox 371 1919 502 2004; x_wconf 92' lang='grc' dir='ltr'><strong><em>σφόδρα</em></strong></span> <span class='ocrx_word' id='word_1_118' title='bbox 523 1920 767 2002; x_wconf 86' lang='grc' dir='ltr'><strong><em>κατεγνωκόσιν</em></strong></span> <span class='ocrx_word' id='word_1_119' title='bbox 788 1917 899 1984; x_wconf 82' lang='grc' dir='ltr'><strong><em>αὑτῶν</em></strong></span> <span class='ocrx_word' id='word_1_120' title='bbox 920 1918 966 1996; x_wconf 80' lang='grc' dir='ltr'><strong><em>ὡς</em></strong></span> <span class='ocrx_word' id='word_1_121' title='bbox 987 1917 1049 1984; x_wconf 87' lang='grc' dir='ltr'><strong><em>οὐκ</em></strong></span> <span class='ocrx_word' id='word_1_122' title='bbox 1071 1915 1113 1983; x_wconf 88' lang='grc' dir='ltr'><strong><em>ἀν</em></strong></span> <span class='ocrx_word' id='word_1_123' title='bbox 1137 1919 1197 1984; x_wconf 92' lang='grc' dir='ltr'><strong><em>δυ-</em></strong></span> 
     </span>
     <span class='ocr_line' id='line_1_18' title="bbox 185 2023 1198 2111; baseline 0 -22"><span class='ocrx_word' id='word_1_124' title='bbox 185 2031 323 2109; x_wconf 85' lang='grc' dir='ltr'><strong><em>νηθεῖεν</em></strong></span> <span class='ocrx_word' id='word_1_125' title='bbox 351 2027 532 2110; x_wconf 88' lang='grc' dir='ltr'><strong><em>σωφρόνως</em></strong></span> <span class='ocrx_word' id='word_1_126' title='bbox 557 2035 628 2100; x_wconf 88' lang='grc' dir='ltr'><strong><em>τοῖς</em></strong></span> <span class='ocrx_word' id='word_1_127' title='bbox 654 2023 916 2111; x_wconf 80' lang='grc' dir='ltr'><strong><em>ἐντυγχάνουσιν</em></strong></span> <span class='ocrx_word' id='word_1_128' title='bbox 943 2023 1089 2108; x_wconf 79' lang='grc' dir='ltr'><strong><em>ὁμιλεῖν,</em></strong></span> <span class='ocrx_word' id='word_1_129' title='bbox 1118 2029 1198 2100; x_wconf 89' lang='grc' dir='ltr'><strong><em>ἰσως</em></strong></span> 
     </span>
     <span class='ocr_line' id='line_1_19' title="bbox 186 2127 1197 2215; baseline -0.002 -19"><span class='ocrx_word' id='word_1_130' title='bbox 186 2131 249 2196; x_wconf 89' lang='grc' dir='ltr'><strong><em>ούκ</em></strong></span> <span class='ocrx_word' id='word_1_131' title='bbox 271 2131 395 2215; x_wconf 87' lang='grc' dir='ltr'><strong><em>άλογον</em></strong></span> <span class='ocrx_word' id='word_1_132' title='bbox 417 2130 541 2214; x_wconf 90' lang='grc' dir='ltr'><strong><em>ταύτην</em></strong></span> <span class='ocrx_word' id='word_1_133' title='bbox 564 2131 651 2215; x_wconf 80' lang='grc' dir='ltr'><strong><em>ἔχειν</em></strong></span> <span class='ocrx_word' id='word_1_134' title='bbox 673 2129 734 2214; x_wconf 78' lang='grc' dir='ltr'><strong><em>τὴν</em></strong></span> <span class='ocrx_word' id='word_1_135' title='bbox 757 2130 924 2196; x_wconf 88' lang='grc' dir='ltr'><strong><em>διάνοιαν·</em></strong></span> <span class='ocrx_word' id='word_1_136' title='bbox 945 2139 1017 2205; x_wconf 88' lang='grc' dir='ltr'><strong><em>τοῖς</em></strong></span> <span class='ocrx_word' id='word_1_137' title='bbox 1034 2127 1065 2195; x_wconf 90' lang='grc' dir='ltr'><strong><em>δ’</em></strong></span> <span class='ocrx_word' id='word_1_138' title='bbox 1088 2128 1197 2215; x_wconf 75' lang='grc' dir='ltr'><strong><em>ὥσπερ</em></strong></span> 
     </span>
     <span class='ocr_line' id='line_1_20' title="bbox 187 2229 1199 2320; baseline -0.001 -18"><span class='ocrx_word' id='word_1_139' title='bbox 187 2239 230 2302; x_wconf 89' lang='grc' dir='ltr'><strong><em>σὺ</em></strong></span> <span class='ocrx_word' id='word_1_140' title='bbox 252 2231 486 2320; x_wconf 83' lang='grc' dir='ltr'><strong><em>διακειμένοις,</em></strong></span> <span class='ocrx_word' id='word_1_141' title='bbox 513 2231 569 2301; x_wconf 90' lang='grc' dir='ltr'><strong><em>καί</em></strong></span> <span class='ocrx_word' id='word_1_142' title='bbox 591 2238 671 2320; x_wconf 77' lang='grc' dir='ltr'><strong><em>μητε</em></strong></span> <span class='ocrx_word' id='word_1_143' title='bbox 692 2236 901 2302; x_wconf 91' lang='grc' dir='ltr'><strong><em>παντάπασιν</em></strong></span> <span class='ocrx_word' id='word_1_144' title='bbox 924 2233 1079 2319; x_wconf 91' lang='grc' dir='ltr'><strong><em>ἀνηκόοις</em></strong></span> <span class='ocrx_word' id='word_1_145' title='bbox 1102 2229 1199 2301; x_wconf 82' lang='grc' dir='ltr'><strong><em>οὖσιν</em></strong></span> 
     </span>
     <span class='ocr_line' id='line_1_21' title="bbox 187 2337 1199 2428; baseline 0.001 -22"><span class='ocrx_word' id='word_1_146' title='bbox 187 2342 262 2408; x_wconf 81' lang='grc' dir='ltr'><strong><em>ὅσαι</em></strong></span> <span class='ocrx_word' id='word_1_147' title='bbox 286 2341 328 2426; x_wconf 78' lang='grc' dir='ltr'><strong><em>δὴ</em></strong></span> <span class='ocrx_word' id='word_1_148' title='bbox 351 2351 458 2428; x_wconf 88' lang='grc' dir='ltr'><strong><em>χρεῖαι</em></strong></span> <span class='ocrx_word' id='word_1_149' title='bbox 481 2337 525 2406; x_wconf 85' lang='grc' dir='ltr'><strong><em>δι’</em></strong></span> <span class='ocrx_word' id='word_1_150' title='bbox 553 2341 673 2426; x_wconf 82' lang='grc' dir='ltr'><strong><em>ἔρωτος</em></strong></span> <span class='ocrx_word' id='word_1_151' title='bbox 690 2338 791 2427; x_wconf 85' lang='grc' dir='ltr'><strong><em>χωρὶς</em></strong></span> <span class='ocrx_word' id='word_1_152' title='bbox 813 2341 971 2426; x_wconf 90' lang='grc' dir='ltr'><strong><em>αἰσχύνης</em></strong></span> <span class='ocrx_word' id='word_1_153' title='bbox 992 2338 1199 2426; x_wconf 76' lang='grc' dir='ltr'><strong><em>ηὐξήθησαν,</em></strong></span> 
     </span>
     <span class='ocr_line' id='line_1_22' title="bbox 187 2445 1281 2533; baseline -0.005 -19"><span class='ocrx_word' id='word_1_154' title='bbox 187 2446 242 2514; x_wconf 85' lang='grc' dir='ltr'><strong><em>καί</em></strong></span> <span class='ocrx_word' id='word_1_155' title='bbox 269 2448 350 2533; x_wconf 83' lang='grc' dir='ltr'><strong><em>μετὰ</em></strong></span> <span class='ocrx_word' id='word_1_156' title='bbox 376 2457 435 2532; x_wconf 81' lang='grc' dir='ltr'><strong><em>της</em></strong></span> <span class='ocrx_word' id='word_1_157' title='bbox 460 2445 695 2532; x_wconf 74' lang='grc' dir='ltr'><strong><em>ἀκριβεστάτης</em></strong></span> <span class='ocrx_word' id='word_1_158' title='bbox 721 2447 894 2530; x_wconf 82' lang='grc' dir='ltr'><strong><em>εὐλαβείας</em></strong></span> <span class='ocrx_word' id='word_1_159' title='bbox 914 2448 975 2513; x_wconf 88' lang='grc' dir='ltr'><strong><em>τὸν</em></strong></span> <span class='ocrx_word' id='word_1_160' title='bbox 996 2447 1099 2512; x_wconf 88' lang='grc' dir='ltr'><strong><em>ἀλλον</em></strong></span> <span class='ocrx_word' id='word_1_161' title='bbox 1121 2449 1198 2532; x_wconf 89' lang='grc' dir='ltr'><strong><em>χρό-</em></strong></span> <span class='ocrx_word' id='word_1_162' title='bbox 1208 2457 1281 2509; x_wconf 75' lang='lat'>140³</span> 
     </span>
     <span class='ocr_line' id='line_1_23' title="bbox 187 2548 1199 2638; baseline 0 -20"><span class='ocrx_word' id='word_1_163' title='bbox 187 2577 249 2618; x_wconf 95' lang='grc' dir='ltr'><strong><em>νον</em></strong></span> <span class='ocrx_word' id='word_1_164' title='bbox 272 2554 481 2637; x_wconf 89' lang='grc' dir='ltr'><strong><em>βεβιωκόσιν,</em></strong></span> <span class='ocrx_word' id='word_1_165' title='bbox 503 2548 577 2618; x_wconf 83' lang='grc' dir='ltr'><strong><em>οὐδ’</em></strong></span> <span class='ocrx_word' id='word_1_166' title='bbox 598 2551 746 2631; x_wconf 77' lang='grc' dir='ltr'><strong><em>ὑποψίαν</em></strong></span> <span class='ocrx_word' id='word_1_167' title='bbox 767 2555 853 2638; x_wconf 78' lang='grc' dir='ltr'><strong><em>ἔχειν</em></strong></span> <span class='ocrx_word' id='word_1_168' title='bbox 871 2552 1013 2636; x_wconf 79' lang='grc' dir='ltr'><strong><em>εὔλογον</em></strong></span> <span class='ocrx_word' id='word_1_169' title='bbox 1036 2552 1080 2629; x_wconf 80' lang='grc' dir='ltr'><strong><em>ὡς</em></strong></span> <span class='ocrx_word' id='word_1_170' title='bbox 1101 2551 1199 2618; x_wconf 84' lang='grc' dir='ltr'><strong><em>ἀντι</em></strong></span> 
     </span>
     <span class='ocr_line' id='line_1_24' title="bbox 161 2655 1200 2745; baseline 0.007 -26"><span class='ocrx_word' id='word_1_171' title='bbox 161 2656 345 2745; x_wconf 83' lang='grc' dir='ltr'><strong><em>οπράξειαν</em></strong></span> <span class='ocrx_word' id='word_1_172' title='bbox 363 2659 510 2744; x_wconf 90' lang='grc' dir='ltr'><strong><em>αἰσχρόν.</em></strong></span> <span class='ocrx_word' id='word_1_173' title='bbox 547 2658 600 2724; x_wconf 88' lang='grc' dir='ltr'><strong><em>διὸ</em></strong></span> <span class='ocrx_word' id='word_1_174' title='bbox 623 2657 665 2742; x_wconf 77' lang='grc' dir='ltr'><strong><em>δὴ</em></strong></span> <span class='ocrx_word' id='word_1_175' title='bbox 683 2655 739 2723; x_wconf 88' lang='grc' dir='ltr'><strong><em>καί</em></strong></span> <span class='ocrx_word' id='word_1_176' title='bbox 757 2662 884 2743; x_wconf 80' lang='grc' dir='ltr'><strong><em>μᾶλλον</em></strong></span> <span class='ocrx_word' id='word_1_177' title='bbox 906 2656 1058 2744; x_wconf 77' lang='grc' dir='ltr'><strong><em>ἐπήρθην</em></strong></span> <span class='ocrx_word' id='word_1_178' title='bbox 1079 2667 1200 2726; x_wconf 88' lang='grc' dir='ltr'><strong><em>τοῦτον</em></strong></span> 
     </span>
     <span class='ocr_line' id='line_1_25' title="bbox 188 2763 1200 2850; baseline 0.003 -23"><span class='ocrx_word' id='word_1_179' title='bbox 188 2764 314 2850; x_wconf 77' lang='grc' dir='ltr'><strong><em>γράψαι</em></strong></span> <span class='ocrx_word' id='word_1_180' title='bbox 340 2765 400 2830; x_wconf 88' lang='grc' dir='ltr'><strong><em>τὸν</em></strong></span> <span class='ocrx_word' id='word_1_181' title='bbox 426 2767 546 2849; x_wconf 90' lang='grc' dir='ltr'><strong><em>λόγον,</em></strong></span> <span class='ocrx_word' id='word_1_182' title='bbox 574 2763 760 2848; x_wconf 76' lang='grc' dir='ltr'><strong><em>ἡγούμενος</em></strong></span> <span class='ocrx_word' id='word_1_183' title='bbox 786 2765 884 2850; x_wconf 83' lang='grc' dir='ltr'><strong><em>δυοῖν</em></strong></span> <span class='ocrx_word' id='word_1_184' title='bbox 910 2775 983 2830; x_wconf 92' lang='grc' dir='ltr'><strong><em>τοῖν</em></strong></span> <span class='ocrx_word' id='word_1_185' title='bbox 1008 2767 1200 2830; x_wconf 85' lang='grc' dir='ltr'><strong><em>καλλίστοιν</em></strong></span> 
     </span>
     <span class='ocr_line' id='line_1_26' title="bbox 190 2865 1198 2955; baseline -0.001 -20"><span class='ocrx_word' id='word_1_186' title='bbox 190 2870 231 2935; x_wconf 89' lang='grc' dir='ltr'><strong><em>ού</em></strong></span> <span class='ocrx_word' id='word_1_187' title='bbox 250 2870 540 2954; x_wconf 81' lang='grc' dir='ltr'><strong><em>διαμαρτήσεσθαι.</em></strong></span> <span class='ocrx_word' id='word_1_188' title='bbox 576 2869 616 2935; x_wconf 83' lang='grc' dir='ltr'><strong><em>τά</em></strong></span> <span class='ocrx_word' id='word_1_189' title='bbox 636 2865 697 2954; x_wconf 74' lang='grc' dir='ltr'><strong><em>μέν</em></strong></span> <span class='ocrx_word' id='word_1_190' title='bbox 710 2870 773 2954; x_wconf 85' lang='grc' dir='ltr'><strong><em>γάρ</em></strong></span> <span class='ocrx_word' id='word_1_191' title='bbox 787 2869 977 2955; x_wconf 84' lang='grc' dir='ltr'><strong><em>ὑπάρχοντά</em></strong></span> <span class='ocrx_word' id='word_1_192' title='bbox 991 2885 1045 2936; x_wconf 90' lang='grc' dir='ltr'><strong><em>σοι</em></strong></span> <span class='ocrx_word' id='word_1_193' title='bbox 1059 2867 1198 2954; x_wconf 82' lang='grc' dir='ltr'><strong><em>[ἀγαθὰ]</em></strong></span> 
     </span>
     <span class='ocr_line' id='line_1_27' title="bbox 190 2971 1200 3060; baseline 0 -18"><span class='ocrx_word' id='word_1_194' title='bbox 190 2977 348 3059; x_wconf 81' lang='grc' dir='ltr'><strong><em>διελθών,</em></strong></span> <span class='ocrx_word' id='word_1_195' title='bbox 369 2975 437 3059; x_wconf 88' lang='grc' dir='ltr'><strong><em>άμα</em></strong></span> <span class='ocrx_word' id='word_1_196' title='bbox 455 2972 495 3040; x_wconf 90' lang='grc' dir='ltr'><strong><em>σέ</em></strong></span> <span class='ocrx_word' id='word_1_197' title='bbox 509 2997 544 3040; x_wconf 90' lang='grc' dir='ltr'><strong><em>τε</em></strong></span> <span class='ocrx_word' id='word_1_198' title='bbox 566 2976 710 3060; x_wconf 83' lang='grc' dir='ltr'><strong><em>ζηλωτὸν</em></strong></span> <span class='ocrx_word' id='word_1_199' title='bbox 728 2971 783 3040; x_wconf 89' lang='grc' dir='ltr'><strong><em>καί</em></strong></span> <span class='ocrx_word' id='word_1_200' title='bbox 806 2973 949 3060; x_wconf 87' lang='grc' dir='ltr'><strong><em>έμαυτδν</em></strong></span> <span class='ocrx_word' id='word_1_201' title='bbox 971 2974 1033 3041; x_wconf 90' lang='grc' dir='ltr'><strong><em>ούκ</em></strong></span> <span class='ocrx_word' id='word_1_202' title='bbox 1055 2975 1200 3059; x_wconf 85' lang='grc' dir='ltr'><strong><em>ἀνόητον</em></strong></span> 
     </span>
     <span class='ocr_line' id='line_1_28' title="bbox 191 3077 1201 3166; baseline -0.003 -17"><span class='ocrx_word' id='word_1_203' title='bbox 191 3081 366 3160; x_wconf 81' lang='grc' dir='ltr'><strong><em>ἐπιδείξειν</em></strong></span> <span class='ocrx_word' id='word_1_204' title='bbox 383 3080 512 3166; x_wconf 82' lang='grc' dir='ltr'><strong><em>ἐλπίζω,</em></strong></span> <span class='ocrx_word' id='word_1_205' title='bbox 534 3085 569 3146; x_wconf 91' lang='grc' dir='ltr'><strong><em>εἰ</em></strong></span> <span class='ocrx_word' id='word_1_206' title='bbox 585 3098 622 3146; x_wconf 90' lang='grc' dir='ltr'><strong><em>σε</em></strong></span> <span class='ocrx_word' id='word_1_207' title='bbox 639 3089 792 3148; x_wconf 83' lang='grc' dir='ltr'><strong><em>τοιοῦτον</em></strong></span> <span class='ocrx_word' id='word_1_208' title='bbox 811 3077 878 3146; x_wconf 76' lang='grc' dir='ltr'><strong><em>ἀντ’</em></strong></span> <span class='ocrx_word' id='word_1_209' title='bbox 901 3078 1030 3164; x_wconf 77' lang='grc' dir='ltr'><strong><em>ἀγαπῶ·</em></strong></span> <span class='ocrx_word' id='word_1_210' title='bbox 1054 3083 1201 3166; x_wconf 90' lang='grc' dir='ltr'><strong><em>συμβου-</em></strong></span> 
     </span>
     <span class='ocr_line' id='line_1_29' title="bbox 191 3181 1201 3272; baseline -0.004 -17"><span class='ocrx_word' id='word_1_211' title='bbox 191 3190 309 3267; x_wconf 86' lang='grc' dir='ltr'><strong><em>λεύσας</em></strong></span> <span class='ocrx_word' id='word_1_212' title='bbox 337 3184 367 3254; x_wconf 87' lang='grc' dir='ltr'><strong><em>δ’</em></strong></span> <span class='ocrx_word' id='word_1_213' title='bbox 393 3185 416 3253; x_wconf 85' lang='grc' dir='ltr'><strong><em>δ</em></strong></span> <span class='ocrx_word' id='word_1_214' title='bbox 443 3187 582 3272; x_wconf 84' lang='grc' dir='ltr'><strong><em>μάλιστα</em></strong></span> <span class='ocrx_word' id='word_1_215' title='bbox 609 3189 806 3271; x_wconf 86' lang='grc' dir='ltr'><strong><em>κατεπείγει,</em></strong></span> <span class='ocrx_word' id='word_1_216' title='bbox 832 3189 955 3271; x_wconf 91' lang='grc' dir='ltr'><strong><em>νομίζω</em></strong></span> <span class='ocrx_word' id='word_1_217' title='bbox 983 3195 1040 3270; x_wconf 78' lang='grc' dir='ltr'><strong><em>τῆς</em></strong></span> <span class='ocrx_word' id='word_1_218' title='bbox 1063 3181 1123 3272; x_wconf 74' lang='grc' dir='ltr'><strong><em>μέν</em></strong></span> <span class='ocrx_word' id='word_1_219' title='bbox 1144 3185 1201 3251; x_wconf 89' lang='grc' dir='ltr'><strong><em>εύ-</em></strong></span> 
     </span>
     <span class='ocr_line' id='line_1_30' title="bbox 191 3287 1202 3378; baseline -0.004 -16"><span class='ocrx_word' id='word_1_220' title='bbox 191 3298 285 3373; x_wconf 90' lang='grc' dir='ltr'><strong><em>νοίας</em></strong></span> <span class='ocrx_word' id='word_1_221' title='bbox 306 3303 364 3378; x_wconf 74' lang='grc' dir='ltr'><strong><em>τῆς</em></strong></span> <span class='ocrx_word' id='word_1_222' title='bbox 385 3291 464 3378; x_wconf 79' lang='grc' dir='ltr'><strong><em>έμης</em></strong></span> <span class='ocrx_word' id='word_1_223' title='bbox 485 3294 615 3377; x_wconf 90' lang='grc' dir='ltr'><strong><em>δεῖγμα,</em></strong></span> <span class='ocrx_word' id='word_1_224' title='bbox 636 3299 695 3376; x_wconf 76' lang='grc' dir='ltr'><strong><em>τῆς</em></strong></span> <span class='ocrx_word' id='word_1_225' title='bbox 716 3287 755 3357; x_wconf 73' lang='grc' dir='ltr'><strong><em>δὲ</em></strong></span> <span class='ocrx_word' id='word_1_226' title='bbox 776 3301 890 3376; x_wconf 79' lang='grc' dir='ltr'><strong><em>κοινῆς</em></strong></span> <span class='ocrx_word' id='word_1_227' title='bbox 911 3295 1023 3378; x_wconf 87' lang='grc' dir='ltr'><strong><em>φιλίας</em></strong></span> <span class='ocrx_word' id='word_1_228' title='bbox 1045 3291 1202 3378; x_wconf 76' lang='grc' dir='ltr'><strong><em>ἀφορμὴν</em></strong></span> 
     </span>
     <span class='ocr_line' id='line_1_31' title="bbox 166 3393 1203 3487; baseline -0.001 -23"><span class='ocrx_word' id='word_1_229' title='bbox 166 3398 390 3487; x_wconf 71' lang='grc' dir='ltr'><strong><em>ῖάμφοτέροις</em></strong></span> <span class='ocrx_word' id='word_1_230' title='bbox 412 3401 578 3466; x_wconf 87' lang='grc' dir='ltr'><strong><em>εἰσοίσειν.</em></strong></span> <span class='ocrx_word' id='word_1_231' title='bbox 609 3400 715 3464; x_wconf 85' lang='grc' dir='ltr'><strong><em>καίτοι</em></strong></span> <span class='ocrx_word' id='word_1_232' title='bbox 738 3393 771 3481; x_wconf 92' lang='grc' dir='ltr'><strong><em>μ’</em></strong></span> <span class='ocrx_word' id='word_1_233' title='bbox 793 3396 834 3464; x_wconf 87' lang='grc' dir='ltr'><strong><em>ού</em></strong></span> <span class='ocrx_word' id='word_1_234' title='bbox 857 3394 1010 3483; x_wconf 88' lang='grc' dir='ltr'><strong><em>λέληθεν,</em></strong></span> <span class='ocrx_word' id='word_1_235' title='bbox 1033 3398 1084 3464; x_wconf 83' lang='grc' dir='ltr'><strong><em>ὅτι</em></strong></span> <span class='ocrx_word' id='word_1_236' title='bbox 1105 3402 1203 3484; x_wconf 89' lang='grc' dir='ltr'><strong><em>χαλε-</em></strong></span> 
     </span>
     <span class='ocr_line' id='line_1_32' title="bbox 193 3500 1202 3590; baseline -0.001 -21"><span class='ocrx_word' id='word_1_237' title='bbox 193 3507 257 3570; x_wconf 90' lang='grc' dir='ltr'><strong><em>πὸν</em></strong></span> <span class='ocrx_word' id='word_1_238' title='bbox 280 3504 345 3590; x_wconf 86' lang='grc' dir='ltr'><strong><em>μέν</em></strong></span> <span class='ocrx_word' id='word_1_239' title='bbox 364 3503 433 3571; x_wconf 79' lang='grc' dir='ltr'><strong><em>ἐστι</em></strong></span> <span class='ocrx_word' id='word_1_240' title='bbox 454 3500 509 3570; x_wconf 88' lang='grc' dir='ltr'><strong><em>καί</em></strong></span> <span class='ocrx_word' id='word_1_241' title='bbox 531 3502 593 3587; x_wconf 78' lang='grc' dir='ltr'><strong><em>τὴν</em></strong></span> <span class='ocrx_word' id='word_1_242' title='bbox 616 3503 678 3586; x_wconf 81' lang='grc' dir='ltr'><strong><em>σην</em></strong></span> <span class='ocrx_word' id='word_1_243' title='bbox 701 3503 805 3589; x_wconf 91' lang='grc' dir='ltr'><strong><em>φύσιν</em></strong></span> <span class='ocrx_word' id='word_1_244' title='bbox 828 3501 926 3581; x_wconf 80' lang='grc' dir='ltr'><strong><em>ἀξίως</em></strong></span> <span class='ocrx_word' id='word_1_245' title='bbox 947 3513 1014 3568; x_wconf 80' lang='grc' dir='ltr'><strong><em>τῶν</em></strong></span> <span class='ocrx_word' id='word_1_246' title='bbox 1035 3503 1202 3589; x_wconf 82' lang='grc' dir='ltr'><strong><em>ὑπαρχόν-</em></strong></span> 
     </span>
    </p>
   </div>
   <div class='ocr_carea' id='block_1_3' title="bbox 0 0 1347 3918">
    <p class='ocr_par' dir='ltr' id='par_1_3' title="bbox 0 0 1347 3918">
     <span class='ocr_line' id='line_1_33' title="bbox 0 0 1347 3918; baseline 0 0"><span class='ocrx_word' id='word_1_247' title='bbox 0 0 1347 3918; x_wconf 95' lang='lat' dir='ltr'><strong><em> </em></strong></span> 
     </span>
    </p>
   </div>
  </div>
 </body>
</html>
