2658 3914
428 207 524 259 τινα
543 206 848 262 οαεωιωοααεοτ.
1081 204 1143 268 12ῖ

131 369 254 444 οἰκείοις
273 367 414 452 γενέσθαι
436 369 488 433 τὸν
509 375 627 453 κλῆρον.
662 371 877 454 Καλλίστρατος
900 367 954 451 μὲν
976 361 1032 433 οὖν
1055 368 1072 432 δ
1094 368 1223 434 τδνιισσ

131 466 223 548 λόγον
240 465 357 529 τουτονί
374 465 477 548 λέγων,
500 466 569 528 ὅλον
587 465 639 528 τδν
657 471 767 550 κλήρου
788 477 894 530 τοῦτον
916 466 1011 552 ἐαυτῷ
1033 465 1145 548 προσή·

132 587 197 626 κειν
220 565 326 644 φησίν·
354 562 498 646 ἐγγυτάτω
523 562 581 685 γὰρ
606 563 740 626 κατὰέ
706 564 792 646 γένος
814 565 902 640 αότδς
870 559 1001 628 δείνοιι
1022 568 1062 648 τῷ
1084 562 1146 626 Κό<

134 681 217 722 νωνι.
253 658 326 721 ἀλλὰ
343 669 428 722 τοῦτο
448 657 552 740 μέν’
518 654 581 741 ταχ’
599 659 639 722 διν
660 661 711 723 καί
728 663 869 740 ψεύδοιτο
887 661 938 723 καί
960 661 1036 746 λόγω
1058 681 1146 720 κατα·

133 763 226 842 χρῷτο
245 759 334 842 ψιλῷ.
367 751 603 840 Ὀλυμπιόδωρος
621 756 664 838 δὲ,
686 756 798 841 πρδς“
783 783 818 822 ον
840 757 860 839 ή
883 760 964 839 δίκη,
986 756 1036 818 καί
1057 755 1147 830 αὐτὸς

107 851 252 933 εήμφισβ
253 851 401 932 ήτησενέ
401 852 537 935 ξάργής
558 863 612 916 τοῦ
633 855 753 936 κλήρου.
788 848 934 934 ήστηνδ’
958 851 1096 915 oluff
1079 845 1144 914 στ’

132 945 390 1032 Ὀλυμπιόδωρος
396 949 446 1012 κοιλ
468 949 485 1013 δ
506 951 733 1032 Καλλίστρατος
761 949 947 1030 ἀδελφήν
915 974 971 1071 γαρ
991 944 1147 1029 Ὀλυμπιο-

133 1047 233 1130 δόρου
264 1048 479 1129 Καλλίστρατος
507 1041 563 1129 εάηε
587 1052 725 1129 γυναῖκα.
768 1046 867 1121 ἔδοξεν
894 1039 949 1110 οὖν
976 1048 1077 1120 αὐτοῖς
1106 1045 1146 1125 μή

133 1144 330 1227 διαφέρεσθαι
347 1143 421 1226 πρὸς
440 1142 594 1225 ἀλλήλους,
616 1143 688 1206 ἀλλὰ
706 1147 867 1225 νείμασθαι
885 1141 938 1225 μὲν
956 1143 985 1217 ἐξ
1005 1144 1071 1221 ’ίσης
1093 1141 1147 1221 τήν

135 1242 241 1305 οόσίαν
263 1250 317 1303 τοῦ
339 1241 573 1321 τελευτήσαντος,
596 1241 651 1320 όση
674 1243 788 1324 φανεροί
810 1235 840 1303 τ’
864 1234 903 1322 ήν
924 1239 975 1302 καλ
997 1238 1147 1321 ὡμολογη-

136 1338 225 1420 μένη,
253 1349 341 1424 κοινῇ
364 1335 396 1400 δὲ
420 1340 515 1416 ζητεῖν
537 1337 572 1399 τὰ
594 1337 716 1420 ἀφανή,
742 1337 793 1400 καλ
815 1350 902 1425 κοινή
924 1339 1060 1421 πράττειν
1081 1337 1148 1419 περί

133 1436 247 1498 τούτων
265 1435 377 1496 πάντα·
400 1434 589 1517 προσεδόκων
605 1435 662 1518 γὰρ
679 1437 761 1516 ήξειν
783 1435 865 1510 τινὰς
888 1435 1147 1516 ἀμφισβητοῦντας

135 1532 236 1606 αὐτοῖς
254 1541 307 1594 τοῦ
325 1532 445 1614 κλήρου.
482 1531 672 1614 περὶτούτων
694 1533 745 1595 καλ
763 1533 919 1612 συνθήκας
941 1532 1075 1616 ἔγραψαν
1097 1531 1148 1594 κοιλ

106 1627 293 1692 εκατέθευτο
315 1623 387 1709 παρ’
416 1622 636 1715 Ἀνδροκλείδῃ,
663 1631 741 1718 φίλῳ
762 1628 821 1692 τινλ
842 1635 943 1715 κοινῷ.
979 1628 1093 1708 οίκέτης
1115 1622 1145 1690 δ’

136 1719 176 1806 ήν
197 1726 339 1800 Κόνωνος
358 1727 515 1807 Μοσχίων,
536 1727 617 1788 πάνυ
640 1727 741 1802 πιστὸς
764 1727 865 1814 ἐκείνῳ
887 1729 1050 1807 νομισθείς.
1079 1736 1146 1789 τοῦ·

135 1847 189 1886 τον
209 1817 445 1906 Ὀλυμπιόδωρος
463 1824 614 1905 λαμβάνω,
635 1822 686 1886 καλ
704 1823 903 1906 διαβληθέντα
920 1825 1012 1906 χιλίας
1029 1823 1147 1910 δφηρή-

136 1928 210 1983 σθαι
238 1930 292 1983 τοῦ
317 1921 461 1995 Κόνωνος
491 1920 620 2003 δραχμάς
647 1923 795 2004 βασανίζει
824 1921 893 2002 μετὰ
920 1922 1146 2002 Καλλιστράτου.

134 2018 186 2081 καλ
204 2016 245 2092 ὡς
263 2016 451 2100 ὡμολόγησεν
470 2015 485 2081 δ
504 2015 618 2098 οίκέτης
635 2019 668 2081 τὸ
688 2017 839 2101 ἀργύριον,
861 2021 977 2098 νέμεται
994 2025 1045 2080 κοιλ
1062 2027 1146 2080 τοῦτο

135 2117 211 2198 πρὸς
236 2115 288 2176 τὸν
309 2116 527 2196 Καλλίστρατον
553 2113 627 2175 κατδι
653 2113 704 2188 τὰς
732 2115 887 2194 συνθήκας
910 2114 939 2189 ἐξ
963 2116 1037 2194 ἴσης.
1073 2113 1147 2176 όπο-

136 2212 249 2290 νοήσας
267 2208 299 2272 δέ
317 2210 367 2272 καί
384 2211 523 2285 πλείονας
540 2209 615 2292 ἔχειν
637 2221 712 2290 μνᾶς
735 2209 877 2294 ἀργυρίου
899 2211 952 2274 τόν
973 2210 1148 2294 όίνθρωπον,

138 2308 236 2373 οὐκέτι
265 2306 444 2388 παραλαβὼν
472 2306 525 2368 τὸν
546 2307 763 2388 Καλλίστρατον
791 2308 879 2382 αιἰτδς
907 2309 1071 2389 βασανίζει,
1099 2308 1149 2370 καί

108 2429 122 2466 ι
139 2416 215 2486 μνᾶς
233 2403 437 2486 ἐβδομήκοντα
455 2403 598 2484 λαμβάνει
616 2403 715 2482 μόνος.
751 2404 817 2486 περί
839 2402 871 2466 δέ
888 2411 993 2466 τοῦτον
1010 2404 1062 2467 τὸν
1083 2429 1148 2466 και-

137 2504 191 2586 ρὸν
220 2499 441 2582 ἀμφισβητοῦσι
469 2509 521 2562 τοῦ
554 2500 665 2582 κλήρου
693 2501 836 2575 Κόνωνος
864 2500 915 2562 καί
943 2499 1025 2563 όίλλοι
1053 2500 1103 2563 κοιλ
1131 2500 1148 2564 δ

136 2601 263 2681 ἀδελφὸς
286 2597 303 2662 δ
324 2597 543 2681 Καλλιστράτου
569 2598 757 2679 Κάλλιππος,
784 2597 960 2681 ὁμοπάτριος
989 2597 1040 2661 όίν.
1075 2602 1147 2681 βοα-

136 2700 289 2779 λευόμενοι
309 2707 397 2782 κοινή
420 2695 486 2778 περὶ
508 2704 568 2758 τῶν
594 2694 720 2778 ἀγώνων
740 2689 976 2778 Ὀλυμπιόδωρος
997 2694 1047 2757 καλ
1068 2699 1148 2758 Καλ-

137 2797 286 2878 λίστρατος
314 2794 517 2873 συντίθενται,
544 2791 597 2854 τὸν
620 2790 673 2872 μέν
693 2786 931 2876 Ὀλυμπιόδωρον
952 2791 1148 2875 ἀμφισβητεῖν

139 2893 209 2956 ὅλου
239 2901 293 2955 τοῦ
323 2891 452 2972 κλήρου,
483 2890 536 2953 τὸν
569 2887 601 2952 δέ
631 2891 848 2972 Καλλίστρατον
879 2899 932 2953 τοῦ
962 2887 1147 2973 ἡμικληρίου.

139 2987 373 3072 στρατευομένων
405 2982 433 3049 δ’
465 2981 638 3067 Ἀθηναίων
673 2987 716 3061 εἰς
748 2981 944 3072 Ἀκαρνανίαν
981 2984 1067 3074 ρ’ίγετο
1097 2986 1226 3062 καλςιςς

136 3081 383 3168 Ὀλυμπιόδωρος·
411 3075 450 3164 ήν
476 3083 533 3166 γὰρ
559 3093 618 3145 τῶν
645 3081 677 3145 ἐκ
699 3085 869 3167 καταλόγου.
913 3095 966 3166 τῆς
989 3083 1022 3146 δέ
1043 3085 1147 3167 κυρίας

138 3183 279 3263 ἐνστάσης
298 3182 330 3244 ot
345 3182 488 3262 δικασταί,
506 3181 657 3262 πρόφασιν
675 3181 729 3262 τήν
739 3183 898 3266 ,στρατείαν
916 3177 993 3244 εἶναι
1009 3181 1148 3244 πεισθέν-

138 3303 194 3361 τες,
216 3279 334 3342 ἀνεῖλον
356 3279 448 3341 αὐτοῦ
469 3277 524 3358 τήν
547 3279 745 3340 διαδικασίαν·
768 3279 816 3342 διό
838 3297 914 3359 φησι
935 3280 1148 3360 Καλλίστρατος

138 3376 189 3439 καλ
210 3377 300 3451 αὐτὸς
321 3375 449 3437 ἐκλιπεῖν
471 3374 527 3455 τήν
548 3385 600 3437 τοῦ
622 3373 798 3458 ήμικληρίου
821 3376 924 3456 δίκην,
946 3379 1010 3449 ταῖς
1033 3375 1148 3453 συνθή-

113 3493 206 3549 εκαις
228 3472 374 3555 ἐμμένων,
401 3471 501 3553 ἐπειδὴ
529 3485 616 3559 κοινή
642 3474 739 3535 πάντα
765 3473 901 3555 πράττειν
923 3471 1063 3533 ἐκέλευον.
1109 3469 1150 3542 ὡς

141 3565 169 3632 δ’
195 3569 363 3649 ἐπανῆλθεν
384 3568 444 3631 ’ἀπὸ
467 3578 519 3649 της
542 3569 690 3650 στρατείας
710 3563 959 3648 Ὀλυμπιόδωρος,
981 3565 1150 3648 παλινδικίγ
