2654 3926
465 159 562 210 ιειτε
579 159 778 213 mmor
795 160 828 214 ε
1129 157 1173 222 69

163 318 313 404 χντάτων
343 319 447 384 εἰπεῖν
475 318 673 406 πειράσομαι
702 320 742 385 τὰ
769 317 981 407 πεπραγμένα
1008 344 1064 405 μοι
1092 320 1175 404 πρὸς

165 428 357 512 Φορμίωνα,
380 423 413 504 ἐξ
433 418 480 490 ὧν
499 424 698 502 ἀκούσαντες
720 427 781 509 τήν
803 421 832 490 τ’
859 424 989 492 ἐκείνου
1010 428 1174 512 πονηρίαν

162 527 219 594 καί
240 530 393 614 τούτους,
421 529 471 596 ότι
494 531 534 598 τὰ
555 531 662 614 ψευδῆ
685 532 967 616 μεμαρτυρήκασι,
994 531 1174 615 γνώσεσθε.

134 657 149 696 ε
226 631 310 718 Ἐγὼ
328 637 392 722 γάρ
412 630 438 700 ὦ
457 636 576 721 ἀνδρες
594 632 746 701 δικασταὶ
763 639 897 701 πολλῶν
914 634 1090 722 χρημάτων
1107 635 1174 702 ὑπὸ

162 751 223 807 τοῦ
244 742 368 827 πατρὸς
394 738 684 826 καταλειφθέντων
711 764 785 825 μοι,
812 738 867 806 καὶ
895 750 997 807 ταῦτα
1021 745 1174 828 Φορμίω-

161 871 220 924 νος
242 849 390 933 ἔχοντος,
417 848 491 912 κάτι
517 848 600 931 πρὸς
626 846 755 922 τούτοις
781 845 843 928 τήν
865 844 987 931 μητέρα
1009 849 1174 931 γήμαντος

161 953 223 1036 τήν
247 951 329 1037 ἐμήν
352 951 605 1037 ἀποδημοῦντος
629 950 711 1037 ἐμοῦ
734 953 876 1038 δημοσία
897 962 1174 1038 τριηραρχοῦντος

162 1058 243 1143 ὑμῖν
266 1055 322 1146 (ὃν
343 1061 468 1144 τρόπον
487 1054 534 1142 δ’,
557 1057 618 1124 οὐκ
642 1063 720 1134 ἴσως
742 1059 845 1123 καλὸν
867 1057 936 1124 υίεί
954 1056 1030 1142 περὶ
1052 1060 1175 1143 μητρὸς

162 1163 305 1251 ἀκριβῶς
328 1161 465 1252 εἰπεῖν),
492 1162 605 1246 ἐπειδή
633 1163 859 1240 καταπλεύσας
880 1160 1036 1248 ήσθόμην
1057 1161 1113 1230 καὶ
1134 1163 1174 1229 τά

161 1266 362 1356 πεπραγμέν’
398 1265 507 1356 εἶδον,
543 1265 638 1336 πόλλ’
674 1267 903 1354 ἀγανακτήσας
937 1267 992 1335 καὶ
1028 1274 1176 1356 χαλεπῶς

135 1374 322 1458 ιένεγκῶν,
349 1377 446 1461 δίκην
474 1373 535 1460 μὲν
564 1375 625 1462 οὐχ
653 1366 723 1452 οἷός
744 1371 774 1440 τ’
798 1369 843 1459 ἦν
870 1377 961 1441 ίδίαν
984 1379 1096 1462 λαχεῖν
1118 1370 1174 1460 (οὐ

6 1459 8 1490 ’
162 1481 226 1568 γάρ’
247 1474 333 1564 ήσαν
360 1480 397 1546 ἐν
424 1489 469 1568 τῷ
499 1483 571 1548 τότε
594 1489 697 1568 καιρῷ
722 1482 826 1564 δίκαι,
853 1477 924 1546 ἀλλ’
953 1476 1169 1565 ἀνεβάλλεσθ’

163 1587 256 1672 ὑμεῖς
278 1587 334 1651 διδι
356 1587 417 1654 τὸν
437 1586 616 1672 πόλεμον),
642 1587 775 1672 γραφήν
799 1582 830 1652 δ’
856 1586 983 1672 ὕβρεως
1004 1587 1173 1673 γράφομαι

162 1695 245 1780 πρὸς
265 1695 343 1769 τοὺς
364 1690 573 1777 θεσμοθέτας
600 1691 711 1758 αὐτόν.
755 1694 879 1778 χρόνον
903 1688 940 1758 δέ
962 1690 1173 1777 γιγνομένου,

161 1796 217 1864 καὶ
239 1806 295 1882 τής
318 1794 380 1883 μὲν
406 1807 535 1886 γραφῆς
562 1795 820 1884 ἐκκρουομένης,
848 1799 951 1864 δικῶν
974 1796 1004 1864 δ’
1032 1799 1094 1866 οὐκ
1116 1798 1173 1865 οὐ·

163 1916 246 1990 σῶν,
276 1908 447 1988 γίγνονται
469 1907 585 1982 παῖδες
608 1903 644 1970 ἐκ
666 1905 787 1972 τούτου
809 1912 848 1990 τῇ
872 1907 979 1992 μητρί.
1015 1903 1070 1971 καὶ
1092 1905 1173 1989 μετδι

161 2008 251 2076 ταῦτ’
283 2007 463 2098 (εἰρήσεται
491 2010 554 2096 γάρ
585 2011 694 2076 ἅπασα
720 2013 803 2096 πρὸς
829 2011 914 2095 ὑμᾶς
939 2010 960 2095 ή
988 2007 1119 2097 ἀλήθει’
1145 2005 1172 2076 ὦ

162 2118 283 2202 ἀνδρες
305 2113 474 2202 δικασταί)
501 2114 619 2182 πολλοὶ
647 2112 708 2201 μέν
735 2114 791 2181 καλ
816 2116 1052 2202 φιλάνθρωποι
1079 2119 1174 2201 λόγοι

162 2221 251 2305 παρδι
272 2228 331 2304 τῆς
353 2222 474 2304 μητρὸς
496 2218 667 2303 ἐγίγνοντο
689 2218 745 2287 καί
768 2223 897 2306 δεήσεις
917 2217 1000 2304 ὑπὲρ
1021 2225 1174 2308 Φορμίω-

163 2349 222 2402 νος
244 2329 395 2408 τουτουί,
418 2323 536 2391 πολλοὶ
560 2321 597 2390 δέ
619 2323 673 2390 καὶ
696 2324 824 2411 μέτριοι
844 2324 900 2392 καὶ
922 2323 1071 2393 ταπεινοὶ
1092 2324 1170 2413 παρ’

134 2431 267 2501 ταύτοῦ
294 2430 424 2496 τούτου.
469 2431 525 2496 ἵνα
557 2428 587 2496 δ’
620 2426 645 2496 όι
676 2432 795 2516 άνδρες
820 2429 995 2517 Ἀθηναῖοι
1024 2430 1173 2522 συντέμω

161 2547 276 2620 ταῦτα,
298 2535 411 2622 ἐπειδή
430 2547 540 2603 ποιεῖν
557 2531 586 2602 τ’
608 2533 708 2602 οὐδὲν
727 2535 809 2626 ᾤετο
829 2539 901 2604 δεῖν
919 2532 967 2604 ὧν
988 2533 1061 2606 τόθ’
1088 2541 1174 2625 ὡμο·

162 2647 301 2729 λόγησε,
323 2639 379 2708 καὶ
402 2642 442 2707 τδι
464 2638 601 2729 χρήματ’
629 2641 823 2728 ἀποστερεῖν
837 2643 1051 2731 ’ἐνεχείρησεν
1074 2645 1095 2710 ἀ
1116 2654 1174 2729 τῆς

161 2748 318 2839 τραπέζης
340 2743 428 2835 εἶχεν
452 2747 622 2834 ἀφορμήν,
651 2749 747 2833 δίκην
770 2750 986 2836 ἠναγκάσθην
1008 2751 1096 2839 αὐτῷ
1120 2757 1173 2817 λα-

161 2868 243 2942 χείν,
266 2854 379 2940 ἐπειδὴ
401 2850 525 2939 τάχιστ’
553 2852 687 2932 ἐξουσία
711 2853 850 2939 ἐγένετο.
894 2859 996 2942 γνοὺς
1019 2854 1050 2922 δ’
1077 2853 1250 2935 οὖτοςιεοε

162 2961 213 3028 ότι
234 2957 330 3029 πάντ’
353 2958 622 3045 ἐξελεγχθήσεται
640 2959 695 3026 καλ
712 2961 864 3040 κάκιστος
885 2962 1075 3051 ἀνθρώπων
1097 2962 1173 3050 περὶ

161 3068 245 3154 ἡμᾶς
276 3067 423 3151 γεγονὼς
455 3055 741 3153 ἐπιδειχθήσεται,
776 3077 960 3156 μηχανᾶται
990 3066 1045 3134 καὶ
1076 3093 1173 3135 κατα-

162 3173 310 3253 σκευάζει
335 3180 455 3256 ταῦτα,
487 3168 539 3257 ἐφ’
567 3163 619 3250 οἷς
649 3171 764 3240 οὑτοσὶ
790 3174 963 3261 Στέφανος
993 3173 1033 3239 τά
1064 3177 1171 3259 ψευδη

162 3305 227 3364 μου
258 3277 554 3364 κατεμαρτύρησεν.
595 3276 651 3345 καὶ
680 3291 813 3366 πρῶτον
846 3278 906 3367 μέν
938 3281 1171 3366 παρεγράψατο

161 3387 223 3470 τήν
250 3387 367 3471 δίκην,
401 3383 443 3468 ἣν
475 3385 593 3470 ἔφευγε
627 3388 838 3470 [Φορμίων],
869 3387 915 3470 μή
950 3382 1172 3470 εἰσαγώγιμον

162 3487 261 3556 εἶναι·
286 3492 395 3556 ἔπειτα
423 3488 607 3575 μάρτυρας,
630 3490 675 3568 ὡς
698 3489 809 3576 ἀφῆκα
837 3490 938 3557 αὐτὸν
961 3501 1027 3556 τῶν
1059 3489 1170 3573 ἐγκλη-
