2654 3926
207 169 251 234 43
347 189 349 194 ,
496 171 591 224 mv,
620 168 925 240 [ΔΗΜοΣοευουε]

208 329 317 415 ἐμούς,
340 325 413 395 ἀλλ’
440 331 487 406 είς
510 332 587 406 τοὺς
605 328 817 413 Εὐβουλίδου
840 327 895 394 καὶ
912 326 1048 412 Ἁγνίου
1066 325 1121 393 καὶ
1139 331 1217 394 Μα-

167 436 369 520 οῖκαρτάτου
400 438 543 501 τουτουί.
593 433 648 500 καὶ
680 434 733 500 ὅτε
765 436 929 518 εἰσήγετο,
965 433 1001 500 οἱ
1028 428 1089 517 μδν
1120 435 1217 499 άλλοι

206 540 365 627 φράτερες
387 542 538 626 κρύβδην
560 542 680 625 ἔφερον
702 541 763 623 τὴν
785 549 916 624 ψῆφον,
944 536 1057 607 οὐτοσὶ
1080 535 1118 603 δὲ
1140 542 1218 604 Μα-

206 647 364 732 κάρτατος
390 655 520 733 φανερᾷ
546 647 648 733 ύηφφ
676 645 859 730 ἑψηφίσατο
887 645 999 730 ὀρθῶς
1025 645 1218 728 εἰσάγεσθαι

206 751 399 837 Εὐβουλίδῃ
417 751 493 816 υἱὸν
511 752 571 816 τὸν
589 752 691 815 παῖδα
709 753 854 834 τουτονί,
877 750 938 817 οὐκ
956 750 1115 835 ἐθελήσας
1133 753 1229 830 &wa—¹

207 862 287 922 σθαι
305 866 365 922 τοῦ
385 858 506 943 ἱερείου
525 855 597 922 οὐδ’
620 855 802 940 ἀπαγαγεῖν
824 856 888 923 ἀπὸ
907 867 968 923 τοῦ
984 860 1100 942 βωμοῦ
1117 857 1219 922 ὑπεύ-

205 968 316 1028 θυνον
335 963 437 1028 αὐτὸν
455 964 607 1046 ποιήσας·
627 961 710 1028 άλλδι
731 961 787 1028 καὶ
810 964 871 1046 τὴν
889 963 1008 1047 μερίδα
1025 973 1092 1028 τῶν
1110 975 1218 1049 κρεῶν

207 1066 309 1155 ᾤχετο
332 1069 444 1152 λαβὼν
467 1069 555 1154 παρὰ
577 1078 637 1135 τοῦ
659 1069 777 1145 παιδὸς
798 1071 947 1152 τουτονί,
975 1069 1084 1155 ὥσπερ
1107 1068 1162 1136 καὶ
1184 1070 1223 1135 οἱ

166 1193 193 1233 ετ
207 1175 301 1240 άλλοι
332 1175 499 1260 φράτερες.
544 1177 690 1257 νομίζετε
723 1175 764 1258 δὴ
796 1176 855 1240 τὸν
890 1176 992 1240 παῖδα
1027 1174 1159 1242 τουτονὶ
1190 1171 1218 1240 ὦ

206 1281 327 1364 ἄνδρες
350 1277 500 1345 δικασταὶ
525 1279 690 1364 ἱκετηρίοιν
717 1279 799 1364 ύμῖν
824 1286 1022 1366 προκεῖσθαι
1043 1277 1126 1366 ὑπὲρ
1149 1294 1219 1347 τῶν

206 1389 483 1471 τετελευτηκότων
497 1383 632 1469 Ἁγνίου
649 1383 704 1451 καὶ
717 1385 929 1471 Εὐβουλίδου
949 1384 1005 1451 καὶ
1021 1399 1088 1451 τῶν
1105 1388 1218 1454 άλλων
1303 1375 1309 1382 ’

207 1504 273 1557 τῶν
297 1491 361 1558 άπὸ
384 1500 444 1558 τοῦ
462 1488 609 1574 Ἁγνίου,
631 1489 687 1557 καὶ
711 1492 868 1557 ἱκετεύειν
891 1491 1012 1569 αὐτούς
1033 1492 1118 1576 ὑμᾶς
1139 1495 1219 1571 τούς

208 1598 372 1681 δικαστάς,
396 1598 484 1674 ὅπως
506 1597 550 1681 μη
575 1596 860 1684 ἐξερημωθήσεται
878 1598 988 1663 αὐτῶν
1007 1599 1025 1665 ὁ
1044 1593 1134 1676 οἶκος
1150 1599 1217 1666 ὑπὸ

206 1715 273 1770 τῶν
296 1714 424 1789 μιαρῶν
447 1704 574 1769 τούτων
596 1708 740 1788 θηρίων,
764 1705 799 1771 οἱ
814 1706 900 1769 είσιν
919 1703 955 1770 ἐκ
972 1714 1033 1771 τοῦ
1051 1708 1218 1790 Στρατίου
1230 1728 1314 1780 1079

207 1815 316 1892 οἱκοο,
346 1809 382 1875 έν
410 1805 448 1874 δὲ
475 1818 520 1896 τῷ
544 1806 679 1893 Ἁγνίου
707 1806 909 1876 οὐδεπώποτ’
942 1808 1108 1894 ἐγένοντο·
1134 1809 1213 1895 μηδ’

207 1914 399 2001 ἐπιτρέψητε
421 1916 550 1991 τούτοις
572 1917 660 2002 ἔχειν
678 1915 718 1980 τδι
736 1917 781 2000 μη
799 1919 1019 2002 προσήκοντα,
1042 1913 1113 1982 ἀλλ’
1135 1915 1217 1982 άτιο·

208 2022 326 2087 δοῦναι
354 2021 558 2105 ἀναγκάσατε
581 2023 628 2098 εἱς
650 2023 710 2087 τὸν
728 2019 864 2107 Ἁγνίου
889 2017 982 2088 οἶκον
1003 2034 1073 2099 τοῖς
1094 2026 1218 2108 προση-

168 2145 193 2185 εε
207 2144 303 2194 κουσι
329 2137 399 2204 τοῖς
420 2124 564 2210 Ἁγνίου.
606 2125 670 2211 ἐγὼ
698 2123 759 2211 μέν
787 2122 849 2193 οὐν
876 2127 1014 2204 ἐκείνοις
1038 2151 1074 2194 τε
1100 2133 1217 2214 βοηθῶ

206 2243 276 2310 τοῖς
302 2235 547 2316 τετελευτηκόσι
574 2230 629 2298 καὶ
656 2244 726 2310 τοῖς
752 2235 878 2317 νόμοις·
894 2244 963 2310 τοῖς
988 2231 1063 2320 περὶ
1089 2236 1218 2301 τούτων

206 2336 380 2422 κειμένοις,
403 2335 519 2421 δέομαι
543 2334 580 2402 δὲ
601 2337 657 2404 καὶ
684 2337 778 2422 ὑμῶν
802 2333 827 2402 ὦ
850 2338 969 2423 ἄνδρες
991 2338 1141 2406 δικασταὶ
1162 2341 1219 2408 καὶ

209 2445 358 2546 ἱκετεύω.
368 2441 423 2508 καὶ
451 2443 630 2530 ἀντιβολῶ,
658 2445 702 2529 μη
729 2445 897 2530 περιίδητε
923 2447 1002 2529 μήτε
1029 2448 1088 2511 τὸν
1115 2448 1218 2512 παῖδα

207 2548 341 2615 τουτονὶ
362 2547 566 2634 ὑβρισθέντα
584 2550 649 2617 ὑπὸ
667 2551 807 2633 τούτων,
829 2553 908 2634 μήτε
931 2552 1010 2627 τούς
1031 2555 1219 2635 προγόνους

207 2658 285 2732 τούς
320 2654 454 2721 τουτουὶ
491 2658 539 2721 ἔτι
574 2660 701 2740 μᾶλλον
735 2653 1066 2740 καταφρονουμένους
1100 2657 1122 2741 ἣ
1152 2667 1218 2724 νῦν

207 2764 525 2847 καταπεφρόνηνται,
543 2760 601 2827 ἐάν
616 2760 857 2848 διαπράξωνται
876 2756 969 2827 οὗτοι
986 2761 1007 2827 δ
1025 2763 1218 2846 βούλονται·

208 2865 291 2932 άλλδ
314 2877 383 2943 τοῖς
405 2889 439 2932 τε
462 2871 577 2951 νόμοις
599 2871 753 2951 βοηθεῖτε
775 2865 830 2932 καὶ
852 2877 919 2932 τῶν
940 2872 1217 2953 τετελευτηκότων

209 2972 433 3058 ἐπιμελεῖσθε,
461 2973 548 3050 ὅπως
571 2974 614 3057 μὴ
639 2971 831 3058 ἐξερημωθῇ
854 2972 964 3039 αὐτῶν
986 2974 1004 3040 ὁ
1028 2970 1127 3052 οἶκος.
1162 2974 1217 3041 καὶ

208 3089 309 3145 ταῦτα
327 3087 500 3155 ποιοῦντες
518 3079 558 3143 τά
580 3101 614 3143 τε
638 3079 750 3143 δίκαια
768 3084 947 3163 ψηφιεῖσθε
966 3077 1021 3147 καὶ
1039 3082 1079 3147 τά
1096 3081 1217 3167 εὐορκα

208 3182 263 3249 καὶ
285 3185 325 3250 τδ
349 3185 427 3268 ὑμῖν
450 3184 562 3261 αὐτοῖς
584 3181 802 3270 συμφέροντα.

608 3406 819 3418 m
