2658 3914
196 142 260 207 145
477 143 574 194 mx.
602 139 905 212 [Δααοτοεαουεχ

195 302 366 368 ἐκέλευσεν
388 301 491 368 αὐτὸν
513 309 631 388 χρῆσαι
658 304 766 386 χιλίας
791 301 980 386 τριακοσίας
1000 301 1208 384 πεντήκοντα

195 412 274 492 μίαν
304 404 356 473 δύ’
383 407 507 492 ὀβολώ·
534 409 696 473 τοσούτου
719 407 782 492 γὰρ
805 409 867 492 ἐφη
890 407 1125 491 προσδεῖσθαι·
1148 404 1208 472 καὶ
1310 424 1311 452 ¹

195 515 314 579 δοῦναι
337 509 508 578 ἐκέλευσεν
531 510 712 602 Ἀντιμάχφ
739 520 784 599 τςῦ
812 513 912 598 ταμίᾳ
932 519 978 597 τῷ
1001 508 1140 595 ἑαυτοῦ,
1167 511 1208 589 ὃς

168 619 300 705 ττούτφ
324 615 437 706 διῴκει
458 621 531 684 τότε
553 618 669 683 πάντα.
704 615 759 683 καὶ
782 617 800 683 δ
824 612 885 700 μὲν
908 616 1144 702 δανεισάμενος
1164 620 1206 684 τὸ

194 722 355 808 ἀργύριον
375 724 465 809 παρὰ
487 733 548 790 τοῦ
568 725 690 808 πατρὸς
712 732 773 790 τοῦ
795 721 877 806 ἐμοῦ
899 725 1062 806 Τιμόθεος
1082 717 1126 807 ἦν
1148 720 1206 788 καὶ

194 828 349 905 κελεύσας
371 831 490 896 δοῦναι
508 825 691 917 Ἀντιμάχῳ
713 837 758 916 τςῦ
780 831 879 915 ταμίᾳ
900 836 945 916 τῷ
969 825 1101 912 ἑαυτοῦ,
1123 829 1142 896 ὁ
1165 825 1206 894 δὲ
1310 893 1311 902 ,

195 935 306 1018 λαβὼν
332 938 370 1002 τὸ
398 934 559 1022 ἀργύριον
585 933 650 1000 ἀπὸ
677 943 734 1019 τῆς
760 932 917 1021 τραπέζης
937 934 1027 1020 παρὰ
1051 937 1205 1019 Φορμίω-

194 1062 252 1116 νος
269 1040 475 1126 Αὐτόνομος,
492 1041 594 1126 ὅσπερ
610 1037 790 1130 Ἀντιμάχῳ
810 1037 945 1106 διετέλει
963 1040 1206 1126 γραμματεύων

168 1147 254 1212 ετὸν
283 1146 411 1212 ἅπαντα
438 1149 569 1232 χρόνον.
610 1144 772 1222 δοθέντος
796 1149 913 1212 τοίνυν
939 1155 1001 1213 τοῦ
1030 1143 1206 1232 ἀργυρίου,

195 1251 359 1338 ἐγράψατο
382 1248 443 1337 μέν
467 1252 643 1337 ὀφείλοντα
665 1253 724 1318 τὸν
741 1251 942 1316 κελεύσαντα
964 1258 1083 1337 χρῆσαι
1105 1253 1204 1336 Τιμό-

194 1365 296 1443 δεον,
326 1358 505 1441 ὑπόμνημα
534 1353 564 1422 δ’
597 1354 780 1442 ἐγράψατο,
811 1349 837 1444 ᾧ
865 1379 900 1422 τε
929 1350 1027 1434 οὗτος
1054 1354 1203 1424 ἐκέλευσε

196 1465 335 1547 δοῦναι,
360 1460 561 1551 Ἀντιμάχῳ,
589 1460 645 1527 καί
672 1461 711 1528 δν
739 1458 968 1547 δἈντίμαχος
995 1461 1205 1546 συνέπεμψεν
1310 1519 1311 1524 ,

196 1567 248 1634 ἐπὶ
270 1568 331 1652 την
353 1567 515 1653 τράπεζαν
542 1570 731 1651 ληψόμενον
753 1569 790 1634 τὸ
814 1566 994 1653 ἀργύριον,
1015 1569 1075 1636 τὸν
1097 1568 1204 1634 Λύτύ·

195 1696 314 1757 νυμον,
336 1672 394 1748 τδις
415 1675 521 1757 χιλίας
542 1677 731 1758 τριακοσίας
754 1675 900 1760 δραχμὰς
921 1671 977 1739 καὶ
1001 1677 1204 1759 πεντήκοντα

195 1775 250 1843 καὶ
268 1781 348 1861 μίαν
366 1775 421 1842 καί
440 1774 497 1843 δύ’
516 1778 634 1862 ὀβολώ.
670 1778 708 1844 τὸ
726 1774 788 1863 μέν
806 1782 922 1845 τοίνυν
939 1789 1072 1865 πρῶτον
1089 1777 1203 1867 χρέως,
1215 1792 1277 1843 1187

196 1883 214 1949 δ
247 1881 393 1948 ἐκπλέων
429 1884 525 1967 ἔλαβε
561 1895 752 1968 στρατηγῶν
787 1886 824 1951 τὸ
855 1884 1014 1971 ὕστερον,
1045 1894 1203 1952 τοσοῦτον

197 1989 332 2074 ὀφείλει.

170 2118 185 2158 ο
260 2091 392 2180 Ἐπειδη
422 2091 453 2161 δ’
481 2093 761 2181 ἀπεχειροτονήθη
784 2092 845 2179 μὲν
867 2095 924 2181 ὑφ’
952 2096 1047 2181 ὑμῶν
1069 2114 1204 2182 στρατη-

197 2203 255 2287 γδς
277 2201 393 2268 διὰτὸ
415 2203 460 2286 μη
482 2206 698 2287 περιπλεῦσαι
720 2203 997 2286 Πελοπόννησον,
1024 2199 1078 2267 ἐπὶ
1100 2207 1204 2289 κρίσει
1309 2279 1310 2296 χ

198 2305 234 2373 δὲ
256 2306 457 2394 παρεδέδοτο
484 2309 532 2384 είς
552 2308 612 2374 τὸν
636 2309 742 2392 δῆμον
772 2309 876 2384 αἰτίας
896 2317 953 2392 τῆς
976 2312 1128 2393 μεγίστης
1149 2332 1204 2374 τυ

197 2416 276 2500 χύν,
299 2414 483 2500 ἐφειστήκει
506 2409 536 2478 δ’
563 2412 651 2499 αύτῷ
671 2414 916 2497 Καλλίστρατος
937 2410 992 2478 καί
1011 2408 1205 2500 Ἰφικράτης,

197 2528 242 2604 τῷ
265 2543 300 2584 τε
323 2520 478 2606 πράττειν
500 2515 555 2584 καὶ
577 2520 682 2583 εἰπεῖν
705 2518 904 2602 δυνάμενοι,
926 2517 1013 2584 οὕτω
1037 2514 1073 2584 δὲ
1097 2517 1204 2585 διέδε-

199 2638 261 2689 σαν
279 2624 364 2709 ὑμᾶς
381 2632 640 2711 κατηγοροῦντες
657 2624 778 2690 τούτου
801 2622 901 2689 αύτοί
918 2621 1028 2691 τεκαὶ
1049 2624 1086 2691 οί
1105 2640 1204 2691 συνα·

160 2753 185 2794 ιο
198 2723 393 2815 γορεύοντες
419 2730 547 2813 αὐτοῖς,
574 2723 651 2794 ὥστ’
675 2726 871 2816 Ἀντίμαχον
893 2724 955 2814 μὲν
983 2733 1103 2814 ταμίαν
1125 2732 1205 2797 ὄντα

198 2831 253 2899 καί
288 2836 464 2900 πιστότατα
496 2835 703 2917 διακείμενον
734 2835 860 2925 τούτῳ,
890 2838 1061 2921 κρίναντες
1091 2834 1128 2902 ἐν
1159 2845 1204 2925 τῷ
1308 2897 1309 2901 ,

199 2942 292 3028 δημητ
319 2938 526 3005 ἀπεκτείνατε
552 2938 608 3005 καί
634 2941 695 3024 τὴν
723 2940 842 3006 οὐσίαν
869 2939 972 3007 αύτοῦ
995 2940 1206 3026 ἐδημεύσατε,

199 3044 300 3110 αὐτὸν
319 3039 357 3110 δέ
374 3054 494 3110 τοῦτον
513 3043 752 3129 ἐξαιτουμένων
774 3055 841 3111 τῶν
864 3045 1058 3130 ἐπιτηδείων
1080 3045 1137 3113 καὶ
1158 3049 1205 3114 οέ·

198 3153 297 3215 κείων
326 3150 429 3216 αὐτοῦ
459 3147 632 3236 ἁπάντων,
662 3153 709 3216 ἐτι
737 3146 774 3216 δέ
797 3148 950 3218 Ἀλκέτου
977 3149 1032 3217 καὶ
1051 3149 1206 3237 Ἰάσονος,

200 3256 380 3342 συμμάχων
403 3257 510 3322 ὄντων
537 3256 634 3342 ὑμῦν,
661 3259 756 3341 μόλις
782 3252 843 3341 μέν
866 3255 1039 3342 ἐπείσθητε
1062 3257 1207 3344 ἀφεῖναι,

161 3389 186 3428 11
200 3371 444 3446 στρατηγοῦντα
472 3358 502 3426 δ’
530 3361 631 3428 αὐτὸν
659 3360 835 3446 ἐπαύσατε,
859 3395 900 3410 -
925 3361 961 3428 ἐν
983 3364 1149 3441 τοιαύταις
1172 3359 1202 3429 δ’
1307 3363 1308 3370 '

200 3467 247 3532 ὢν
271 3468 441 3552 διαβολαῖς
462 3464 518 3532 καί
536 3466 657 3554 άπορίμ
674 3466 850 3552 χρημάτων
872 3472 991 3553 πολλῇ·
1014 3467 1035 3552 η
1058 3465 1206 3554 μὲνγὰρ
1289 3465 1299 3498 ⁶
