2656 3926
512 213 705 265 τῐοετολεῑ
722 215 758 268 11.
1075 213 1142 277 409

132 374 184 458 όν,
207 374 254 450 εἴς
277 369 315 439 δέ
337 375 374 439 τὸ
393 377 520 458 μᾶλλον
537 376 716 439 λυπεῖσθαι
734 373 868 440 πάντων
887 374 1142 460 ὀδυνηρότατον.

92 496 118 536 ²⁶
133 478 245 563 ἐπειδη
270 475 307 544 δδ
329 483 436 556 καλῶς
462 484 635 556 ποιοῦντες
661 487 741 544 πᾶσι
768 490 837 556 τοῖς
864 477 900 545 έν
927 489 997 557 ταῖς
1024 481 1143 556 αἰτίαις

132 587 325 670 διηλλαχθε,
343 582 442 669 κάμοὶ
462 581 652 668 διαλλάγητ’
676 579 701 650 ὐ
721 585 840 671 ἀνδρες
858 583 1047 670 Ἀθηναῖον
1066 585 1142 652 οὐτε

131 693 195 776 γδιρ
212 687 340 776 ἠδίκηχ’
358 691 444 775 ὑμᾶς
457 689 568 774 οὐδέν,
587 691 631 766 ὡς
650 696 792 757 ἴστωσαν
811 690 848 757 οἴ
861 690 938 758 θεοὶ
954 689 1011 758 καῖ
1023 691 1142 776 ἥρωες·

132 793 309 883 (μαρτυρεῖ
329 795 369 861 δέ
388 820 446 880 μοι
468 806 531 873 πᾶς
549 797 567 863 ὁ
585 799 736 882 πρόσθεν
754 799 994 884 παρεληλυθὼς
1011 800 1142 884 χρόνος,

133 901 169 980 ὃς
197 904 403 988 δικαιότερον
431 901 473 968 ἀν
500 897 684 968 πιστεύοιθ’
716 899 775 988 ὐφ’
807 903 902 988 ὐμῶν
927 912 984 987 τῆς
1011 902 1143 986 ἀνελέγ-

131 1031 211 1073 κτου
228 1017 293 1074 νῦν
312 1007 544 1094 ἐπενεχθείσης
561 1005 694 1096 αἰτίας)
712 1005 782 1074 οὐτ’
806 1008 869 1093 ἐγὼ
887 1013 1048 1096 χείριστος
1066 1004 1139 1075 οὐδ’

131 1112 344 1190 ἀπιστότατος
364 1115 555 1197 φανήσομαι
577 1123 645 1179 τῶν
668 1112 929 1199 διαβληθέντων.

90 1235 116 1277 ιτ
198 1218 265 1285 Καὶ
283 1220 349 1304 μην
366 1222 405 1285 τό
418 1217 449 1303 γ’
468 1217 629 1286 ἀπελθεῖν
646 1220 709 1286 οὐκ
727 1219 769 1286 ἀν
788 1222 922 1298 εἰκότως
939 1220 1044 1306 ὀργὴν
1061 1223 1143 1302 πρός
1173 1218 1177 1228 “

131 1349 171 1411 με
198 1328 380 1409 ποιήσειεν·
408 1323 449 1390 οὐ
475 1324 539 1410 γὰρ
567 1323 765 1408 ἀπεγνωκὼς
793 1326 878 1409 ὑμᾶς
905 1321 978 1392 οὐδ’
1006 1321 1142 1410 ἑτέρωσε

131 1431 263 1516 βλέπων
282 1431 426 1514 οὐδαμοῖ
441 1428 610 1515 μετέστην,
634 1430 717 1496 ἀλλὰ
735 1442 868 1512 πρῶτον
890 1427 951 1516 μέν
973 1430 1144 1508 τοῦνειδος

130 1545 188 1622 της
210 1537 338 1624 είρκτης
355 1541 503 1622 χαλεπῶς
525 1545 570 1625 τῷ
594 1542 740 1626 λογισμιβ
764 1535 889 1625 φέρων,
911 1531 981 1602 εἶτα
1004 1536 1060 1602 διδι
1081 1537 1143 1620 την

129 1643 263 1726 ἡλικίαν
281 1642 342 1708 οὐκ
360 1641 402 1710 ἂν
421 1634 491 1720 οἶός
508 1639 538 1708 τ’
555 1641 602 1708 ὢν
620 1651 666 1731 τῷ
690 1644 816 1728 σώματι
843 1643 905 1726 την
930 1644 1142 1709 κακοπαθίαν

130 1749 333 1832 ὑπενεγκεῖν.
378 1751 427 1814 ἔτι
449 1745 482 1814 δ’
509 1746 582 1815 οὐδ’
609 1747 695 1833 ὑμᾶς
722 1748 874 1833 ἐνόμιζον
902 1747 1059 1832 ἀβουλεῖν
1082 1747 1142 1825 ἔξω

130 1879 171 1941 με
197 1861 470 1941 προπηλακισμοῦ
497 1852 671 1939 γενέσθαι,
703 1853 740 1932 ὃς
767 1851 866 1920 οὐδὲν
893 1854 978 1938 ὑμᾶς
1005 1853 1143 1939 ἀφελῶν

91 1979 117 2019 1⁸
132 1958 182 2046 ἔμ’
209 1961 392 2027 ἀπώλλυεν.
438 1958 508 2026 ἐπεὶ
536 1960 587 2025 ὅτι
614 1957 648 2044 γ’
674 1960 756 2045 ὑμῖν
778 1971 956 2044 προσείχον
977 1961 1036 2025 τὸν
1058 1969 1143 2025 νοῦν

130 2065 186 2132 καὶ
216 2065 351 2132 οὐδέσιν
380 2067 513 2149 ἀλλοις,
541 2061 637 2131 πόλλ’
663 2064 706 2131 δν
736 2067 838 2131 ἴδοιτε
867 2075 994 2149 σημεῖα.
1040 2071 1087 2141 εἴς
1108 2088 1142 2130 τε

130 2172 194 2260 γὰρ
224 2174 324 2236 πόλιν
352 2165 481 2254 ἦλθον,
513 2170 575 2236 οὐκ
605 2169 642 2235 έν
671 2162 693 2255 ᾗ
723 2167 859 2255 μέγιστα
887 2167 1024 2256 πράξειν
1047 2170 1144 2247 αὐτὸς

132 2279 287 2361 ἔμελλον,
321 2272 393 2342 ἀλλ’
425 2277 474 2353 εἴς
502 2275 545 2360 ἣν
573 2273 629 2340 καῖ
657 2277 736 2352 τούς
769 2279 955 2363 προγόνους
984 2275 1144 2354 ἐλθόντας

130 2381 243 2470 ᾔδειν,
272 2379 327 2448 ὅθ’
354 2383 373 2449 δ
400 2385 483 2468 πρὸς
508 2383 568 2449 τὸν
590 2379 726 2467 Πέρσην
753 2382 998 2467 κατελάμβανεν
1024 2381 1144 2462 αὐτοὺς

131 2492 305 2573 κίνδυνος,
335 2487 391 2555 καὶ
421 2485 499 2574 παρ’
525 2482 547 2576 ᾗ
572 2491 730 2573 πλείστην
762 2489 899 2554 εὐνοιαν
929 2488 1144 2574 ὑπάρχουσαν

93 2615 118 2655 ιε
130 2595 213 2680 ὑμῖν
231 2594 426 2680 ἠπιστάμην.
464 2597 532 2660 ἔστι
551 2590 620 2678 δὀἱ
645 2596 833 2679 Τροζηνίων
851 2593 945 2678 αὐτη,
963 2587 985 2680 ᾗ
1004 2595 1143 2678 μάλιστα

132 2699 194 2785 μὲν
217 2702 253 2768 οἴ
271 2699 348 2768 θεοὶ
369 2698 425 2766 καὶ
447 2710 504 2785 τῆς
522 2702 605 2787 πρὸς
622 2698 708 2784 ὑμᾶς
725 2698 857 2776 εὐνοίας
878 2700 988 2765 είνεκα
1009 2698 1064 2766 καῖ
1085 2711 1143 2785 τῆς

133 2809 180 2882 εἴς
198 2804 247 2893 ἔμ’
269 2807 458 2892 εὐεργεσίας
476 2801 568 2873 εὐνοι
587 2805 706 2883 πάντες
728 2812 854 2890 εἴησαν,
877 2801 945 2872 εἶτα
967 2805 1057 2890 κάγὼ
1079 2823 1220 2873 602-1472

132 2909 207 2987 θείς
227 2910 285 2997 ὐφ’
312 2913 408 2998 ὐμῶν
437 2913 622 2998 δυνηθείην
650 2909 835 2978 ἀποδοῦναι
861 2912 1003 3000 χάριτας.
1049 2915 1085 2978 έν
1107 2936 1142 2978 τε

133 3017 235 3102 ταύτη
257 3030 375 3102 τινῶν,
402 3019 446 3096 ὡς
469 3016 542 3103 έμοῖ
569 3015 808 3104 χαριζομένων,
835 3017 987 3102 ἐπιτιμᾶν
1009 3018 1089 3104 ὐμῖν
1110 3043 1143 3085 τι

133 3120 346 3208 πειρωμένων
368 3132 407 3208 τη
430 3121 500 3189 κατ’
523 3121 572 3208 ἔμ’
596 3123 725 3212 ἀγνοίᾳ,
748 3123 811 3207 έγὼ
834 3133 944 3190 πᾶσαν
965 3125 1142 3212 εὐφημίαν,

134 3230 244 3314 ὥσπερ
268 3227 341 3312 έμοὶ
363 3240 524 3316 προσῆκε,
551 3235 767 3318 παρειχόμην·
790 3230 823 3317 ἐξ
847 3225 894 3297 ὧν
920 3229 976 3297 καὶ
1003 3232 1143 3316 μάλιστα

95 3353 121 3394 το
133 3337 254 3420 νομίζω
272 3334 396 3411 πάντας
413 3334 618 3418 ἀγασθέντας
636 3361 700 3421 μου
720 3337 862 3424 δημοσίᾳ
880 3346 1022 3421 τιμῆσαι.
1054 3338 1142 3424 ὁρῶν

134 3438 171 3507 δέ
193 3442 254 3526 τὴν
277 3435 338 3525 μὲν
360 3439 496 3507 εὔνοιαν
518 3451 585 3508 τῶν
608 3440 741 3527 ἀνδρῶν
765 3442 927 3526 μεγάλην,
954 3438 1069 3526 τὴνδ’
1096 3444 1143 3518 εἰς

132 3549 170 3613 τὸ
199 3548 307 3630 παρὸν
342 3547 486 3629 δύναμιν
520 3545 796 3630 καταδεεστέραν,
830 3549 1001 3630 μετελθὼν
1029 3548 1077 3623 εἴς
1104 3549 1141 3612 τὸ
