2656 3926
506 170 699 221 ΕΠΙΣΤΟΛΗ
716 171 765 224 ΙΠ.
1067 183 1127 246 417

130 333 265 396 ἔλαττον
288 331 375 415 ἔχειν
397 327 550 416 ὑπάρξει,
573 328 656 395 ἀλλὰ
678 326 812 405 καὶτὰς
836 331 1007 416 συμφοράς
1030 334 1140 415 βεβαί-

129 460 189 513 ους
210 436 339 511 τούτοις
361 436 476 518 μόνοις
503 446 569 500 τῶν
594 436 706 500 άλλων
729 433 850 517 μένειν.
895 434 979 501 ἀλλά
1001 438 1067 521 μην
1090 435 1140 500 ὅτι

77 563 113 602 ει
128 538 225 608 τοῦθ’
245 541 349 616 οὕτως
367 543 513 624 γίγνεται
532 537 651 627 ῥηίδιον
671 539 784 618 δεῖξαι.
821 544 870 618 τίς
887 541 950 628 γάρ
969 542 1031 607 οὐκ
1049 537 1140 608 οἶδεν

128 647 223 731 ὑμῶν
246 646 372 731 Λάχητι
393 654 439 734 τῷ
463 647 692 730 Μελάνωπον,
720 643 845 711 ἁλῶναι
872 642 933 730 μὲν
960 647 1081 731 ὁμοίως
1103 645 1140 711 ἐν

130 755 328 840 δικαστηρίῳ
348 751 490 836 συμβάν,
508 751 552 827 ὡς
569 750 624 816 καὶ
637 761 701 817 νῦν
715 763 784 828 τοῖς
796 753 996 838 Λυκούργου
1014 757 1139 834 παισίν,

130 857 296 942 ἀφεθῆναι
315 854 352 924 δὲ
370 867 437 922 πάν
456 859 492 923 τὸ
511 854 633 942 ὄφλημ’
651 857 894 934 ἐπιστείλαντος
906 855 1138 944 Ἀλεξάνδρους

129 961 184 1028 καὶ
197 963 297 1030 πάλιν
311 964 540 1053 Μνησιβούλφ
558 973 604 1050 τῷ
616 959 778 1050 Ἀχαρνεῖ,
797 962 922 1030 ἁλῶναι
940 960 1000 1048 μὲν
1019 965 1140 1049 ὁμοίως

129 1073 350 1154 καταγνόντος
377 1069 479 1135 αὐτοῦ
507 1079 567 1135 τοῦ
595 1070 825 1156 δικαστηρίου,
855 1070 964 1154 ὥσπερ
991 1068 1047 1135 καὶ
1072 1081 1139 1136 τῶν

128 1177 330 1260 Λυκούργου
348 1177 488 1256 παίδων,
507 1173 666 1258 ἀφεῖσθαι
686 1172 722 1240 δὲ
741 1180 848 1253 καλῶς
865 1186 1031 1254 ποιοῦντα
1051 1175 1140 1256 άξιος

83 1300 115 1341 ιε
129 1282 193 1365 γάρ
221 1278 315 1364 ἀνήρ.
360 1278 415 1345 καὶ
443 1278 553 1358 οὐδεὶς
581 1279 633 1346 ἐπὶ
666 1282 796 1358 τούτοις
822 1284 900 1358 τοὺς
926 1284 1050 1364 νόμους
1076 1285 1138 1367 ἔφη

129 1387 352 1453 καταλύεσθαι
382 1397 449 1451 των
481 1397 545 1452 νῦν
576 1389 742 1471 βοώντων.
787 1389 936 1464 εἰκότως·
964 1385 1044 1454 οὐδὲ
1076 1389 1138 1471 γάρ

128 1491 339 1576 κατελύοντο,
357 1498 448 1577 είπερ
465 1493 604 1569 ἅπαντες
623 1492 659 1558 οί
674 1496 771 1576 νόμοι
789 1503 856 1558 τῶν
875 1494 1013 1558 δικαίων
1032 1494 1139 1560 εἵνεκα

128 1595 183 1663 καί
214 1600 375 1682 σωτηρίας
403 1607 470 1663 τῶν
499 1610 650 1684 χρηστῶν
679 1596 869 1683 ἀνθρώπων
896 1603 1062 1684 τίθενται,
1084 1599 1139 1666 καὶ

129 1700 205 1788 μήτ’
227 1701 355 1780 ἀϊδίους
376 1715 445 1780 τοῖς
468 1703 649 1789 ἀτυχήσασι
668 1705 867 1771 καθιστάναι
890 1706 946 1782 τάς
969 1707 1140 1792 συμφοράς

87 1829 116 1870 τε
131 1807 303 1894 συμφέρει,
321 1805 395 1893 μήτ’
413 1808 611 1896 ἀχαρίστους
630 1812 727 1888 ὄντας
745 1815 935 1896 φαίνεσθαι.
972 1811 1054 1878 ἀλλά
1072 1815 1138 1900 μὴν

130 1920 164 1979 εί
189 1936 225 1996 γε
255 1911 352 1979 ταῦθ’
380 1915 502 1998 οὕτως,
533 1916 642 2001 ὥσπερ
673 1915 716 1980 άν
743 1919 923 2003 φήσαιμεν,
947 1920 1033 2002 ἔχειν
1056 1935 1138 2003 συμ-

130 2018 235 2104 φέρει,
257 2019 298 2084 ού
321 2022 426 2102 μόνον
444 2023 520 2096 τοὺς
537 2023 661 2104 νόμους
679 2021 719 2086 οὐ
737 2018 925 2106 κατελύεθ’,
947 2018 1034 2105 ἡνίκ’
1056 2023 1137 2089 ἐκεί-

130 2149 212 2200 νους
234 2124 363 2208 ἀφίετε,
390 2124 474 2190 ἀλλά
501 2124 556 2190 καὶ
583 2127 661 2202 τοὺς
687 2129 782 2211 βίους
810 2124 942 2214 ἐσῴζετε
968 2139 1036 2194 τῶν
1061 2133 1138 2206 τοὺς

131 2231 256 2313 νόμους
282 2227 435 2314 θεμένων
462 2229 667 2316 ἀνθρώπων,
689 2232 824 2316 Λάχητα
851 2229 913 2316 μὲν
938 2237 1020 2320 πρὸς
1041 2235 1137 2322 χάριν

133 2333 310 2419 δεηθέντος
334 2332 579 2421 [Ἀλεξάνδρον]
605 2335 753 2421 ἀφέντες,
776 2340 1017 2422 Μνησίβουλον
1040 2337 1077 2406 δὲ
1098 2350 1137 2426 τῇ

92 2462 117 2502 ετ
132 2452 192 2508 τοῦ
214 2444 290 2526 βίον
314 2442 514 2529 σωφροσύνη
537 2443 711 2520 σώσαντες.
756 2445 799 2527 μὴ
823 2449 938 2510 τοίνυν
961 2447 997 2510 τὸ
1020 2449 1137 2530 κτησα·

133 2551 218 2614 σθαί
243 2545 306 2613 τιν’
333 2547 457 2626 ἔξωθεν
484 2552 600 2634 φιλίαν
631 2547 898 2636 λυσιτελέστερον
926 2553 1090 2636 δείκνυτε,
1117 2553 1137 2638 ἢ
1317 2601 1318 2640 ,

132 2657 175 2721 τδ
197 2663 242 2742 τῷ
274 2655 367 2743 δημφ
395 2651 688 2740 παρακαταθέσθαι
724 2653 871 2738 ἑαυτόν,
894 2654 978 2741 μηδὲ
1006 2660 1042 2724 τὸ
1072 2669 1138 2726 τῶν
1150 2671 1212 2721 1481
1317 2683 1318 2724 ι

133 2759 290 2844 ἀγνώτων
312 2756 397 2826 εἶναι
419 2771 580 2845 κρεῖττον,
603 2759 623 2844 ἢ
646 2772 715 2838 τοῖς
737 2766 872 2838 πολλοῖς
893 2761 973 2845 ὑμίν
995 2764 1035 2828 τά
1058 2781 1139 2849 συμ-

133 2864 276 2950 φέροντα
284 2869 542 2950 πολιτευόμενον
556 2869 809 2950 γιγνώσκεσθαι.
836 2869 872 2932 τὸ
887 2863 1023 2954 μὲνγὰρ
1038 2879 1139 2936 πᾶσιν

134 2968 286 3054 ἀρέσκειν
308 2974 366 3038 τὸν
395 2973 665 3057 συμβουλεύοντα
691 2971 747 3038 καὶ
773 2972 814 3036 τά
840 2974 936 3038 κοινά
963 2973 1134 3056 πράττοντ’

135 3074 314 3141 ἀδύνατον·
333 3075 391 3142 ἐάν
410 3072 440 3141 δ’
459 3075 508 3142 ἐπ’
525 3078 641 3165 εύνοίηι
658 3079 761 3143 ταύτά
778 3087 823 3164 τῷ
843 3080 937 3168 δημφ
956 3101 1006 3156 τις
1018 3093 1138 3168 φρονῇ,

134 3183 260 3256 δίκαιός
278 3180 346 3245 ἐστι
365 3179 536 3268 σῴζεσθαι.
582 3185 613 3248 εί
635 3179 672 3249 δὲ
695 3186 751 3269 μὴ,
773 3181 829 3249 καὶ
851 3186 1050 3269 θεραπεύειν
1074 3185 1138 3252 έτέ-

134 3311 214 3374 ρους
236 3290 362 3371 μᾶλλον
385 3286 405 3370 ἣ
429 3289 487 3353 τὸν
511 3290 617 3372 δῆμον
641 3290 785 3366 ἅπαντας
803 3289 962 3374 διδάξετε,
983 3289 1038 3360 καὶ
1060 3294 1139 3376 φεύ-

133 3417 205 3477 γειν
224 3394 260 3458 τὸ
280 3402 346 3456 τῶν
364 3390 444 3475 ύμίν
464 3397 700 3480 συμφερόντων
718 3396 878 3461 ποιοῦντά
891 3418 923 3461 τι
937 3404 1139 3481 γνωσθῆναι.

96 3519 120 3560 ιε
134 3499 217 3577 ὅλως
232 3495 269 3565 δὲ
282 3501 397 3564 κοινόν
416 3496 505 3564 έστιν
525 3500 654 3576 ὄνειδος
671 3498 826 3566 ἁπάντων
839 3501 959 3586 ἀνδρες
969 3499 1139 3585 Ἀθηναῖοι

186 3614 311 3656 Βωιιοετω.
337 3611 389 3653 vol.
403 3611 445 3651 111.
947 3609 980 3658 2⁷
