2658 3914
206 189 270 253 110
486 189 595 240 mn.
623 185 928 259 [Δααοεοααονε]

202 349 288 432 ὑμᾶς
316 350 403 425 εἰκός
433 347 522 413 ἐστιν
553 345 585 425 ἐξ
616 346 717 432 ἀρχῆς
746 342 772 410 ὦ
801 347 921 431 ἀνδρες
943 343 1094 411 δικασταὶ
1114 356 1218 412 τοῦτο

203 465 351 538 πρῶτον,
381 457 523 538 πότερον
554 453 618 536 ἐγὼ
650 454 789 536 ἠδίκουν
813 451 831 518 ὁ
854 450 1117 536 ἀναγκαζόμενος
1147 454 1217 517 είσ-

203 559 324 646 πρᾶξαι
352 562 411 626 τὸν
442 562 638 644 Θεόφημον,
667 558 689 643 ῆ
718 561 908 644 Θεόφημος,
938 557 974 635 ὃς
1003 558 1147 643 ὀφείλων
1174 567 1216 643 τῆ

164 685 190 727 τε
203 669 299 731 πόλει
319 666 360 731 τδ
383 666 483 750 σκεόη
505 668 613 732 πολὺν
634 668 757 750 χρόνον
780 665 843 731 οὐκ
864 664 1032 731 ἀπεδίδου.
1069 663 1128 730 ἐὰν
1150 665 1216 750 γὰρ

203 769 281 838 καθ’
308 770 446 839 ἕκαστον
464 779 616 856 σκοπῆτε,
638 771 793 857 εὑρῆσετε
810 773 870 837 τὸν
890 774 1068 856 Θεόφημον
1085 771 1217 836 ἅπαντα

204 876 394 963 ἀδικοῦντα,
416 876 595 944 καὶταῦτα
618 877 680 963 οὐχ
701 874 757 942 ὑπ’
780 876 863 962 ἐμοῦ
885 880 990 962 μόνον
1014 879 1102 965 λόνφ
1125 879 1216 962 είρη-
1323 927 1324 950 .

204 980 298 1068 μένα,
324 984 407 1049 ἀλλὰ
433 981 489 1049 καὶ
515 983 580 1049 ὑπὸ
607 991 664 1067 τῆς
691 986 814 1067 βουλῆς
839 981 977 1049 καὶτοῦ
1000 984 1216 1070 δικαστηρίου

202 1092 304 1180 ψῆφφ
327 1087 510 1175 κεκριμένα.
551 1088 664 1173 ἐπειδὴ
692 1090 755 1172 γδρ
781 1087 969 1175 παρέλαβον
997 1089 1099 1155 αὐτὸν
1124 1091 1216 1177 παρὰ

204 1205 261 1279 τῆς
284 1195 395 1282 ἀρχῆς,
417 1195 616 1281 προσελθὼν
639 1195 727 1283 αὐτῷ
755 1206 887 1281 πρῶτον
915 1190 976 1278 μὲν
1002 1190 1151 1280 ἀπῄτουν
1173 1197 1216 1262 τὰ
1324 1245 1325 1248 ,

205 1303 319 1387 σκεύη·
342 1302 387 1378 ὡς
405 1297 443 1367 δὲ
464 1303 562 1366 τοῦτό
584 1325 649 1385 μου
671 1302 821 1378 είπόντος
843 1300 905 1366 οὐκ
927 1300 1098 1386 ἀπεδίδου,
1119 1302 1215 1368 ἀστε-
1325 1349 1326 1358 1

206 1433 267 1495 ρον
298 1407 386 1494 αὐτῷ
419 1407 603 1492 περιτυχὼν
633 1405 710 1493 περὶ
740 1409 800 1474 τὸν
826 1404 951 1493 Ἑρμῆν
981 1409 1040 1473 τὸν
1066 1411 1148 1493 πρὸς
1174 1418 1214 1495 τῆ

205 1515 331 1597 πυλίδι,
353 1513 644 1598 προσεκαλεσάμην
669 1516 752 1600 πρός
777 1536 812 1578 τε
839 1515 918 1590 τοὺς
939 1512 1138 1592 ἀποστολέας
1159 1514 1215 1581 καὶ

206 1621 288 1702 πρὸς
305 1620 383 1694 τοὺς
400 1629 466 1683 τῶν
484 1621 633 1704 νεωρίων
651 1617 856 1704 ἐπιμελητάς·
880 1615 973 1686 οὗτοι
995 1621 1058 1704 γὰρ
1080 1624 1215 1706 είσῆηον
1227 1635 1294 1686 114⁷

205 1728 280 1790 τότε
310 1725 368 1802 τὰς
399 1723 605 1800 διαδικασίας
636 1727 683 1802 είς
718 1726 756 1791 τὸ
793 1726 1006 1811 δικαστήριον
1040 1724 1117 1812 περὶ
1147 1739 1214 1793 τῶν

168 1851 194 1892 ετ
209 1839 345 1896 σκευῶν.
386 1829 431 1906 ὡς
457 1825 494 1894 δὲ
521 1828 630 1914 ἀληθῆ
658 1827 760 1916 λέγω,
787 1831 914 1898 τούτων
942 1831 1023 1916 ὑμίν
1049 1832 1216 1920 μάρτυρας

207 1939 285 2014 τοὺς
306 1935 547 2019 κλητεύσαντας
568 1933 756 2020 παρέξομαι.

615 2148 815 2202 ΜΔΡΤΤΡΕΣ.

266 2251 338 2320 Ὅτι
360 2249 422 2337 μὲν
443 2255 560 2320 τοίνυν
577 2257 789 2341 προσεκλήθη
812 2251 868 2320 ὑπ’
891 2254 984 2340 ἐμοῦ,
1006 2256 1043 2322 οί
1060 2255 1217 2343 κλητῆρές

210 2386 267 2447 μοι
293 2361 594 2446 μεμαρτυρήκασιν·
622 2361 666 2437 ὡς
693 2356 772 2426 δὲε
757 2363 895 2446 είσῆχθη
927 2364 975 2438 είς
999 2364 1037 2428 τὸ
1067 2364 1218 2446 δικαστῆ-

211 2491 303 2554 ριον,
332 2464 415 2550 λαβέ
441 2489 498 2549 μοι
526 2467 588 2550 τῆν
616 2470 801 2598 μαρτυρίαν
829 2477 896 2534 τῶν
925 2466 1135 2534 ἀποστολέων
1163 2467 1218 2534 καὶ
1325 2471 1327 2476 ’

209 2581 267 2656 τῆς
289 2570 397 2657 ἄνευ·

617 2678 807 2732 ΜΑΡΤΤΡῙΑ.

172 2803 198 2842 28
271 2780 340 2848 Ὃν
363 2779 424 2867 μδν
446 2787 563 2850 τοίνυν
585 2783 680 2872 ᾤμην
702 2783 875 2870 πράγματα
896 2783 1049 2870 παρέξειν
1071 2809 1128 2871 μοι
1149 2790 1218 2870 Λη-

212 2889 361 2976 μοχάρην
388 2890 446 2955 τὸν
473 2889 653 2975 Παιανιέα,
684 2887 763 2976 πρὶν
793 2886 855 2975 μὲν
885 2892 1082 2977 εἰσαχθῆναι
1109 2894 1156 2971 είς
1181 2893 1218 2958 τὸ

213 2998 441 3080 δικαστήριον,
462 2990 506 3080 ῆν
528 2995 646 3081 ἀηδής,
674 2995 786 3079 ἐπειδὴ
816 2991 854 3061 δὲ
880 2997 1018 3082 είσῆχθη
1046 2996 1102 3063 καὶ
1124 2995 1219 3082 ἑάλω,

213 3100 360 3168 ἀπέδωκε
389 3103 426 3168 τδ
454 3097 532 3167 καθ’
566 3099 685 3168 ἑαυτὸν
714 3098 812 3188 μέρος
840 3112 907 3168 τῶν
936 3114 1073 3168 σκευῶν.
1116 3101 1156 3168 δν
1186 3099 1215 3168 δ’

213 3209 275 3275 οὐκ
303 3207 346 3273 ἂν
376 3204 494 3297 ρ’τῆδην
524 3210 571 3284 είς
599 3217 760 3274 τοσοῦτον
789 3210 949 3294 πονηρίας
975 3207 1109 3294 ἐλθεῖν,
1138 3209 1219 3274 ὥστε

211 3319 373 3398 τολμῆσαι
399 3315 442 3380 ἀν
467 3335 546 3380 ποτε
575 3315 636 3398 τὴν
667 3316 766 3380 πόλιν
797 3313 1017 3399 ἀποστερῆσαι
1042 3315 1083 3379 τά
1111 3315 1220 3399 στεόη,
1319 3301 1323 3306 ’

214 3421 261 3496 είς
288 3427 427 3485 τοσοῦτο
463 3420 566 3486 δικῶν
594 3417 650 3484 καὶ
679 3418 879 3504 πραγμάτων
911 3417 1124 3504 προβέβηκεν.
1168 3417 1220 3484 καὶ

214 3525 329 3610 παρὼν
352 3522 413 3607 μὲν
435 3525 569 3612 πρὸς
538 3533 583 3589 τιό
609 3526 823 3612 δικαστηρίῳ,
851 3524 904 3590 ὅτε
931 3526 1096 3609 είσῆγετο
1123 3524 1220 3590 οὐδα-
