2650 3918
419 213 607 266 ΠΡοοιιιιε.
633 215 831 266 xvm-m.
1066 207 1128 279 371

123 371 164 435 τὰ
185 372 333 455 παρόντα
354 367 475 454 γίνοιτ’
501 371 556 437 ἅν·
580 372 637 437 διὰ
659 372 726 459 γὰρ
753 374 891 451 τούτους
917 369 969 460 ἐφ’
996 371 1134 462 ἡσυχίας

123 473 179 541 καὶ
212 473 288 562 παρ’
323 475 460 542 ἐκείνων
495 473 653 561 ίγγένοιτ’
687 477 734 574 ἄη
762 478 843 563 ὑμῖν
878 480 975 564 δίκην
1009 483 1132 564 λαβεῖν.

94 583 200 658 ιτοθς
222 579 284 666 μὲν
306 577 368 648 οὖν
391 583 512 660 ἄλλους
534 587 655 667 λόγους
671 584 795 662 ποίντας
817 583 1011 671 περιέργους
1032 587 1135 671 ἡγοῦ-

122 711 193 772 μαι,
215 683 286 752 ἅδ’
308 686 351 754 ἂν
368 682 461 772 οἶμαι
479 700 690 772 συνενεγκεῖν
708 687 783 775 περὶ
802 683 849 754 ὧν
871 688 950 756 νυνὶ
973 703 1134 777 σκοπεῖτε,

122 790 212 859 ταῦτ’
240 794 345 858 εἰπεῖν
366 794 581 878 πειράσομαι,
602 803 763 861 τοσοῦτον
786 793 928 873 ἀξιώσας
950 800 1069 881 μόνον·
1091 797 1133 863 ἂν

124 900 189 982 ἄρα
211 921 270 964 τον
293 909 466 984 μεμνῶμαι
492 910 559 966 τῶν
586 897 842 984 πεπραγμένον,
871 901 917 986 μή
939 906 1134 989 κατηγορίας

123 1001 157 1090 μ’
180 1001 263 1090 ἕνεχ’
284 1004 421 1089 ἡγεῖσθε
444 1003 565 1089 λέγειν,
587 1002 659 1070 ἀλλ’
681 1006 738 1071 ἵνα
762 1005 871 1086 δείξας
892 1006 914 1073 ἃ
936 1005 1011 1074 τόθ’
1031 1007 1134 1094 ἡμάρ-

122 1132 204 1187 τετε,
226 1119 291 1177 νῦν
313 1108 489 1194 ἀποτρέψαι
512 1111 614 1177 ταύτὰ
635 1117 768 1178 παθεῖν.

592 1307 657 1370 ΚΑ

189 1430 235 1494 Ec
246 1425 302 1493 καὶ
314 1430 374 1495 τὸν
391 1428 495 1495 ἄλλον
512 1430 636 1515 χρόνον
651 1423 678 1494 ὦ
691 1429 811 1516 ἄνδρες
825 1426 999 1514 Ἀθηναῖοι
1017 1427 1135 1516 μηδενὶ

118 1536 441 1620 ,συμπολιτευόμενοι
454 1534 619 1618 τοσαύτην
634 1535 759 1619 ήγομεν
776 1534 917 1620 ἡσυχίαν
936 1536 1079 1623 ὅσηνπερ
1097 1535 1134 1602 ἐν

123 1651 169 1731 τῷ
192 1643 343 1728 παρόντι,
365 1641 442 1707 οὔτε
465 1641 505 1706 τὰ
526 1649 591 1707 νῦν
609 1639 652 1704 ἂν
670 1637 872 1723 γεγενημένα
891 1645 1056 1726 συμβήναι
1078 1665 1134 1709 νο-

124 1751 218 1833 μίζω,
234 1758 301 1812 τῶν
319 1743 347 1812 τ’
365 1747 477 1812 ἄλλων
495 1741 587 1831 οἶμαι
604 1745 712 1811 πολλοὶ
730 1742 861 1829 βέλτιον
879 1743 921 1811 ἂν
938 1747 1019 1831 ἡμῖν
1037 1750 1134 1834 ἔχειν,

124 1864 190 1922 νῦν
211 1850 242 1920 δ’
268 1853 413 1937 ὑπὸτῆς
436 1852 535 1918 ἐνίων
563 1850 733 1935 ἀσελγείας
756 1851 832 1916 οὔτε
855 1857 1037 1938 παρελθεῖν
1060 1841 1130 1920 οὔτ’

98 1965 230 2028 τείπεῖν
252 1956 329 2025 οὔθ’
352 1959 436 2035 ὅλος
458 1960 561 2041 λόγου
583 1968 696 2042 τυχεῖν
719 1958 818 2021 ἐστιν.
856 1957 938 2022 ὅθεν
961 1962 1135 2042 συμβαίνει

124 2065 231 2134 πολλὰ
253 2062 309 2130 καὶ
331 2063 392 2130 οίπι
415 2059 571 2146 ἐπιτήδει’
600 2067 687 2138 ἴσως.
724 2062 756 2125 εί
776 2056 838 2146 μὲν
861 2056 924 2127 οὖν
946 2061 999 2128 ἀεὶ
1021 2064 1135 2147 ταυτί,

125 2170 375 2253 πυνθάνεσθαι,
402 2164 457 2232 καὶ
485 2175 621 2232 σκοπεῖν
644 2167 663 2230 ὅ
685 2189 718 2231 τι
744 2167 806 2253 χρὴ
829 2175 975 2252 ποιήσαι,
996 2165 1052 2234 καὶ
1073 2168 1134 2234 πά-

127 2295 218 2363 σχειν
241 2266 355 2359 οἷοίπερ
382 2270 461 2339 νυνὶ
488 2272 670 2356 βούλεσθε,
695 2269 870 2356 ψηφιεῖσθ’
897 2273 979 2358 ἅπερ
1006 2273 1042 2340 ἐκ
1068 2285 1135 2341 τῶν
1144 2291 1211 2342 1432

125 2381 407 2468 παρεληλυθότων
423 2380 566 2465 χρόνον,
583 2374 761 2442 καθέλκειν
778 2379 932 2464 τριήρεις,
956 2378 1136 2464 ἐμβαίνειν,

125 2485 304 2573 είσφέρειν,
325 2485 433 2552 πάντα
449 2479 540 2551 ταῦτ’
563 2484 641 2568 ήδη·
664 2482 806 2569 ἂτριῶν
827 2482 961 2570 ἡμερῶν
983 2483 1004 2567 ή
1026 2482 1135 2570 πέντε,

126 2594 169 2660 ἂν
191 2597 345 2678 σιωπηθῇ
367 2590 406 2655 τὰ
428 2590 517 2675 παρὰ
543 2599 611 2654 τῶν
637 2591 805 2672 πολεμίων
831 2585 887 2654 καὶ
909 2600 1033 2675 σχῶσιν
1054 2591 1134 2674 ἡσυ-

125 2704 201 2786 χίαν
224 2697 357 2781 ἐκεῖνοι,
378 2694 478 2762 πάλιν
501 2691 611 2760 οὐκέτι
628 2696 746 2778 καιρὸν
769 2687 856 2759 εἶναι
877 2695 1032 2781 πράττειν
1053 2697 1134 2764 ὑπο-

128 2808 283 2890 λήψεσθε.
319 2801 412 2887 ὅπερ,
433 2795 521 2883 ἡνίκ’
544 2798 583 2865 ἐν
594 2795 826 2888 Ἑλλησπόντῳ
846 2802 1015 2867 Φίλιππον
1036 2802 1134 2886 ἡκού-

128 2928 243 2996 σαμεν,
261 2906 395 2992 συνέβη,
413 2904 469 2972 καὶ
485 2905 586 2971 πάλιν
604 2903 692 2989 ἡνίκ’
710 2907 757 2983 είς
774 2908 974 2992 Μαραθῶνα
991 2911 1135 2994 τριήρεις

102 3017 165 3082 εαί
190 3015 359 3102 ληστρίδες
384 3009 578 3099 προσέσχον.
619 3008 664 3088 ὡς
690 3012 753 3097 γὰρ
780 3009 822 3076 ἂν
848 3013 1006 3098 χρήσαιτό
1032 3037 1082 3092 τις
1107 3009 1134 3080 ὦ

128 3123 248 3208 ἄνδρες
257 3118 426 3203 Ἀθηναῖοι
439 3123 547 3195 καλῶς
560 3117 700 3202 δυνάμει
713 3116 1013 3206 παρεσκευασμένη,
1031 3119 1135 3199 οὕτως

127 3229 222 3314 ὑμεῖς
241 3227 380 3292 εἰώθατε
397 3235 443 3313 τρῖ
462 3224 684 3310 βουλεύεσθαι
702 3228 857 3309 χρῆσθαι,
880 3221 987 3303 ὀξέος.
1024 3227 1079 3292 δεῖ
1097 3223 1135 3293 δέ

128 3333 348 3421 βουλεύεσθαι
376 3325 436 3414 μὲν
462 3327 514 3415 ἐφ’
545 3329 698 3415 ἡσυχίας,
727 3339 836 3396 ποιεῖν
863 3324 901 3396 δὲ
927 3331 967 3396 τὰ
995 3329 1135 3409 δόξαντα

129 3440 208 3525 μετὰ
237 3439 401 3521 σπουδῆς,
429 3433 485 3501 καὶ
514 3438 713 3520 λογίσασθαι
741 3431 837 3500 τοῦθ’
871 3433 921 3500 ὅτι
951 3437 982 3500 εί
1008 3438 1052 3520 μή
1079 3434 1135 3501 καὶ

128 3547 256 3633 τροφήν
275 3544 392 3627 ίκανὴν
409 3553 565 3629 ποριεῖτε,
587 3539 642 3606 καὶ
665 3542 848 3626 στρατηγόν
870 3562 944 3604 τινα
962 3550 1022 3606 τοῦ
1039 3539 1134 3604 πολέ-

920 3642 973 3694 ⁸24*
