2650 3918
173 130 239 198 368
527 136 815 190 ΙΔΗΜΟΣΘΕΗΟΎΣ

565 299 566 302 ’
645 295 703 362 Πί.

240 414 326 503 Περὶ
352 413 414 502 μέν
436 427 512 485 τῶν
526 421 703 504 παρόντων
720 413 747 484 ὦ
766 418 885 505 ἄνδρες
903 412 1077 500 Ἀθηναῖοι
1102 436 1191 496 πρα·

174 514 308 614 γμάτων
325 532 364 609 τῇ
382 526 488 610 πόλει,
506 529 622 612 καίπερ
641 524 703 591 οὐκ
722 524 865 610 ἑχόντων
881 524 925 601 ὡς
938 526 1017 607 ἔδει,
1035 520 1076 589 οὐ
1093 522 1188 587 πάνυ

174 651 231 712 μοι
254 619 347 694 δοκεῖ
360 641 433 696 τῶν
454 636 606 717 χαλεπῶν
633 626 718 696 εἰναι
747 633 880 716 ζητῆσαι
906 629 943 695 τί
966 631 1008 695 άν
1030 652 1079 704 τις
1100 625 1187 707 πρά-

174 732 231 810 ξας
247 736 365 819 βελτίω
383 739 561 821 ποιήσειεν.
597 735 712 802 ὅντινα
735 734 848 821 μέντοι
869 737 931 823 χρη
954 736 1079 821 τρόπον
1100 733 1188 820 πρὸς

173 838 259 922 ὑμᾶς
280 841 386 906 εἰπεῖν
407 840 483 928 περὶ
506 842 632 926 αὐτῶν,
658 852 757 909 τοῦτο
782 845 980 926 παμπόλλην
1002 841 1186 906 δυσκολίαν

174 947 262 1030 ἔχειν
278 950 413 1032 νομιῖω,
436 949 497 1034 οὐχ
516 949 561 1026 ὡς
578 948 619 1015 οὐ
638 950 853 1033 συνησόντων
870 948 889 1012 ὅ
907 971 939 1013 τι
956 948 999 1013 άν
1020 971 1069 1024 τις
1091 943 1185 1032 λέγη,

174 1047 246 1116 ἀλλ’
272 1051 359 1118 οὕτω
386 1055 493 1120 πολλά
519 1052 574 1120 καί
600 1056 708 1138 ψευδῆ
735 1052 791 1119 καί
816 1054 924 1120 πάντα
950 1057 1077 1139 μᾶλλον
1098 1049 1120 1134 ἢ
1142 1050 1185 1114 τά

174 1153 325 1240 βέλτιστα
342 1170 411 1236 τοῖς
428 1160 617 1246 πράγμασιν
635 1163 850 1227 συνειθίσθαι
868 1183 925 1245 μοι
943 1154 1061 1226 δοκεῖτ’
1084 1156 1183 1223 άκοό-

173 1285 236 1347 ειν,
258 1263 341 1330 ὥστε
364 1264 498 1331 δέδοικα
525 1267 569 1351 μὴ
596 1273 642 1354 τῷ
664 1275 729 1332 νῦν
751 1266 790 1331 τά
812 1262 953 1350 βέλτιστ’
979 1265 1117 1346 εἰπόντι,
1138 1261 1183 1344 ἣν

173 1379 242 1446 τοίς
263 1368 500 1456 έξηπατηκόσιν
526 1381 691 1458 προσῆκεν
718 1369 898 1458 ἀπέχθειαν,
919 1370 1079 1456 ὑπάρχειν
1100 1363 1177 1453 παρ’
1309 1388 1310 1414 ι

147 1473 286 1558 εθμῶν,
314 1477 438 1560 ταύτην
466 1473 711 1561 ἀπενέγκασθαι
741 1481 860 1564 συμβῇ.
908 1477 974 1562 ὁρῶ
1005 1475 1068 1561 γάρ
1096 1473 1182 1557 ὑμᾶς

173 1580 331 1657 πολλάκις
352 1580 393 1646 οὐ
419 1583 502 1657 τοὺς
526 1582 651 1658 αἰτίους
675 1590 744 1646 ’τῶν
770 1580 971 1666 πραγμάτων
992 1586 1181 1664 μισοῦντας,

174 1683 257 1750 άλλά
274 1688 352 1761 τοὺς
367 1685 533 1762 ὑστάτουςἲ
545 1683 621 1771 περὶ
644 1686 754 1752 αὐτῶν
771 1689 923 1762 εἰπόντας
939 1709 971 1750 τι
989 1687 1070 1771 πρὸς
1087 1684 1180 1767 ὑμᾶς.
1311 1754 1312 1766 ¹

174 1789 215 1856 οὐ
236 1790 304 1874 μὴν
321 1789 405 1856 ἀλλά
422 1792 538 1878 καίπερ
557 1791 662 1868 οὕτως
674 1789 824 1876 άκριβῶς
841 1800 943 1857 ταῦτα
960 1792 1181 1874 λογιζόμενος,

174 1895 262 1980 ὅμως
283 1892 374 1981 οἶμαι
396 1896 502 1962 πάντα
523 1895 638 1983 παρεὶς
659 1894 778 1982 τάλλα,
803 1895 879 1984 περὶ
901 1897 1010 1963 αὐτῶν
1032 1908 1099 1966 τῶν
1119 1917 1181 1961 τια-

174 2005 302 2088 ρόντωυ
324 2002 345 2069 δ
366 2003 523 2088 κράτιστα
545 2005 668 2089 νομίζω
691 2006 764 2071 δείν
785 2001 903 2088 λέγειν.

651 2185 702 2252 IS·

237 2297 441 2389 Ἐβουλόμην
468 2303 511 2370 άν
536 2303 621 2390 ὑμᾶς
648 2300 675 2371 ὦ
703 2305 823 2391 ἄνδρες
845 2301 1033 2388 Ἀθηναίω,
1055 2296 1077 2390 ᾗ
1099 2303 1182 2388 πρὸς

173 2411 251 2485 τοὺς
283 2410 405 2486 άλλους
437 2410 582 2486 ἅπαντας
614 2411 753 2477 εἰώθατε
787 2407 1035 2496 προσφέρεσθαι
1063 2413 1181 2495 φιλαυ-

146 2519 322 2602 ,θρωπία,
348 2516 449 2603 ταύτη
475 2513 531 2582 καὶ
557 2517 639 2603 πρὸς
664 2516 750 2601 ὑμᾶς
772 2516 896 2593 ἀὐτοὺς
922 2522 1080 2602 χρῆσθαι·
1102 2513 1180 2584 νυνὶ

175 2616 206 2684 δ’
239 2618 396 2704 ἀμείνους
431 2617 503 2688 ἐστὶ
531 2621 571 2688 τά
604 2632 671 2696 τῶν
699 2623 811 2688 άλλων
840 2617 924 2688 δείν’
957 2621 1180 2708 ἐπανορθοῦν,

51 2731 59 2738 ’
173 2724 194 2808 ἣ
222 2735 290 2791 τῶν
317 2726 399 2810 ὑμίν
431 2727 544 2804 αὐτοῖς
577 2730 830 2813 συμβαινόντων
862 2730 1058 2815 φροντίζειν.
1102 2733 1181 2804 ἴσως
1189 2742 1254 2792 1429

174 2826 236 2915 μέν
262 2825 325 2922 οὖν
351 2831 431 2901 αὐτὸ
459 2834 557 2900 τοῦτό
584 2857 634 2910 τις
659 2833 702 2898 δν
728 2837 843 2921 ’φήσειε
865 2832 1021 2918 μέγιστον
1043 2835 1179 2900 ἔπαινον

173 2936 289 3023 φέρειν
319 2945 358 3024 τῇ
389 2941 502 3022 πόλει,
537 2940 577 3005 τὸ
607 2941 749 3030 μηδενὸς
780 2939 888 3004 εἵνεκα
918 2937 1059 3023 κέρδους
1090 2941 1178 3006 ἰδίου

173 3045 315 3120 πολλοὺς
336 3045 515 3126 κινδύνους
542 3042 626 3129 ὑπὲρ
648 3043 759 3114 ἀὐτοῦ
787 3053 847 3111 τοῦ
877 3045 1009 3112 δικαίου
1034 3053 1177 3132 προρρῆ·

174 3157 264 3224 σθαι.
302 3149 365 3234 ἐγὼ
385 3145 421 3215 δὲ
439 3150 563 3235 ταύτην
580 3147 608 3215 τ’
626 3149 736 3239 άληθη
754 3151 816 3234 την
835 3147 936 3229 δόξαν
953 3147 1040 3228 εἰναι
1056 3153 1175 3234 νομίζω

172 3257 254 3322 κατὰ
267 3266 337 3342 τῆς
359 3259 485 3334 πόλεως
510 3253 565 3328 καλ
591 3257 771 3342 βούλομαι,
797 3254 930 3323 κάκείνο
958 3253 996 3323 δέ
1019 3257 1191 3341 [ὑπολαμ-,

173 3363 277 3447 βάνω]
308 3365 491 3450 σωφρόνων
518 3361 706 3449 ἀνθρώπων
737 3364 837 3448 ἔργον
863 3359 964 3448 εἰναι,
995 3370 1072 3448 ίσην
1098 3366 1180 3450 πρό·
1233 3437 1236 3447 ,

172 3489 270 3532 νοιαν
291 3480 358 3535 τῶν
381 3468 493 3547 αὑτοῖς
520 3469 666 3556 οἰκείων,
692 3467 776 3553 δσην
802 3489 863 3556 περ
890 3480 957 3535 τῶν
983 3467 1180 3555 ἀλλοτρίων,
