2656 3926
416 194 605 248 ΠΡΟΟΙΜΙΔ.
632 196 868 248 XXXVHI-XL.
1080 191 1144 258 387

7 357 37 416 ιἰτ
137 356 223 431 σίας·
251 351 272 418 ἃ
300 349 331 418 δ’
362 352 405 418 άν
432 349 478 419 δι’
507 352 641 442 ἀνδρῶν
666 356 785 420 κακίαν
811 361 961 441 πραχθῇ,
992 357 1147 440 βεβαίους

7 457 36 538 α’,ι
105 470 228 526 εποιεῖ
247 460 305 536 τὰς
325 459 429 542 ήττας.
468 465 579 544 οίομαι
606 455 668 546 μὲν
696 455 759 526 οὑν
787 457 866 527 οὐδὲ
892 465 970 539 τοὺς
991 483 1147 546 κεκρατη-

7 575 34 630 :si
135 569 235 644 κότας
253 565 399 648 άγνοεῖν,
418 565 468 632 ότι
482 564 720 650 βουληθέντων
733 565 829 651 ὑμῶν
846 565 901 632 καὶ
919 563 1146 654 παροξυνθέν-

17 695 33 738 ;·
134 695 204 737 των
218 680 263 760 τῷ
279 668 500 760 γεγενημένῳ,
518 671 559 736 οὐ
578 672 666 738 πάνυ
679 692 730 738 πω
745 674 849 756 δήλου
861 667 972 758 πότερ’
988 667 1142 758 εύτύχημ’
1185 731 1190 740 .

7 785 30 813 ’”
135 777 158 862 ή
180 775 236 844 καὶ
257 778 455 844 τούναντίον
478 777 591 856 αὑτοῖς
618 777 709 844 ἐστιν
732 779 769 844 τὸ
792 777 1036 867 πεπραγμένον·
1058 781 1091 844 εί
1111 774 1142 844 δ’

14 892 29 961 γ’·
56 909 60 920 ·
136 881 189 971 ἄρ’
213 883 330 970 έπήρκε
353 885 391 950 τδ
413 881 535 970 πρᾶγμ’
558 883 679 960 αὐτοὺς
698 886 942 971 θρασύνεσθαι,
963 884 1026 951 κάν
1047 893 1145 951 τοῦτο

8 1023 14 1058 ι,
135 992 219 1078 πρὸς
240 990 335 1075 ὑμῶν
357 989 421 1074 ήδη
445 993 603 1072 γίγνοιτο.
645 989 713 1080 ὅσφ
735 991 798 1076 γάρ
826 990 869 1056 άν
895 994 1023 1075 μᾶλλον
1049 1013 1146 1055 κατα-

7 1105 25 1165 ὑ
135 1100 343 1182 φρονήσασι,
365 1095 512 1184 τοσούτω
534 1101 661 1162 θᾶττον
683 1094 934 1182 ἁμαρτήσονται.

618 1292 668 1354 Μ.

206 1412 258 1478 Οὔ
275 1435 333 1498 μοι
356 1408 474 1478 δοκεῖτ’
498 1407 524 1478 ὦ
547 1414 667 1497 ἄνδρες
680 1410 854 1498 Ἀθηναῖοι
875 1410 952 1501 περὶ
972 1407 1013 1499 ής
1033 1418 1146 1480 οἱεσθε

7 1536 11 1594 1
136 1517 217 1585 νυνὶ
229 1520 335 1603 μόνον
348 1519 571 1604 βουλεύεσθαι
588 1521 727 1603 πόλεως,
745 1517 829 1585 ἀλλὰ
846 1530 962 1584 πασῶν
979 1531 1047 1585 τῶν
1065 1534 1147 1603 συμ

17 1673 18 1678 1
137 1626 297 1712 μαγίδων.
334 1623 422 1702 ὅπως
440 1625 503 1710 γάρ
522 1623 565 1691 άν
581 1622 657 1711 περὶ
675 1626 796 1710 ταύτης
812 1637 930 1710 γνῶτε,
950 1627 1034 1710 πρὸς
1049 1621 1141 1690 ταῦτ’

7 1744 17 1805 ιζ·
137 1732 225 1809 είκὸς
251 1729 497 1817 ἀποβλέποντας
522 1731 600 1807 τυὺς
627 1731 749 1808 άλλους
775 1730 918 1808 καὺιοὺς
942 1741 1009 1795 τῶν
1036 1729 1147 1795 αὐτῶν

7 1877 15 1918 ι,
138 1836 312 1916 τεύξεσθαι
337 1839 494 1921 νομίζειν.
535 1835 618 1901 ὥστε
646 1837 701 1902 δεῖ
724 1833 780 1902 καὶ
807 1846 867 1902 τοῦ
894 1839 1064 1920 βελτίστου
1090 1832 1147 1902 καὶ

8 1979 13 2013 s
137 1951 195 2026 τής
212 1940 370 2027 ὑμετέρας
387 1940 497 2006 αὐτῶν
516 1941 625 2008 εἵνεκα
644 1939 742 2025 δόξης
759 1941 955 2025 σπουδάσαι,
974 1940 1062 2018 ὅπως
1079 1941 1146 2026 ἅμα

138 2045 194 2113 καλ
219 2045 428 2132 συμφέροντα
455 2043 513 2111 καλ
542 2045 653 2111 δίκαια
681 2048 874 2131 φανήσεσθε
898 2048 1145 2131 βουλευόμενοι.

112 2153 160 2236 εή
174 2147 235 2237 μέν
250 2145 312 2218 οὖν
326 2149 409 2238 ἀρχή
428 2160 495 2216 τῶν
512 2151 674 2216 τοιούτων
691 2151 891 2237 πραγμάτων
909 2147 1064 2216 ἁπάντων
1077 2148 1146 2218 ἐστὶ

139 2269 206 2322 τῶν
220 2267 424 2342 στρατηγῶν·
444 2249 491 2336 ὧν
506 2254 543 2320 ού
552 2261 700 2321 πλεῖστοι
713 2267 781 2322 τῶν
794 2253 871 2342 παρ’
885 2254 979 2340 ὑμῶν
994 2255 1146 2323 ἐκπλεόν-

139 2387 206 2430 των
233 2363 274 2430 οὐ
300 2365 379 2438 τοὺς
404 2359 583 2448 ὑμετέρους
609 2362 744 2446 φίλους,
771 2360 830 2438 οὑς
856 2361 912 2426 διὰ
938 2363 1060 2440 παντὸς
1084 2371 1145 2429 τοῦ

138 2472 262 2558 χρόνον
275 2478 344 2535 τῶν
358 2467 467 2534 αὐτῶν
479 2467 649 2533 κινδύνων
666 2470 902 2553 μετεσχηκότας
914 2470 1146 2554 παρειλήφασι,

138 2575 338 2663 θεραπεύειν
364 2574 502 2650 τούτους
529 2578 656 2640 οῖονται
678 2574 766 2657 δεῖν,
793 2569 865 2638 ἀλλ’
894 2573 1001 2651 ῖδίους
1027 2578 1146 2660 φίλους

140 2682 273 2760 ἕκαστος
297 2679 400 2770 ἑαυτῷ
426 2678 684 2763 κατασκευάσας,
712 2677 798 2765 ὑμᾶς
827 2677 917 2758 ἀξιοῖ
937 2681 1015 2756 τοὺς
1034 2680 1144 2748 αὑτῶν

139 2792 280 2866 κόλακας
300 2784 356 2854 καὶ
377 2783 556 2872 ὑμετέρους
576 2783 731 2869 ήγεῖσθαι
752 2789 890 2870 φίλους·
914 2780 955 2852 οὑ
981 2793 1048 2852 πᾶν
1075 2785 1144 2854 έστι

115 2893 344 2960 ῖτούναντίον.
393 2891 469 2960 οὔτε
500 2891 563 2978 γὰρ
596 2888 813 2978 έχθροτέρους
845 2887 914 2957 οὔτ’
946 2890 1145 2975 ἀναγκαίους

141 3002 267 3082 μᾶλλον
280 2997 423 3085 ἐχθροὺς
440 2996 483 3064 ἂν
501 2998 630 3064 τούτων
648 2997 784 3084 εὕροιτε.
811 2997 879 3087 όσφ
893 2998 956 3084 γὰρ
969 2999 1070 3062 πλείω
1083 3017 1144 3062 πα-

142 3106 380 3189 ρακρουόμενοι
392 3107 637 3188 πλεονεκτοῦσι,
654 3104 801 3192 τοσούτῳ
816 3105 981 3169 πλειόνων
999 3101 1145 3188 ὀφείλειν

140 3209 298 3294 ήγοῦνται
321 3210 419 3294 δίκην
442 3209 569 3275 δοὺναι.
615 3205 725 3285 οὐδεὶς
753 3206 782 3275 δ’
810 3207 852 3274 ἂν
879 3204 999 3293 γένοιτ’
1026 3209 1145 3287 εύνους
1155 3229 1221 3278 1449

141 3316 281 3400 τούτοις,
302 3311 360 3400 ὑφ’
384 3306 431 3380 ὧν
449 3314 492 3378 άν
508 3337 541 3380 τι
558 3315 661 3380 κακὸν
677 3317 851 3380 πείσεσθαι
869 3314 1048 3402 προσδοκᾷ.
1083 3324 1143 3379 τοῦ

141 3418 202 3508 μὶν
228 3415 291 3488 οὖν
317 3428 512 3505 κατηγορεῖν
539 3425 617 3496 ἴσως
643 3417 704 3504 οὐχ
731 3418 749 3486 ό
775 3419 892 3504 παρὼν
917 3423 1042 3505 καιρός·
1064 3418 1086 3485 ἃ
1108 3415 1139 3483 δ’

141 3528 283 3614 ήγοῦμαι
306 3521 486 3611 συμφέρειν
507 3521 600 3609 ὑμῖν,
621 3533 723 3590 ταῦτα
745 3525 990 3608 συμβουλεύσω.

932 3623 986 3679 25*
