2650 3918
207 181 274 248 232
497 183 595 234 αντα.
624 179 927 252 [amomon]

205 348 241 410 τί
259 345 321 431 χρὴ
344 345 490 427 νομίζειν
513 340 634 419 αὐτοὺς
651 340 877 427 πάσχεινύπὸ
899 350 967 406 τῶν
989 337 1112 404 ένθάδε
1135 360 1225 423 χρα-

206 447 378 536 φομένων,
410 439 460 524 οἷς
488 442 531 532 ἦν
563 447 779 534 αἱρετώτερον
807 445 961 532 φρουράν
991 441 1226 528 ὑποδέχεσθαι

204 552 261 621 καί
283 553 461 640 βαρβάρων
485 552 636 637 ἀκούειν,
662 553 758 637 ὑμῶν
780 551 998 629 άποστάνταςς
1022 546 1093 614 ἀλλ’
1123 543 1225 632 οἶμαι

204 662 266 745 την
283 661 411 726 τούτων
428 662 591 744 πονηρίαν
609 658 703 743 ὑμεῖς
721 660 819 743 μόνοι
838 657 987 722 δύνασθε
1008 653 1136 742 φέρειν,
1159 655 1222 736 άλ-

206 771 264 842 λος
284 761 316 832 δ’
343 762 454 842 οὐδεὶς
474 776 541 832 τῶν
558 762 736 848 Ἑλλήνων.
780 824 782 828 ,

167 891 192 932 τε
263 868 336 936 Ὅτι
358 867 420 956 μὲν
438 865 501 938 οὖν
524 871 600 937 ούτε
624 871 681 936 διά
698 871 763 947 τὰς
777 870 908 957 γραφάς
928 869 986 945 τὰς
1008 863 1220 952 ἀνεγνωσμέ-

205 1001 266 1055 νας
292 977 368 1044 ούτε
395 973 439 1043 δι’
467 978 572 1061 άλλην
595 979 704 1044 αἰτίαν
725 975 892 1060 ,οὐδεμίαν
919 972 1012 1053 άξιόν
1035 969 1103 1052 έστι
1119 973 1220 1058 παρὰ

132 1141 133 1145 ,
206 1083 329 1162 πάντας
350 1085 428 1161 τούς
449 1086 573 1168 νόμους
591 1085 672 1161 τοὺς
697 1080 862 1168 περὶτῶν
885 1078 1058 1159 ἐνδείξεων
1080 1077 1219 1163 άφεῖναι

207 1192 410 1275 Θεοκρίνην,
442 1189 560 1276 σχεδὸν
592 1186 646 1254 καί
676 1189 732 1254 διά
761 1198 828 1255 τῶν
857 1185 1040 1282 εἰρημένων
1067 1187 1220 1271 φανερόν

207 1293 304 1362 ἐστιν.
349 1295 413 1380 ε’χδι
444 1291 482 1361 δὲ
510 1295 567 1372 τάς
596 1289 657 1379 μέν
683 1295 812 1360 τούτων
838 1293 1020 1380 προφάσεις
1046 1286 1072 1356 ὦ
1096 1291 1220 1376 ἄνδρες

206 1398 356 1467 δικασταί
391 1398 446 1466 καί
477 1401 535 1477 τάς
569 1402 766 1491 κατηγορίας
798 1397 855 1466 καί
885 1399 943 1476 τάς
972 1399 1219 1484 προσποιηταυς

166 1529 193 1570 ιο
206 1509 325 1584 ταύτας
343 1509 465 1593 ἔχθρας
483 1505 523 1572 ού
542 1507 725 1571 λανθάνειν
743 1506 828 1590 ὑμᾶς
846 1507 977 1589 νομίζω.
1010 1503 1127 1588 οὐγὰρ
1147 1499 1218 1568 όλι-
1226 1519 1277 1571 1335

206 1613 299 1697 μάκις
326 1608 476 1696 ἑοράκατ’
502 1611 638 1694 αὐτούς,
667 1608 729 1678 ἐπὶ,
742 1593 804 1695 μέν
826 1621 893 1679 τῶν
916 1612 1137 1695 δικαστηρίων
1160 1604 1217 1673 καί

206 1727 266 1785 τοῦ
288 1719 434 1802 ῥύματος
456 1715 599 1802 ἐχθροὺς
628 1711 715 1781 εἶναι
737 1717 925 1802 φάσκοντας
947 1715 1117 1800 ἀλληλοις,
1146 1715 1216 1800 ίδίρι
1301 1745 1302 1802 3

206 1820 244 1889 δέ
265 1823 367 1889 ταύτά
396 1822 597 1907 πράττοντας
624 1818 680 1886 καί
709 1820 903 1907 μετέχοντας
928 1832 995 1887 τῶν
1024 1819 1214 1904 λημμάτων,
1301 1805 1302 1864 ί

205 1925 261 1995 καὶ
286 1924 361 1994 τοτὲ
392 1924 453 2012 μὲν
484 1925 765 2013 λοιδορουμένους
794 1925 850 1992 καί
878 1927 1065 2003 πλύνοντας
1093 1925 1214 2001 αὑτοὺς

205 2035 406 2122 τάπόρρητα,
426 2036 545 2119 μικρὸν
568 2030 605 2100 δέ
628 2036 840 2112 διαλιπόντας
857 2044 931 2110 τοῖς
952 2031 1064 2109 αὐτοῖς
1084 2030 1214 2108 τούτοις
1301 2031 1302 2054 ἦ

207 2142 496 2220 συνδεκατίζοντας
521 2135 576 2204 καί
602 2149 669 2204 τῶν
696 2137 806 2204 αύτῖον
835 2138 933 2223 ίερῖιν
960 2125 1213 2213 κοινωνοῦντας.

207 2245 414 2320 καὶτούτων
441 2241 542 2312 οὐδὲν
569 2250 649 2322 ἴσως
674 2242 769 2322 άξιον
795 2243 979 2328 θαυμάζειν
1006 2242 1086 2308 ἐστί·
1114 2243 1212 2328 φύσει
1301 2229 1302 2322 ί

206 2378 241 2420 τε
262 2354 327 2440 γάρ
345 2355 409 2418 είσι
426 2353 579 2437 πονηροί,
600 2347 657 2416 καὶ
674 2350 731 2426 τάς
752 2349 905 2426 τοιαύτας
927 2349 1108 2437 προφάσεις
1130 2349 1210 2434 ὁρῶ·
1301 2397 1302 2400 ¹

207 2478 261 2526 σιν
283 2459 368 2544 ὑμᾶς
390 2455 669 2545 ἀποδεχομένους,
697 2455 780 2521 ὥστε
803 2457 838 2520 τί
857 2457 979 2522 κωλύει
1000 2455 1134 2533 ταύταις
1155 2453 1210 2519 αύ-
1301 2503 1302 2508 1

167 2587 193 2628 α
206 2566 284 2641 τοὺς
314 2561 505 2650 χρωμένους
536 2561 698 2640 ἐξαπατᾶν
727 2560 813 2645 ὑμᾶς
839 2568 1035 2649 πειρᾶσθαι;
1066 2560 1152 2638 ὅλως
1177 2556 1205 2625 δ’

207 2665 304 2751 ἔγωγ’
327 2664 419 2753 οἶμαι
438 2670 510 2746 δεῖν
528 2667 612 2751 ὑμᾶς
631 2662 656 2732 ὦ
676 2667 795 2752 άνδρες
818 2667 980 2750 δικασταί,
1002 2663 1086 2752 ὑπὲρ
1109 2665 1210 2731 αὐτοῦ

205 2773 479 2859 τοῦπράγματος
506 2771 746 2857 σκεψαμένους,
772 2773 804 2837 εί
825 2767 886 2857 μὲν
916 2774 1027 2838 δίκαια
1050 2769 1135 2854 λέγω
1158 2769 1209 2836 καὶ
1301 2807 1302 2810 ¹

205 2878 286 2947 κατά
308 2880 549 2963 τούςνόμους,
576 2882 717 2962 βοηθεῖν
739 2901 815 2963 μοι,
842 2874 947 2962 μηδὲν
973 2875 1209 2962 ὑπολογισαμέ-

205 3008 297 3068 νους,
318 2985 350 3048 εί
371 2983 415 3068 μὴ
434 2980 655 3068 Δημοσθένης
677 2980 750 3049 ἔσθ’
776 2983 1015 3071 ὁκατηγορῶν,
1038 2983 1121 3049 άλλδ
1144 3006 1208 3068 μει-

206 3090 339 3178 ράκιον,
368 3083 451 3174 μηδὲ
484 3091 630 3173 νομίζειν
665 3086 886 3175 κυριωτέρους
917 3091 989 3155 δεῖν
1021 3084 1106 3155 εἶναι
1134 3093 1209 3166 τοὺς

204 3201 340 3282 νόμους,
351 3195 404 3267 ,άν
417 3190 455 3261 εὖ
473 3218 522 3272 τις
542 3206 611 3272 τοῖς
625 3194 765 3279 ὀνόμασι
783 3193 967 3279 συμπλέξας
986 3195 1106 3271 αὐτοὺς
1125 3196 1208 3276 [τού-

204 3307 303 3385 τους]1
322 3303 404 3387 ὑμῖν
432 3300 654 3386 παράσχηται,
671 3311 748 3365 τῶν
775 3300 863 3377 ὅπως
890 3303 1005 3387 ἔτυχεν
1034 3302 1207 3384 λεγόντων,

205 3409 288 3477 ἀλλά
309 3410 388 3485 τοὺς
409 3406 545 3490 αύτούς,
570 3402 627 3471 καί
649 3405 795 3493 τοσούτω
823 3410 950 3489 μᾶλλον
972 3416 1041 3484 τοῖς
1064 3403 1207 3492 ἀπείροις

204 3513 258 3580 καὶ
276 3513 364 3591 νέοις
381 3516 534 3599 βοηθεῖν,
552 3510 681 3600 ὅσῳπερ
695 3508 737 3576 δν
750 3505 850 3594 ἧττον
868 3510 1104 3597 ἐξαπατήσειαν
1118 3511 1206 3597 ὑμᾶς.
