2658 3914
467 156 566 208 ΠΡΟΣ
585 157 785 214 υιυοοεοιε.
872 120 874 124 ’
1066 157 1129 228 157

110 323 162 403 τῷ
195 312 295 402 πατρὶ
323 323 369 404 τῳ
399 313 466 403 ἐμῷ
496 318 629 401 χαλκόν.
671 316 717 394 ώς
745 311 776 384 δ’
806 317 868 384 οὐκ
895 315 1005 402 άλήθή
1033 317 1130 402 λέγει,

17 449 21 454 ·
64 437 96 480 ιι
112 419 203 506 μέγα
224 421 305 506 ύμῖν
326 419 389 506 ἐρῶ
408 424 594 508 τεκμήριον.
630 432 762 508 πρῶτον
780 418 842 508 μέν
860 425 923 509 γάρ
943 423 980 492 έν
999 427 1131 490 Καλαυ-

113 531 193 615 ρείᾳ
215 521 313 604 οὗτος
334 529 486 612 φαίνεται
515 528 752 613 δανεισάμενος
776 530 835 606 τὰς
856 532 963 616 χιλίας
985 531 1131 617 δραχμάς

112 632 172 704 καὶ
192 633 253 719 οὐχ
273 633 291 700 6
309 635 469 710 Βοιώτιος
485 635 663 720 ναύαρχος,
684 632 789 700 ἔπειτ’
807 633 954 702 ἀπαιτῶν
973 636 991 702 6
1012 639 1130 702 Φίλιπ-

113 761 179 816 πος
208 738 331 806 ἐνθάδε
359 749 481 806 τοῦτον
514 739 572 816 τάς
604 743 710 825 χιλίας
742 741 888 826 δραχμάς
915 739 971 816 καὶ
1001 741 1042 809 οὐ
1070 744 1130 808 τὸν

114 847 282 912 Βοιώτιον
310 846 497 932 ναύαρχον,
525 843 582 912 καὶ
610 845 757 924 ἀποδούς
785 841 899 932 οὗτος,
928 843 999 915 ἀλλ’
1027 847 1088 933 οὐχ
1111 847 1208 917 61199

113 953 278 1028 Βοιώτιος
312 951 490 1036 ναύαρχος·
521 960 669 1037 προσῆκε
704 953 768 1039 γάρ
805 961 850 1040 τῳ
888 948 949 1037 μὲν
980 956 1128 1042 Βοιωτίῳ

115 1060 254 1144 ἄρχοντι
276 1057 365 1143 παρὰ
387 1057 508 1122 τούτου
534 1059 596 1143 τήν
623 1059 752 1143 τροφήν
779 1069 849 1134 τοῖς
875 1057 912 1124 έν
938 1070 1009 1135 ταῖς
1030 1057 1130 1126 ναυσί

115 1162 313 1248 λαμβάνειν·
340 1161 377 1228 ἐκ
403 1162 468 1248 γάρ
495 1173 561 1228 τῶν
593 1173 717 1229 κοινῶν
750 1162 937 1243 συντάξεων
962 1163 983 1248 ή
1011 1171 1131 1248 μισθο-

116 1271 220 1354 φορία
241 1262 285 1351 ἦν
307 1275 352 1355 τῳ
377 1267 607 1352 στρατεύματι·
634 1267 674 1333 τὰ
701 1262 740 1332 δὲ
766 1271 915 1353 χρήματα
938 1271 980 1335 σὺ
1002 1270 1130 1337 ἅπαντα

117 1371 264 1452 ἐξέλεξας
286 1370 411 1438 ἐκτῶν
435 1371 632 1457 συμμάχων,
658 1369 713 1437 καὶ
740 1368 777 1439 σὲ
805 1374 873 1443 ἔδει
896 1373 1006 1440 αὐτῶν
1028 1376 1130 1457 λόχον

75 1496 104 1538 εο
117 1479 313 1545 ἀποδοῦναι.
355 1471 424 1543 εἶτα
458 1483 708 1546 καταλυθεισῶν
743 1489 810 1545 τῶν
838 1481 1012 1545 Βοιωτίων
1043 1490 1130 1546 νεῶν

116 1582 173 1651 καὶ
196 1585 448 1650 διαπελθόντων
475 1593 541 1650 τῶν
570 1595 796 1670 στρατιωτῶν,
822 1593 867 1674 τῳ
897 1580 958 1670 μέν
979 1589 1129 1675 Βοιωτίῳ

118 1690 275 1778 ναυάρχῳ
297 1686 409 1765 οὐδεὶς
435 1690 592 1766 κίνδυνος
618 1687 674 1756 ὑπ’
696 1684 884 1775 Ἀθηναίων
906 1686 965 1776 ἦν,
992 1688 1065 1758 οὐδ’
1092 1691 1129 1757 ἐν

119 1795 224 1886 άγῶνι
245 1795 455 1880 καθειστήκει
477 1795 605 1864 οὐδενί·
633 1798 675 1862 σὺ
704 1793 734 1862 δ’
762 1795 800 1864 ἐν
826 1805 872 1885 τῷ
895 1801 1050 1888 μεγίστῳ·
1073 1818 1128 1865 πε·
1221 1835 1224 1848 ·

120 1905 258 1988 ρίῳοβος
285 1897 316 1968 δ’
348 1900 396 1968 ών
422 1900 507 1984 ήγοῦ
535 1918 588 1969 σοι
615 1902 762 1986 μεγάλην
790 1902 981 1990 ἐπικουρίαν
1009 1902 1128 1971 άπολο-

119 2011 192 2092 χίας
214 2009 361 2091 ἔσεσθαι,
387 2005 447 2073 ἐάν
468 2009 715 2093 παραμείνωσιν
738 2009 776 2073 αί
794 2012 953 2075 Βοιώτιαι
974 2011 1129 2095 τριήρεις,

120 2112 182 2190 ἕως
210 2113 253 2177 άν
283 2128 336 2177 σοι
364 2109 385 2194 6
415 2114 522 2196 κρίσις
555 2109 699 2197 γένηται.
746 2116 857 2180 ἔπειτα
885 2111 940 2180 καὶ
974 2113 1011 2180 ἐκ
1039 2119 1129 2193 τίνος

120 2221 233 2305 φιλίας
255 2217 297 2281 άν
319 2213 390 2282 ποτ’
419 2215 588 2284 ἐδάνεισεν
612 2217 631 2282 6
652 2219 760 2305 πατήρ
778 2219 797 2285 6
818 2219 895 2303 ἐμὸς
915 2229 961 2308 τῷ
980 2222 1115 2307 Βοιωτί,

121 2322 277 2411 ναυάρχῳ
308 2321 366 2398 τὰς
394 2324 501 2406 χιλίας
532 2322 694 2408 δραχμάς,
730 2322 770 2389 δν
806 2322 879 2390 οὐδ’
915 2323 1128 2408 ἐχίννωσκενς

81 2446 107 2486 ⁵¹
122 2429 205 2496 άλλδ
222 2427 285 2513 γάρ
303 2423 495 2494 ὑποθέσθαι
517 2424 621 2511 φησὶν
645 2427 747 2492 αὐτὸν
764 2431 896 2514 χαλκόν.
932 2430 1039 2496 πόσον
1056 2432 1130 2497 τινά

121 2534 175 2604 καὶ
201 2534 369 2612 ποδαπόνς
396 2529 452 2598 καί
477 2535 586 2599 πόθεν
613 2534 794 2617 γενόμενον
821 2535 880 2600 τὸν
906 2538 1029 2620 χαλκὸν
1055 2547 1130 2604 τοῦ·

122 2665 178 2708 τον
214 2647 260 2728 τῳ
296 2639 447 2726 Βοιωτίῳ
482 2638 657 2730 ναυάρχῳ;
699 2641 822 2724 πότερα
857 2637 929 2706 κατ’
970 2640 1129 2727 ἐμπορίαν

123 2743 265 2836 ἀχθέντα
301 2743 322 2829 6
358 2740 413 2812 ἀπ’
450 2745 667 2829 αἰχμαλώτων
703 2747 899 2830 γενόμενον,
938 2741 1008 2812 εἶτα
1043 2751 1131 2827 τίνες

123 2851 205 2938 ἦσαν
220 2863 222 2866 ’
235 2851 270 2920 οί
296 2848 486 2934 ἐνέγκαντες
513 2852 573 2917 τὸν
602 2853 726 2937 χαλκὸν
754 2852 799 2929 ὡς
827 2853 886 2919 τὸν
919 2849 1042 2940 πατέρα
1071 2857 1130 2922 τὸν

125 2960 216 3046 έμόν;
246 2954 410 3044 μισθωτοὶ
439 2956 460 3042 6
490 2953 626 3037 οίκέται;
656 2956 679 3041 6
707 2960 757 3035 τίς
785 2956 804 3023 6
833 2960 1034 3045 παραλαβὼν
1062 2971 1129 3026 τῶν

87 3087 112 3128 ω
125 3069 258 3136 οἰκετῶν
278 3074 346 3130 τῶν
367 3060 549 3148 ἡμετέρους
580 3071 663 3148 χρῆν
685 3062 749 3149 γὰρ
772 3063 889 3148 αὐτόν,
911 3066 943 3130 εί
963 3060 1023 3148 μὲν
1046 3064 1130 3132 οίκέ·

123 3191 174 3240 ται
195 3175 352 3256 ἤνεγκαν,
372 3171 450 3246 τοὺς
476 3171 675 3253 κομίσαντας
702 3170 939 3255 παραδιδόναι,
966 3171 997 3235 εί
1018 3166 1056 3237 δὲ
1079 3195 1130 3254 μι-

59 3315 62 3322 ,
126 3281 265 3362 σθωτοί,
298 3277 357 3342 τὸν
389 3273 637 3359 ὑποδεξάμενον
675 3272 730 3340 καὶ
764 3273 1037 3359 ἀποστησάμενον
1071 3278 1130 3341 τὸν

126 3386 244 3470 χαλκὸν
271 3392 338 3448 τῶν
365 3382 501 3448 οἰκετῶν
531 3391 598 3448 τῶν
626 3377 806 3466 ήμετέρων,
834 3389 955 3447 τοῦτον
978 3378 1129 3458 ἐξαιτεῖν·

127 3491 164 3557 ού
186 3491 249 3577 γάρ
272 3489 381 3572 δήπου
403 3487 484 3552 άνευ
507 3509 545 3569 γε
569 3491 720 3569 σταθμοῦ
747 3488 882 3569 ἔμελλεν
904 3482 981 3552 οὔθ’
1009 3485 1027 3552 6
1050 3485 1130 3548 ύπο-
