2658 3922
417 217 825 287 Κεεεεεοκεεοεοεον.
1062 213 1126 280 239.

111 387 187 444 τῦν.
204 377 343 442 δικαίων
370 373 471 444 οὐδέν
497 389 615 444 ποιεῖν.
662 377 714 444 ότι
738 376 767 445 δ’
795 376 904 463 ἀληθή
928 374 1026 460 λέγω,
1047 373 1127 442 ἀνα-

112 483 275 568 γνώσεται
297 482 378 568 ὑμῖν
399 485 461 569 τήν
487 486 673 571 πρόκλησιν
697 483 747 568 ἣν.
770 479 853 570 ὑπὲρ
876 483 1003 550 τοῦτον
1025 481 1127 568 πρού-

113 587 312 674 καλεσάμεθ’
339 588 453 658 αὐτόν.

511 669 737 748 monum.

71 818 102 858 18
186 803 296 868 Ταῦτα
317 802 434 866 τοίνυν
457 793 483 865 ὦ
507 799 626 886 ἀνδρες
654 797 805 866 δικασταὶ
831 777 1127 886 προδιαλεσαμένων

114 905 209 991 ήμῶν
227 907 490 991 Διονυσόδωρον
507 904 642 972 τουτονὶ
660 907 830 989 πολλάκις,
852 904 908 972 καὶ
930 903 983 972 ἐπὶ
1004 907 1127 984 πολλάς

113 1007 237 1100 ἡμέρας
254 1008 453 1079 ἐνταθέντων
471 1011 533 1096 τήν
551 1014 747 1098 πρόκλησιν,
766 1012 901 1096 εὐήθεις
924 1013 986 1096 ἔφη
1009 1033 1127 1078 παντε·

114 1121 180 1195 λῦς
200 1115 285 1203 ἡμᾶς
307 1113 406 1201 εἶναι,
429 1119 461 1182 εἰ
483 1116 763 1204 ὑπολαμβάνομεν
790 1117 892 1184 αὐτὸν
919 1116 1024 1194 οὕτως
1051 1115 1126 1184 ἀλο-

113 1226 233 1306 γίστοις
260 1226 363 1310 ἐχειν,
392 1219 469 1289 ὥστ’
497 1220 551 1289 ἐπὶ
578 1223 750 1310 διαιτητήν
772 1225 936 1309 βαδίζειν,
957 1223 1127 1310 προδήλου

114 1329 209 1406 ὄντος
238 1327 290 1395 ὅτι
316 1329 561 1412 καταγνώσεται
583 1328 687 1398 αὐτοῦ
714 1327 885 1396 ἀποτεῖσαι
906 1329 946 1395 τά
968 1330 1128 1416 χρήματα,

114 1433 189 1514 ἐξὸν
221 1434 310 1524 αὐτῷ
343 1432 397 1504 ἐπὶ
431 1436 468 1502 τὸ
502 1437 715 1522 δικαστήριον
746 1435 840 1522 ήκειν
874 1431 1019 1522 φέροντα
1050 1433 1128 1521 τάρ·

113 1541 249 1628 γόριον,
276 1535 333 1606 εἶτ’
361 1540 420 1607 ἐδιν
447 1535 510 1626 μέν
539 1542 678 1627 δύνηται
708 1541 795 1626 ὑμᾶς
820 1542 1128 1629 παρακρούσασθαι,

114 1643 246 1714 ἀπιέναι
267 1644 443 1733 τάλλότρια
466 1648 602 1733 έχοντα,
629 1648 662 1714 εί
687 1643 724 1714 δέ
747 1649 810 1734 μή,
830 1657 1010 1732 τηνικαῦτα
1031 1671 1128 1714 κατα-

113 1758 227 1819 θεῖναι
248 1753 289 1818 τά
316 1754 483 1839 χρήματα,
513 1751 558 1830 ὡς
587 1751 629 1819 ἀν
659 1754 838 1840 ἀνθρώποις
866 1752 908 1819 οὐ
935 1761 980 1841 τῷ
1010 1754 1127 1843 δικαίῳ

114 1858 290 1943 πιστεύων,
307 1858 390 1924 ἀλλά
406 1858 580 1944 διάπειραν
601 1858 697 1944 ὑμῶν
718 1859 900 1945 λαμβάνειν
914 1860 1127 1944 βουλόμενος.

53 1955 100 2025 ἰε
187 1965 234 2031 Τὰ
257 1959 318 2050 μδν
336 1967 453 2032 τοίνυν
470 1963 684 2051 πεπραγμένα
702 1967 951 2054 Διονυσοδώρῳ
968 1962 1127 2049 ἀκηκόατε
1138 1980 1206 2031 1289

115 2066 142 2138 ώ
170 2071 290 2156 ἄνδρες
320 2071 482 2136 δικασταί·
512 2076 623 2155 οίομαι
651 2067 682 2138 δ’
709 2071 795 2156 ὑμᾶς
820 2071 1004 2156 θαυμάζειν
1031 2069 1128 2137 ἀκοά-

115 2200 214 2253 οντας
236 2175 337 2240 πάλαι
358 2176 420 2261 τήν
437 2178 563 2260 τόλμαν
581 2175 695 2261 αὐτοῦ,
717 2173 840 2265 καὶτῷ
863 2197 942 2242 ποτε
964 2177 1128 2242 πιστεύων

115 2282 310 2364 εἰσελήλυθε
325 2281 429 2366 δευρί.
460 2289 529 2357 πώς
547 2281 611 2366 γάρ
630 2280 672 2347 οῦ
690 2284 868 2368 τολμηρόν,
886 2288 921 2347 εἴ
934 2304 983 2358 τις
996 2283 1129 2368 ἀνθρω-

115 2409 178 2465 πος
200 2385 435 2471 δανεισάμενος
452 2387 603 2473 χρήματα
626 2386 663 2453 ἐκ
684 2397 745 2454 τοῦ
767 2386 928 2473 ἐμπορίου
950 2397 1011 2453 τοῦ
1029 2384 1129 2473 Ἀθή-

74 2513 103 2554 εο
116 2496 239 2576 ναίων,
265 2489 320 2558 καὶ
349 2492 545 2578 συγγραφήν
573 2493 757 2579 διαρρήδην
784 2493 996 2579 γραψάμενος
1022 2490 1075 2580 ἐφ’
1102 2487 1128 2583 β

115 2623 151 2666 τε
172 2601 350 2667 καταπλεῖν
376 2597 439 2682 τήν
466 2605 552 2662 ναῦν
579 2600 627 2676 είς
652 2600 690 2666 τὸ
717 2595 877 2685 ὑμέτερον
900 2597 1077 2684 ἐμπόριον,
1099 2602 1131 2666 εί

118 2703 156 2774 δέ
178 2707 235 2790 μή,
257 2703 427 2772 ἀποτίνειν
445 2702 603 2772 διπλάσια
621 2704 661 2770 τδ
679 2706 839 2792 χρήματα,
860 2706 940 2790 μήτε
958 2705 1020 2790 τήν
1042 2715 1128 2772 ναῦν

117 2813 371 2896 κατακεκόμικεν
393 2811 441 2888 είς
462 2812 522 2878 τὸν
544 2814 688 2897 Πειραιῦ
714 2813 794 2896 μήτε
821 2811 861 2877 τά
883 2807 1022 2898 χρήματ’
1049 2811 1128 2878 ἀπο-

119 2919 238 2987 δίδωσι
267 2929 336 2994 τοῖς
368 2917 557 3002 δανείσασι,
588 2920 647 2984 τόν
677 2940 712 2984 τε
744 2927 838 2984 σῖτον
869 2915 1060 3002 ἐξελόμενος
1091 2917 1128 2984 ἐν

113 3013 216 3113 Ῥόδῳ
238 3019 389 3108 ἀπέδοτο,
411 3021 466 3090 καλ
484 3032 587 3090 ταῦτα
605 3021 889 3110 διαπεπραγμένος
905 3018 1011 3110 μηδὲν
1029 3019 1128 3108 ήττον

78 3147 105 3188 ²1
118 3135 223 3220 τολμᾷ
250 3128 384 3216 βλέπειν
411 3131 459 3207 είς
485 3130 525 3196 τά
552 3127 693 3216 ὑμέτερα
719 3133 895 3216 πρόσωπα,
923 3130 944 3196 δ
970 3130 1012 3215 δή
1041 3127 1129 3215 λέγει

119 3237 201 3322 πρὸς
226 3231 316 3302 ταῦτ’
349 3233 518 3302 ἀκούσατε.
559 3233 642 3322 φησὶ
668 3237 731 3323 γὰρ
760 3237 823 3322 τήν
849 3246 935 3304 ναῦν
962 3233 1129 3302 πλέουσαν

119 3339 153 3420 ἐξ
184 3343 357 3426 Αἰγύπτου
389 3341 548 3428 όαγήναι,
579 3339 634 3408 καὶ
666 3342 722 3407 διά
752 3337 843 3408 ταῦτ’
879 3341 1129 3425 ἀναγκασθῆναι

118 3443 174 3514 καὶ
196 3456 376 3534 προσσχεῖν
399 3447 446 3522 είς
467 3446 529 3530 τήν
546 3443 662 3514 Ῥόδον
690 3443 785 3512 κάκεῖ
805 3443 976 3524 ἐξελέσθαι
997 3448 1057 3511 τὸν
1080 3455 1128 3508 σῖ-

4 3634 10 3654 ,·
119 3575 187 3619 τον.
223 3549 279 3618 καὶ
296 3552 416 3620 τούτου
434 3552 610 3637 τεκμήριον
628 3548 727 3636 λέγει,
753 3551 798 3628 ώς
815 3547 867 3636 ἀρ’
891 3549 927 3616 ἐκ
944 3558 1001 3634 τῆς
1013 3545 1129 3613 Ῥόδον
