2650 3918
172 189 239 256 346
473 190 545 242 LXI.
572 184 879 248 [ΔΗΜΟΣΘΕΝΟΤΣ]

173 352 258 438 δρῶ,
287 349 371 417 ἀλλὰ
399 350 598 435 παρίσταταί
623 370 680 432 μοι
709 347 844 412 δείσθαι
869 353 936 410 τῶν
965 341 1188 427 ἀναγνόντων.

173 458 270 524 τόνδε
292 458 352 522 τὸν
373 459 476 539 λόγον
499 450 536 520 σὲ
557 460 728 540 θεωρῆσαι
749 449 806 518 καὶ
829 451 933 534 ίδείν,
954 449 1011 515 ἵνα
1034 448 1183 532 συγγνώ-

134 581 160 620 11
173 585 236 646 μης
256 563 344 648 τύχω
372 557 477 647 μηδὲν
503 560 621 646 ὅμοιον
650 560 735 643 ἔχων
757 559 872 626 εἰπεῖν.
916 563 962 644 τῷ
986 555 1049 640 γὰρ
1071 552 1114 618 ἀν
1136 554 1184 617 εί-

173 665 286 733 κάσειέ
304 691 369 751 τις,
391 665 410 732 δ
432 667 561 750 θνητὸν
583 664 624 731 δν
646 661 818 730 ἀθάνατον
839 671 909 740 τοίς
930 662 1063 727 ἰδοῦσιν
1084 656 1182 744 ἐργά-

174 773 259 850 ζεται
272 774 394 856 πόθον,
406 769 461 840 καὶ
475 771 646 857 δρώμενον
658 769 722 837 ούκ
734 766 930 853 ἀποπληροί,
950 762 1005 831 καί
1018 765 1183 850 μεταστὰν

174 878 424 962 μνημονεύεται,
445 872 501 942 καί
523 877 584 960 τὴν
606 872 674 941 τῶν
690 881 782 940 θεῶν
804 871 900 952 ἀξίαν
922 868 972 938 ἐπ’
998 870 1183 957 ἀνθρώπων

173 981 277 1066 φύσιν
299 984 383 1068 ἔχει,
410 983 492 1067 πρὸς
514 977 576 1067 μὲν
603 982 665 1065 τὴν
687 977 884 1065 εὐπρέπειαν
906 976 1074 1063 ἀνθηρόν,
1100 978 1184 1063 πρὸς

175 1083 212 1153 δὲ
229 1089 286 1168 τὰς
304 1090 408 1165 αίτίας
425 1085 668 1172 ἀνυπονόητονς
692 1084 777 1152 ἀλλὰ
799 1086 865 1171 μην
883 1079 964 1152 οὐδὲ
981 1079 1073 1149 ταῦτ’
1092 1084 1182 1148 ἐστιν

174 1191 386 1261 αἰτιάσασθαι
405 1195 512 1280 [πρὸς]
532 1193 593 1277 τὴν
616 1193 680 1277 σὴν
702 1193 793 1276 όψιν,
816 1190 838 1256 ἀ
859 1195 995 1268 πολλοῖς
1015 1190 1080 1274 ἤδη
1104 1203 1183 1253 σνν-

133 1319 160 1360 ιι
174 1297 268 1366 ἐπεσε
285 1311 353 1366 τῶν
370 1299 512 1375 κάλλους
528 1293 767 1385 μετασχόντων.
798 1295 821 1381 ἣ
843 1296 907 1382 γδρ
925 1293 970 1364 δι’
992 1293 1182 1381 ἀρρυθμίαν

174 1415 234 1472 τοῦ
265 1408 428 1492 σχήματος
458 1406 589 1472 άπασαν
621 1403 846 1491 συνετάραξαν
876 1405 938 1487 τὴν
968 1401 1183 1488 ὑπάρχουσαν

174 1509 387 1597 εὐπρέπειαν,
408 1511 429 1595 ἢ
452 1508 496 1576 δι’
524 1510 673 1596 ἀτύχημά
694 1533 727 1576 τι
748 1508 803 1576 καὶ
825 1511 865 1576 τά
878 1513 994 1585 ’καλῶς
1015 1509 1183 1592 πεφυκότα

175 1612 395 1700 συνδιέβαλον
417 1614 515 1704 αὐτῷ.
548 1609 596 1681 ὧν
619 1613 735 1682 οὐδενί
756 1615 818 1700 τὴν
840 1616 904 1700 σὴν
925 1615 1006 1693 ὄψιν
1027 1612 1183 1699 εὕροιμεν

174 1720 217 1787 δν
238 1723 356 1807 ἔνοχον
383 1718 618 1807 γεγενημένην·
648 1721 735 1788 οὕτω
762 1723 826 1807 γάρ
853 1717 972 1807 σφόδρ’
1000 1717 1183 1804 ἐφυλάξπο
1194 1734 1279 1786 1406,

173 1826 280 1904 πάσας
305 1828 362 1905 τὰς
387 1827 539 1904 τοιαύτας
565 1835 668 1913 κῆρας
693 1827 783 1905 ὅστις
809 1825 880 1895 ποτ’
906 1822 950 1911 ἦν
970 1832 1063 1891 θεῶν
1085 1824 1103 1891 δ
1126 1833 1185 1908 τῆς

174 1941 234 2018 σης
255 1935 362 2012 όύεως
382 1937 594 2020 προνοηθείς,
617 1935 700 2000 ὥστε
720 1929 824 2020 μηδὲν
843 1930 995 2019 μέμψεως
1016 1930 1119 2013 ἀξιον,
1140 1931 1182 1995 τά

134 2058 161 2098 1³
175 2036 214 2105 δέ
241 2044 377 2106 πλείστα
407 2040 606 2126 περίβλεπτά
633 2056 695 2106 σου
722 2049 930 2129 καταστῆσαι.
974 2034 1030 2104 καί
1056 2031 1116 2122 μὲν
1138 2037 1182 2120 δὴ

174 2142 229 2211 καί
250 2156 317 2212 τῶν
340 2144 519 2232 δρωμένων
542 2145 801 2232 ἐπιφανεστάτου
819 2141 881 2230 μέν
904 2146 1000 2222 ὄντος
1020 2153 1081 2209 τοῦ
1102 2163 1183 2228 προ-

175 2251 300 2336 σώπου,
322 2253 442 2318 τούτου
465 2244 496 2317 δ
522 2252 625 2318 αὐτοῦ
646 2262 714 2318 τῶν
736 2251 903 2337 ὀμμάτων,
926 2252 974 2321 ἐτι
995 2253 1123 2334 μᾶλλον
1146 2247 1184 2314 ἐν

173 2358 303 2434 τούτοις
319 2355 507 2436 ἐπεδείξατο
525 2359 586 2442 τὴν
603 2358 740 2424 εὔνοιαν
757 2357 800 2441 ἣν
817 2352 906 2443 εἶχεν
922 2358 970 2434 είς
992 2351 1030 2422 σέ
1051 2357 1089 2422 τὸ
1113 2356 1185 2420 δαι-

174 2464 301 2547 μόνιον.
347 2462 388 2529 ού
406 2464 469 2549 γάρ
488 2465 593 2548 μόνον
614 2465 698 2549 πρὸς
719 2464 757 2530 τὸ
780 2463 820 2528 τὰ
842 2457 1073 2546 κατεπείγονθ’
1100 2461 1183 2546 ὁρᾶν

174 2567 319 2653 αὐτάρκη
341 2565 552 2655 παρέσχηται,
574 2565 649 2634 ἀλλ’
677 2566 776 2634 ἐνίων
799 2565 870 2634 οὐδ’
898 2567 935 2633 ἐκ
956 2578 1022 2633 τῶν
1044 2589 1183 2652 πραττο-

174 2669 284 2756 μένων
311 2671 579 2759 γιγνωσκομένης
606 2681 664 2757 της
692 2672 823 2759 ἀρετῆς,
854 2683 916 2740 σού
945 2673 1002 2738 διὰ
1029 2684 1097 2738 τῶν
1125 2683 1185 2757 της

174 2777 281 2855 ὄψεως
317 2782 460 2862 σημείων
495 2780 537 2845 τά
571 2780 728 2845 κάλλιστα
763 2790 830 2846 τῶν
865 2779 961 2864 ἠθῶν
998 2776 1182 2864 ἐνεφάνισε,

173 2891 281 2968 πρᾶον
303 2877 364 2966 μέν
382 2882 440 2950 καί
459 2883 702 2972 φιλάνθρωπον
724 2895 793 2963 τοίς
815 2885 928 2971 δρῶσι,
951 2889 1181 2970 μεγαλοπρεπῆ

175 2985 213 3054 δέ
233 2985 289 3054 καί
320 2991 443 3074 σεμνὸν
471 3001 541 3068 τοῖς
567 2990 760 3076 ὁμιλοῦσιν,
790 2988 948 3075 ἀνδρείων
977 2986 1015 3056 δὲ
1041 2987 1097 3056 καὶ
1118 2991 1184 3055 σώ·

135 3113 162 3155 14
173 3117 283 3180 φρονα
304 3103 405 3160 πᾶσιν
428 3093 599 3174 ἐπιδείξας.
644 3094 663 3161 ὃ
685 3092 741 3161 καὶ
763 3092 890 3179 μάλιστ’
917 3097 960 3162 ἀν
980 3117 1031 3172 τις
1051 3097 1183 3180 θαυμά-

175 3217 275 3266 σειεν·
302 3211 368 3266 τῶν
395 3200 458 3287 γὰρ
486 3202 597 3267 ἀλλων
624 3197 678 3266 ἐπὶ
700 3197 761 3284 μὲν
787 3211 845 3286 της
870 3205 1052 3287 πραότητος
1072 3222 1182 3267 ταπει-

173 3317 259 3391 νῶν,
286 3303 339 3372 ἐπὶ
366 3302 404 3372 δὲ
426 3314 483 3390 τῆς
509 3309 705 3390 σεμνότητος
726 3305 888 3373 αὐθαδῶν
909 3306 1183 3392 ὑπολαμβανομέ-

173 3435 262 3496 νων,
289 3409 345 3478 καὶ
371 3413 428 3477 διὰ
457 3407 518 3497 μὲν
540 3412 602 3495 την
624 3410 781 3497 ἀνδρείαν
802 3411 1037 3499 θρασυτέρων,
1064 3413 1121 3478 διὰ
1144 3410 1183 3480 δὲ

173 3515 234 3597 τὴν
262 3517 404 3604 ἡσυχίαν
439 3513 624 3602 ἀβελτέρων
656 3513 743 3584 εἶναι
779 3518 986 3602 δοκούντων,
1019 3519 1183 3598 τοσαύτας
