2658 3922
468 242 564 294 xm
581 240 784 295 κοαοαοε..
1058 239 1124 306 213

114 405 244 490 μακρὰν
265 405 430 490 φεροίμην
452 398 557 468 οἴκαδ’
581 399 618 468 έκ
634 409 694 468 τοῦ
715 404 905 487 βαλανείου,
927 399 1036 469 έδόκει
1058 409 1128 480 τοῖς

114 517 281 596 παροῦσιν
302 509 347 585 ὡς
368 509 427 576 τὸν
449 509 598 573 Μειδίαν
625 506 756 592 έκείνην
782 507 844 590 την
871 503 1013 594 ἑσπέραν
1034 509 1128 592 κομί-

116 631 187 699 σαι,
217 611 273 680 καὶ
306 611 463 698 ἐποίησαν
495 612 592 680 ούτω.
637 609 712 698 λάβ’
736 606 799 678 οὖν
829 608 885 677 καὶ
915 614 974 692 τὰς
998 613 1127 680 τούτων

116 723 306 807 μαρτυρίας,
335 715 379 784 ἵν’
413 715 522 804 εἰδῆθ’
556 719 608 784 ότι
636 714 755 784 πολλοὶ
783 721 959 784 συνίσασιν
988 719 1034 797 ὡς
1060 718 1126 785 ὑπὸ

115 826 247 893 τούτων
266 824 445 911 ὑβρίσθην.

518 937 723 990 ΜΑΡΓΤΡῙΑΙ.

182 1051 275 1140 Λαβδ
298 1055 340 1140 δη
362 1051 418 1120 καὶ
440 1054 502 1139 την
523 1061 584 1118 τοῦ
607 1054 723 1138 ίατρού
745 1054 939 1140 μαρτυρίαν.

528 1245 719 1298 ΜΔΡΤΤΡΙΔ.

74 1402 101 1442 11
187 1365 267 1429 Τότε
295 1357 358 1448 μὲν
384 1362 501 1426 τοίνυν
525 1358 713 1447 παραχρῆμ’
736 1361 801 1428 ἀπὸ
828 1370 895 1426 τῶν
921 1364 1057 1444 πληγῶν
1080 1353 1128 1426 ὧν

116 1471 239 1553 ἔλαβον
266 1465 322 1533 καὶ
348 1473 406 1549 τῆς
438 1464 564 1551 ὕβρεως
595 1465 682 1532 οὕτω
716 1464 886 1550 διετέθην,
917 1465 963 1542 όις
993 1463 1128 1532 ἀκούετε

115 1572 171 1640 καὶ
193 1572 438 1660 μεμαρτύρηται
459 1570 548 1657 παρὰ
563 1569 699 1636 πάντων
717 1570 798 1655 ὑμίν
820 1581 888 1636 τῶν
910 1569 1015 1648 εὐθὺς
1037 1573 1131 1638 ίδόν·

115 1702 193 1745 των.
228 1677 309 1763 μετὰ
335 1686 437 1744 ταῦτα
464 1672 503 1743 δδ
528 1686 595 1742 τῶν
622 1673 684 1761 μὲν
710 1676 901 1761 οίδημάτων
927 1687 995 1742 τῶν
1022 1675 1060 1743 έν
1082 1686 1128 1767 τῷ

115 1785 281 1873 προσόπμ
303 1780 448 1849 καὶτῶν
476 1778 598 1866 ἑλκῶν,
624 1776 727 1849 οὐδὲν
753 1784 816 1867 ἔφη
844 1785 1033 1872 φοβεῖσθαιΙ
1047 1787 1128 1864 ,λίαν

116 1889 135 1957 ὁ
159 1891 281 1977 ίατρός,
303 1885 440 1974 πυρετοὶ
458 1884 497 1953 δὲ
517 1888 799 1974 παρηκολούθουν
822 1911 880 1973 μοι
902 1899 1052 1975 συνεχεῖς
1073 1886 1129 1954 καὶ

1 2065 2 2071 1
115 1995 307 2081 ἀλγήματα,
335 1994 416 2060 ὅλου
446 1989 508 2078 μὲν
536 2003 597 2060 τοῦ
624 1994 773 2078 σώματος
798 1994 887 2060 πάνυ
915 1994 1047 2081 σφοδρὰ
1073 1992 1129 2061 καὶ

1 2097 2 2102 ’
115 2101 243 2186 δεινά,Ι
258 2098 399 2183 μάλιστα
428 2095 465 2164 δὲ
493 2108 560 2164 τῶν
588 2103 742 2184 πλευρῶν
770 2097 909 2166 καὶτοῦ
930 2099 1053 2186 ἤτρου,
1072 2097 1129 2166 καὶ

73 2247 102 2288 22
115 2218 183 2274 τῶν
206 2205 322 2271 σιτίων
344 2199 589 2288 ἀπεκεκλείμην.
629 2200 686 2269 καὶ
712 2202 758 2279 όις
783 2199 845 2287 μέν
872 2204 892 2272 ό
915 2206 1027 2290 ίατρὸς
1054 2206 1129 2290 ἔφη,

115 2314 148 2378 εί
177 2311 222 2396 μη
255 2307 419 2394 κάθαρσις
449 2308 585 2392 αἵματος
615 2307 781 2393 αὐτομάτη
813 2331 871 2393 μοι
902 2310 992 2376 πάνυ
1022 2312 1128 2395 πολλὴ

116 2413 241 2500 συνέβη
264 2413 459 2504 περιωδύνῳ
477 2409 506 2478 τ’
533 2413 605 2479 όντι
628 2411 684 2479 καὶ
705 2411 944 2499 ἀπορουμένων
965 2415 1043 2500 ἤδη,
1063 2414 1127 2482 κάν

115 2525 241 2609 ἔμπυος
267 2521 449 2604 γενόμενος
474 2518 675 2604 διεφθάρην·
697 2528 763 2586 νῦν
791 2514 828 2584 δέ
850 2517 940 2587 τοῦτ’
965 2522 1069 2587 έσωσε
1090 2524 1128 2590 τδ

116 2620 185 2713 αἷμ’
211 2625 441 2712 ἀποχωρῆσαν.
477 2624 523 2701 όις
545 2618 608 2690 ούν
628 2621 686 2690 καὶ
706 2621 798 2690 ταῦτ’
822 2623 932 2712 ἀληθη
955 2623 1052 2714 λέγω,
1072 2625 1129 2696 καὶ

116 2729 396 2820 παρηκολούθησέ
411 2755 468 2816 μοι
485 2730 620 2814 τοιαύτη
643 2732 744 2809 νόσος
765 2728 798 2811 ἐξ
821 2726 861 2816 ἧς
882 2734 929 2809 είς
946 2733 1129 2820 τούσχατον

116 2834 242 2924 ἦλθον,
264 2835 299 2916 ἐξ
322 2830 370 2902 ὧν
391 2836 609 2905 ὑπὸτούτου
636 2838 758 2921 ἔλαβον
784 2842 938 2922 πληγῶν,
965 2837 1040 2925 λέγε
1066 2842 1204 2927 τηνιςςι

116 2955 178 3013 τοῦ
200 2947 317 3032 ίατρού
339 2947 522 3031 μαρτυρίαν
543 2939 600 3009 καὶ
621 2943 684 3028 την
706 2954 773 3010 τῶν
796 2943 1074 3013 ἐπισκοπούντων.

2 2279 15 2322 t

519 3136 724 3192 MAPI'TPIAL

76 3274 105 3316 ιε
176 3250 249 3318 Ὅτι
266 3249 329 3338 μὲν
345 3256 461 3319 τοίνυν
479 3252 520 3320 οὐ
537 3255 671 3340 μετρίας
687 3255 781 3333 τινάς
795 3252 852 3322 καὶ
868 3255 998 3340 φαύλας
1015 3255 1128 3341 λαβὼν

118 3359 260 3445 πληγάς,
286 3355 361 3424 ἀλλ’
386 3360 435 3435 είς
459 3366 526 3424 πᾶν
553 3357 665 3425 ἐλθὼν
692 3359 748 3426 διδ
774 3361 836 3444 τὴν
862 3359 963 3445 ύβριν
989 3357 1044 3426 καὶ
1066 3362 1127 3440 την

120 3463 293 3549 ἀσέλγειαν
315 3465 377 3550 την
398 3454 548 3548 τούτων,Ι
564 3467 651 3531 πολὺ
672 3473 730 3548 τῆς
754 3466 985 3550 προσηκούσης
1006 3465 1127 3531 ε’λάττω

11 3609 20 3662 4
118 3572 215 3656 δίκην
244 3574 376 3656 εἴληχα,
404 3572 615 3656 πολλαχόθεν
643 3572 765 3655 νομίζω
799 3571 903 3652 δῆλον
928 3569 1010 3653 ὑμῖν
1035 3591 1126 3652 γεγε-
