2658 3914
393 185 489 238 RATA
507 185 811 242 οευκιῑιοεωεοε.
1041 185 1104 254 13⁷

93 341 250 411 ἁπάντων
269 338 317 412 άιν
335 352 449 433 είρηκα
467 350 647 432 μαρτυρίας
664 346 745 433 ὑμῖν
762 345 1003 434 παρασχέσθαι,
1019 349 1107 435 πρά-

91 465 206 517 τιστον
234 447 296 536 μὲν
321 453 360 519 τδ
388 451 421 530 έξ
449 451 551 539 ἀρχῆς
577 452 628 518 ότι
656 451 720 537 ἐγὼ
747 451 803 518 καὶ
826 447 923 530 οὗτος
944 453 1026 538 ἡμῖν
1047 453 1107 519 αὐ-

93 566 164 633 τοῖς
187 556 380 636 δικάσαντες
403 557 603 644 ἐνειμάμεθα
630 560 667 624 τὸ
696 565 770 625 ίσον
793 555 945 645 ἑκάτερος
966 566 1023 642 τῆς
1044 583 1107 644 φα-

95 669 193 747 νερᾶς
216 661 332 741 οὐσίας
353 658 392 748 ἧς
414 667 539 749 Κόμων
556 662 737 731 κατέλιπεν.
772 666 830 730 καί
849 687 906 749 μοι
929 660 1009 749 λαβὲ
1030 665 1108 731 ταύ-
1209 693 1219 714 ·

95 790 156 852 την
178 768 241 852 τὴν
263 771 449 856 μαρτυρίαν
471 780 620 856 πρῶτον,
647 772 757 835 ἔπειτα
778 769 837 847 τάς
858 771 959 847 άλλας
982 767 1109 848 ἁπάσας

95 872 332 958 ἀναγίγνωσκε.

503 979 696 1034 MAPTTPIA.

53 1103 81 1142 νε
162 1082 255 1170 Λαβὲ
283 1087 325 1171 δη
352 1110 409 1172 μοι
435 1085 491 1153 καί
518 1087 578 1172 την
604 1089 804 1171 πρόκλησιν,
825 1086 870 1171 ἣν
890 1087 1109 1173 προεκαλεσά-

94 1215 162 1276 μην
184 1192 287 1259 αὐτὸν
309 1191 385 1277 περὶ
407 1202 467 1260 τοῦ
486 1191 649 1279 ἀργυρίου
672 1187 714 1259 οὗ
737 1195 834 1277 ἔλαβε
856 1191 946 1279 παρὰ
968 1202 1028 1259 τοῦ
1051 1191 1108 1258 ἀν-

94 1297 236 1382 θρώπου
258 1308 320 1365 τοῦ
341 1297 611 1384 βασανισθέντος.

490 1502 717 1556 ΠΡΟΚΔΗΣῙΣ.

160 1611 402 1701 Ἀναγίγνωσκε
429 1615 471 1700 δὴ
504 1613 560 1682 καί
586 1616 648 1701 την
675 1613 790 1702 ἑτέραν
817 1620 1019 1704 μαρτυρίαν,
1046 1616 1109 1702 ότι,

97 1720 211 1805 ἐπειδὴ
238 1721 471 1789 ἐπεδικάσαντο
500 1724 535 1787 οί
559 1722 723 1790 ἀντίδικοι
749 1723 859 1809 ἡμῶν,
891 1724 1018 1790 ἅπαντα
1047 1743 1109 1789 πα-

97 1825 238 1914 ρέλαβον
265 1828 328 1896 ὅσα
354 1828 449 1914 ἡμεῖς
471 1834 621 1915 είχομεν,
647 1829 736 1914 πλην
763 1840 829 1895 τῶν
856 1829 1034 1916 χρημάτων
1061 1822 1186 1902 dmm

96 1928 184 2019 εἶχεν
217 1930 485 2020 Ὀλυμπιόδωρος
524 1934 613 2020 παρά
651 1944 713 2001 τοῦ
753 1932 1016 2019 βασανισθέντος
1051 1931 1119 2001 άν-.

95 2041 245 2126 θρώπου.

504 2144 695 2198 ΜΑΡΤΤΡΙΑ.

54 2267 82 2308 ³⁵
157 2245 225 2314 Ὃν
248 2244 310 2333 μέν
331 2253 456 2336 τρόπον
479 2245 505 2316 δι
529 2251 650 2336 ἀνδρες
675 2248 827 2318 δικασταί
854 2248 888 2330 ἐξ
915 2248 1018 2336 ἀρχῆς
1044 2252 1110 2318 διε-

94 2353 282 2440 νειμάμεθα
304 2356 365 2440 τὴν
386 2358 548 2441 Κόμωνος
570 2356 689 2422 οὐσίαν
712 2357 774 2442 την
795 2355 945 2442 φανεράν
968 2355 1032 2440 ἐγὼ
1055 2355 1110 2423 καὶ

92 2460 378 2549 Ὀλυμπιόδωρος,
404 2460 461 2528 καὶ
488 2465 576 2551 λόγῳ
604 2461 765 2547 ἀκηκόατε
787 2460 843 2528 καί
866 2463 1110 2549 μεμαρτύρηται

95 2567 189 2652 ὑμῖν,
211 2564 267 2632 καὶ
290 2567 335 2645 ὡς
357 2562 454 2645 οὗτος
480 2569 518 2634 τὸ
546 2566 708 2654 ἀργύριον
735 2570 833 2652 ἔλαβε
859 2568 948 2653 παρὰ
969 2577 1031 2635 τοῦ
1052 2567 1110 2635 ἀν-

95 2674 236 2759 θρώπου
257 2683 318 2740 τοῦ
341 2671 483 2757 οίκέτον,
505 2671 560 2740 καὶ
578 2672 630 2740 ότι
648 2674 684 2739 οί
699 2672 966 2757 ἐπιδικασάμενοι
990 2677 1109 2760 ἔλαβον

96 2779 157 2844 ὅσα
178 2778 273 2864 ἡμεῖς
294 2786 444 2866 είχομεν,
473 2778 534 2858 ἕως
561 2780 664 2847 πάλιν
694 2775 791 2859 οὗτος
819 2780 971 2866 ἐνίκησεν
997 2779 1034 2848 έν
1063 2791 1108 2871 τῷ

54 2902 81 2942 ³6
96 2887 306 2975 δικαστηρίω.
338 2882 411 2952 άδὲ
425 2884 531 2971 λέγων
550 2886 611 2953 οὐκ
630 2888 818 2953 ἀποδίδωσί
833 2912 889 2973 μοι
908 2884 981 2954 οὐδ’
1001 2886 1110 2954 έθέλει

95 3002 162 3058 τῶν
191 2993 330 3058 δικαίων
357 2989 430 3058 οὐδ’
459 2993 573 3060 ὁτιοῦν
603 3004 728 3078 ποιεῖν,
760 2994 890 3071 τούτοις
916 2994 980 3078 ἤδη
1007 3009 1109 3079 προσ·
1204 2989 1210 3000 ’

96 3095 183 3182 έχετε
206 3100 266 3164 τὸν
287 3107 373 3164 νοῦν
396 3093 422 3163 ὦ
446 3099 566 3185 ἀνδρες
587 3099 750 3183 δικασταί,
772 3099 828 3165 ἵνα
847 3100 890 3184 μη
910 3097 1015 3165 αὐτίκ’
1037 3096 1109 3178 έξα-

95 3206 287 3289 πατήσωσιν
309 3205 395 3289 ὑμᾶς
419 3204 455 3271 οί
469 3204 617 3291 ῥήτορες,
638 3204 698 3282 οὓς
716 3202 831 3271 οὑτοσί
847 3204 1108 3290 παρεσκεύασται

96 3306 148 3375 ἐπ’
175 3307 241 3395 ἐμέ.
278 3307 366 3394 λέγει
393 3307 455 3396 μέν
482 3305 579 3388 οὗτος
607 3309 764 3378 οὐδέποτε
790 3310 910 3395 ταύτά,
936 3307 1008 3376 ἀλλ’
1035 3309 1054 3375 ὅ
1076 3334 1109 3375 τι

95 3415 138 3482 άν
161 3417 243 3503 τύχη
267 3414 330 3499 ἀεί,
351 3412 408 3480 καὶ
427 3415 565 3500 περιιὼν
583 3414 766 3500 προφάσεις
784 3413 927 3491 άτόπους
945 3413 1038 3488 τινάς
1054 3412 1109 3477 καὶ

94 3522 255 3600 ὑπονοίας
286 3517 342 3586 καὶ
374 3522 479 3598 αίτίας
514 3521 650 3600 ψευδεῖς
685 3517 848 3605 ἐπιφέρει,
879 3515 935 3582 καί
965 3514 1041 3599 περὶ
1071 3517 1108 3580 τὸ
