2650 3918
185 209 250 275 326
484 207 554 261 m.
582 202 887 277 [ΔΗΜοτωταοοτ]

184 365 236 455 ἀρ’
263 369 323 456 ούχ
345 368 521 453 ὑπηρετεῖν
543 375 612 442 τοῖς
633 360 815 451 χρωμένοις
836 363 884 440 εἰς
905 360 1031 438 ἀπάσας
1051 358 1198 444 ήδονάςς

184 472 253 543 εἶτα
270 476 331 559 τήν
349 473 504 556 τοιαύτην
521 469 577 537 καὶ
594 480 782 555 περιφανῶς
800 465 1011 553 ἐγνωσμένην
1026 466 1091 532 ὑπὸ
1109 465 1199 531 πάν·

184 605 250 647 των
268 589 328 664 γής
344 578 501 663 περίοδον
519 574 737 661 εἰργασμένην
759 580 940 660 ψηφιεῖσθε
963 572 1066 657 ἀστήν
1089 567 1196 650 εἷναις

134 703 172 744 1⁰0
184 683 240 752 καλ
266 689 301 752 τί
325 686 428 750 καλὸν
454 685 573 770 φήσετε
601 683 683 768 πρὸς
704 681 782 757 τοὺς
804 679 991 765 ἐρωτῶντας
1014 680 1197 762 διαπεπρᾶ-

185 798 283 878 χθαι,
312 789 434 878 ήποία
462 789 601 876 αἰσχύνη
630 784 685 852 καὶ
714 784 848 873 ἀσεβείᾳ
874 785 935 851 οὐκ
965 787 1075 872 ἔνοχοι
1098 782 1197 849 αὐτοὶ
1304 793 1305 814 ³

185 892 285 976 εἶναι;
311 893 391 982 πρὶν
418 890 479 979 μέν
506 893 569 978 γὰρ
599 900 766 978 γραφῆναι
788 891 911 975 ταύτην
933 887 988 957 καὶ
1010 891 1058 967 εἰς
1080 887 1197 973 ἀγῶνα
1305 900 1306 988 ή

185 1011 384 1086 καταστῆναι
401 998 456 1065 καὶ
473 996 643 1065 πυθέσθαι
664 996 788 1073 πάντας
808 997 880 1080 ήτις
901 987 944 1080 ήν
966 992 1021 1062 καὶ
1042 985 1098 1060 οἷοι
1119 992 1195 1079 ήσέ-
1305 991 1306 998 '

185 1110 284 1192 βηκε,
306 1106 346 1171 τά
369 1100 431 1189 μέν
452 1101 634 1187 ἀδικήματα
656 1102 774 1188 ταύτης
794 1097 853 1187 ήν,
879 1100 901 1184 ή
925 1095 956 1165 δ’
982 1097 1115 1184 ἀμέλεια
1138 1109 1196 1184 τῆς

186 1215 323 1288 πόλεως·
346 1207 401 1276 καὶ
423 1209 460 1276 οῖ
479 1205 539 1294 μέν
562 1208 624 1274 οὐκ
646 1206 771 1294 ᾔδεσαν
793 1206 908 1291 ὑμῶν,
931 1205 966 1272 οῖ
986 1201 1024 1271 δέ
1045 1208 1196 1290 πυθόμε-
1306 1250 1307 1300 ,

186 1341 240 1383 νοι
262 1324 308 1405 τῷ
332 1312 393 1401 μὲν
415 1318 504 1404 λόγφ
525 1314 750 1399 ἠγανάκτουν,
775 1320 821 1398 τῷ
851 1306 883 1376 δ’
910 1313 995 1401 ἔργφ
1019 1310 1080 1376 οὐκ
1102 1307 1195 1396 εἶχον

187 1421 206 1487 ό
229 1434 261 1488 τι
282 1422 460 1506 χρήσαιντο
483 1419 582 1505 αὐτή,
608 1417 747 1495 οὐδενὸς
772 1419 820 1494 εἰς
841 1414 954 1501 ἀγῶνα
975 1417 1195 1493 καθιστάντος

188 1522 267 1592 οὐδέ
290 1525 443 1601 διδόντος
463 1520 538 1607 περὶ
565 1521 666 1606 αὐτῆς
691 1522 753 1606 τήν
774 1530 897 1606 ψήφου.
943 1519 1056 1604 ἐπειδή
1080 1516 1195 1588 δὲκαὶ

190 1637 257 1696 ἴστε
278 1629 398 1705 πάντες
418 1625 473 1693 καὶ
496 1630 582 1712 έχετε
605 1624 657 1713 ἐφ’
678 1625 759 1710 ὑμῖν
781 1625 892 1703 αὐτοῖς
913 1624 968 1692 καὶ
990 1628 1103 1711 κύριοί
1123 1625 1195 1693 έστε

188 1734 344 1816 κολάσαι,
369 1730 528 1818 ὑμέτερον
556 1733 621 1816 ήδη
650 1733 688 1799 τὸ
716 1730 864 1816 ἀσέβημα
886 1735 1032 1816 γίγνεται
1053 1733 1090 1798 τὸ
1113 1735 1196 1819 πρὸς

138 1860 177 1900 110
189 1841 266 1916 τοὺς
287 1838 405 1921 θεούς,
431 1836 490 1903 ἐὰν
512 1838 556 1922 μή
586 1837 708 1920 ταύτην
729 1837 898 1920 κολάσητε.
942 1841 979 1904 τί
997 1835 1034 1904 δὲ
1056 1836 1112 1904 καὶ
1133 1841 1196 1924 φή-

190 1964 278 2010 σειεν
296 1942 338 2009 ἀν
355 1943 451 2028 ὑμῶν
468 1941 602 2018 ἕκαστος
615 1943 729 2008 εἰσιὼν
745 1942 827 2029 πρὸς
838 1943 906 2027 τήν
925 1940 1045 2010 ἑαυτοῦ
1063 1941 1193 2028 γυναῖκ’

190 2049 211 2134 ή
233 2046 401 2134 θυγατέρα
422 2047 443 2132 ή
467 2046 604 2134 μητέρα,
631 2037 924 2133 ἀποψηφισάμενος
949 2048 1084 2133 ταύτης,
1110 2048 1195 2114 έπει·

192 2156 255 2223 δάν
277 2158 389 2240 ἔρηται
417 2154 503 2239 ὑμᾶς
526 2152 609 2220 ‘stov
630 2148 719 2238 ήτε;’
746 2149 802 2219 καὶ
830 2159 940 2237 εἴπητε
963 2153 1014 2219 ότι
1037 2152 1162 2233 εέδιαάζ
1180 2194 1195 2205 -

191 2261 283 2345 μεν;’
306 2258 400 2349 ‘1953’
423 2258 572 2344 ἐρήσεται
595 2259 707 2336 εὐθύς.
753 2257 912 2348 ’Νεαίρφ
936 2260 1039 2344 δῆλον
1062 2259 1112 2326 ότι
1134 2264 1270 2346 qni-188³

192 2384 263 2432 σετε
287 2363 343 2452 (ού
356 2366 419 2452 γάρ
427 2362 451 2452 3)
474 2365 542 2431 ’ὅτι
559 2362 635 2450 ξένη
654 2358 739 2430 οὖσα
756 2349 844 2453 ἀστῷ
864 2376 1013 2432 συνοικεῖ
1027 2366 1115 2452 παρὰ
1137 2369 1196 2432 τὸν

192 2475 315 2556 νόμον,
340 2469 396 2537 καὶ
422 2470 473 2536 ότι
498 2471 561 2554 τήν
587 2468 756 2555 θυγατέρα
778 2469 1039 2558 μεμοιχευμένην
1060 2470 1196 2551 ἐξέδωκε

195 2574 349 2659 Θεογένει
367 2584 412 2664 τῷ
431 2576 674 2660 βασιλεύσαντι,
695 2571 752 2640 καὶ
774 2575 855 2660 αὕτη
879 2579 979 2642 ἔθυσε
1001 2578 1042 2642 τὰ
1064 2577 1135 2661 όερά
1156 2578 1198 2642 τὰ

194 2682 318 2765 άρρητα
335 2676 417 2765 ὑπὲρ
436 2689 492 2767 τῆς
509 2683 634 2757 πόλεως
652 2677 708 2744 καὶ
725 2689 770 2769 τῷ
788 2683 946 2771 Διονύσφ
963 2684 1048 2767 γυνή
1066 2681 1200 2766 έδόθη’,

193 2783 249 2852 καὶ
276 2769 379 2851 τάλλα
406 2787 620 2871 διηγούμενοι
641 2786 703 2870 τήν
725 2790 924 2872 κατηγορίαν
947 2787 1064 2875 αὐτῆς,
1094 2788 1138 2865 ῶς
1160 2783 1198 2853 εὖ

194 2888 250 2957 καὶ
279 2901 487 2975 μνημονικῶς
517 2889 572 2957 καὶ
602 2889 760 2974 ἐπιμελῶς
785 2890 861 2976 περὶ
891 2890 1030 2959 ἑκάστου
1060 2917 1199 2979 κατηγο-

144 3015 182 3056 111
197 2997 295 3081 ρήήη,
330 2995 368 3058 αἱ
387 2989 425 3059 δέ
446 2992 627 3062 ἀκούσασαι
651 2995 823 3081 ἐρήσονται
845 2997 897 3063 ’τί
916 2992 978 3063 οὖν
1001 2997 1199 3081 ἐποιήσατε;’

195 3101 288 3184 ὑμεῖς
310 3095 348 3164 δέ
368 3101 488 3185 φήσετε
512 3099 803 3186 εἀπεψηφίσμεθα.’
848 3101 972 3168 οὐκοῦν
994 3104 1057 3188 ήδη
1081 3105 1119 3168 αδ
1138 3101 1200 3188 μὲν

197 3202 462 3291 σωφρονέσταται
501 3216 567 3270 τῶν
607 3217 776 3288 γυναικῶν
815 3205 1073 3293 ὀργισθήσονται
1108 3209 1200 3294 ὑμῖν,

197 3313 282 3378 διότι
312 3310 432 3395 ὁμοίως
461 3310 574 3388 αὐταῖς
600 3312 722 3394 ταύτην
749 3311 939 3396 κατηξιοῦτε
966 3311 1112 3403 μετέχειν
1133 3328 1199 3383 τῶν

197 3425 253 3500 τής
273 3419 398 3493 πόλεως
419 3413 473 3481 καὶ
495 3427 561 3482 τῶν
586 3416 697 3501 ἱερῶν·
720 3415 795 3482 ὅσαι
818 3415 848 3483 δ’
875 3418 1028 3504 ἀνόνητοι,
1049 3432 1200 3507 φανερῶς

199 3518 399 3587 ἐπιδείκνυτε
417 3533 525 3587 ποιεῖν
542 3521 562 3586 ό
579 3543 611 3585 τι
629 3519 671 3586 ἀν
689 3523 886 3609 βούλωνται,
908 3525 952 3602 ῶς
969 3526 1084 3591 ἄδειαν
1106 3526 1200 3611 ὑμῶν
