2658 3914
300 194 410 246 τετε
427 194 555 246 Ενωεν.
573 193 636 246 m
654 195 803 264 ααΗετΒ.
822 196 933 250 tm.
1066 195 1127 258 111

117 363 185 437 μού
207 353 439 438 ἠντεδίκησεν,
468 349 547 419 οὐδὲ
574 352 784 439 ἀπεγράψατο
812 355 1023 421 διαδικασίαν
1049 357 1131 441 πρὸς

117 457 253 544 οὐδένα,
277 466 312 526 εί
329 459 404 524 τινά
426 476 529 544 φησιν
557 458 670 546 ἕτερον
697 464 785 546 ἔχειν
811 462 852 527 τά
879 461 978 545 σκεύη
1007 459 1063 526 καὶ
1085 461 1129 544 μή

118 567 297 648 προσήκειν
329 565 417 653 αύτῷ
450 565 650 650 ἀποδοῦναι,
688 565 758 632 ἀλλ’
794 573 883 633 είασε
914 563 991 633 καθ’
1027 565 1132 632 αὑτοῦ

78 688 105 728 ²⁹
118 679 233 755 ψήφου
263 670 460 756 ἐπαχθῆναι·
495 668 676 756 ἐπειδὴδὲ
705 671 856 757 ἀπήλδεν
884 673 921 738 ἐκ
948 682 1009 739 τοῦ
1039 674 1131 738 δικα-

120 780 268 862 συηρίου,
298 773 398 842 οὐδὲν
428 781 555 860 μᾶλλον
585 776 763 862 ἀπεδίδου,
793 776 863 843 ἀλλ’
891 776 973 865 ᾤετο
1003 775 1040 843 ἐν
1070 774 1131 861 μὲν

117 892 164 971 τῷ
194 885 334 970 παρόντι
356 882 455 960 αὐτὸς
482 883 632 949 ἐκποδὼν
659 885 836 967 γενόμενος
864 884 1004 968 ἡσυχίαν
1034 882 1131 969 ἕξειν,

118 989 181 1067 ἕως
200 989 245 1066 δν
268 989 332 1072 ἐγώ
355 1012 390 1055 τε
414 987 583 1054 ἐκπλεύσω
601 987 657 1054 καί
675 989 713 1054 αί
727 999 805 1074 νήες
821 988 877 1054 καὶ
899 992 1018 1076 χρόνος
1041 987 1131 1074 ἀγγέ-

118 1120 228 1179 νηται,
250 1092 305 1160 καὶ
329 1091 396 1178 ἐμὲ,
418 1090 555 1172 δούτος
574 1096 693 1180 ὤφειλε
717 1097 817 1178 σκεύη
840 1103 879 1180 τῇ
901 1098 1008 1178 πόλει,
1030 1094 1130 1178 ἀναγ-

119 1203 350 1286 κασδήσεσδαι
375 1199 561 1266 ἀποδοῦναι
582 1201 706 1284 ήκοντα
729 1201 851 1266 ἐνθάδε
870 1200 891 1285 ή
909 1210 954 1288 τῷ
974 1202 1131 1288 διαδόχῳ,

120 1307 158 1384 ὃς
179 1305 221 1373 ἀν
248 1310 331 1392 ἔλθη
360 1305 397 1372 ἐκ
424 1316 481 1391 τής
509 1310 692 1391 συμμορίας
719 1305 772 1371 ἐπὶ
799 1306 861 1389 τήν
882 1315 978 1371 ναῦν.
1014 1309 1049 1371 τί
1067 1307 1131 1389 γὰρ

119 1412 163 1479 ἀν
184 1409 241 1478 καὶ
263 1411 441 1496 ἀντέλεγον
468 1411 557 1500 αύτῷ
585 1415 780 1497 ψηφίσματα
805 1409 862 1477 καὶ
887 1414 1012 1496 νόμους
1032 1433 1132 1498 παρε-

79 1535 106 1576 so
119 1516 261 1607 χομόνφ,
287 1517 332 1594 ὡς
358 1524 525 1603 προσῆκεν
553 1513 609 1602 ε’μδ
635 1515 808 1604 εἰσπρᾶξαι
833 1518 874 1582 τὰ
901 1518 1016 1602 σκεύηι
1045 1516 1063 1584 ό
1093 1514 1132 1584 δὲ
1142 1538 1209 1588 1148

122 1626 296 1709 Θεόφημος
321 1626 446 1709 χρόνου
474 1621 749 1708 ἐγγεγενημένου,
782 1625 879 1690 ὁπότε
911 1623 1013 1690 αὐτὸν
1040 1624 1131 1708 ήκειν

121 1730 312 1814 ἀπαιτοίην,
338 1731 454 1812 ἔμελλε
481 1731 601 1814 φήσειν
628 1726 891 1813 ἀποδεδωκέναι,
921 1727 976 1795 καὶ
1002 1730 1131 1808 τούτοις

119 1838 306 1922 τεκμηρίοις
336 1837 602 1922 καταχρήσεσθαι
634 1835 679 1912 ὡς
710 1832 916 1918 ἀποδέδωκε,
947 1843 992 1923 τῷ
1016 1843 1132 1923 καιρῷ,

119 1950 160 2029 τῇ
183 1944 288 2029 χρείη,
312 1941 356 2017 ὡς
379 1939 440 2006 οὐκ
462 1940 595 2024 ήλίθιος
616 1936 659 2025 ήν
682 1937 754 2007 οὐδ’
783 1935 825 2006 αὖ
848 1944 944 2026 φίλος
967 1941 1055 2030 αὐτῷ
1077 1965 1132 2025 γε·

0 2073 3 2081 ’
120 2051 261 2133 νόμενος
284 2045 511 2131 οὐδεπώποτε,
538 2043 615 2128 ὥστ’
639 2045 801 2131 ,ἐπισχεῖν
825 2047 908 2112 ὥστε
935 2049 970 2111 τί
989 2049 1032 2112 ἄν
1053 2068 1132 2114 ποτε

121 2155 326 2238 βουλόμενος
348 2151 424 2235 ἐγύ,
446 2162 654 2238 τριηραρχῶν
672 2147 733 2236 μὲν
751 2160 790 2237 τῇ
812 2154 919 2236 πόλει,
941 2151 1133 2237 ἐπιμελητής

123 2255 161 2324 δὲ
186 2258 237 2323 δν
266 2265 323 2340 τής
352 2261 551 2342 συμμορίας,
577 2256 798 2341 ψηφισμάτων
828 2253 864 2322 δὲ
894 2259 1056 2324 τοιούτων
1077 2256 1133 2323 καὶ

121 2367 230 2448 νόμου
259 2364 371 2446 ὄντος,
398 2359 474 2447 περὶ
503 2363 564 2446 τήν
593 2360 764 2447 εἴσπραξιν
787 2360 925 2448 ἐπίαχον
948 2361 990 2428 ἀν
1011 2365 1132 2453 τούτφς

81 2487 109 2528 ⁸1
121 2471 245 2555 ταύτην
268 2469 329 2552 τήν
353 2467 506 2533 διύνοιαν
529 2470 613 2553 ἔχων
637 2467 655 2534 ὁ
680 2470 870 2552 Θεόφημος,
891 2470 965 2534 τότε
988 2465 1049 2553 μὲν
1072 2471 1134 2537 οὐκ

122 2576 282 2642 ἀπεδίδου
313 2574 354 2639 τδ
387 2574 503 2657 σκεύη,
540 2570 612 2638 ἀλλ’
649 2571 799 2639 ἐκποδὼν
830 2569 889 2658 ήν,
924 2573 1064 2661 ύστερου
1096 2575 1133 2644 δὲ

122 2681 204 2771 ρ’όετό
223 2704 263 2766 με
282 2679 530 2765 ἀποστερήσειν,
552 2681 635 2765 πρὸς
653 2675 691 2744 δὲ
707 2680 837 2757 τούτοις
855 2682 901 2757 είς
919 2679 1019 2768 ὅρκον
1037 2707 1133 2751 κατα-

122 2789 240 2874 φυγὼν
259 2787 383 2875 ῥηιδίως
401 2785 620 2870 ἐπιορκήσειν,
643 2785 723 2872 ὅπερ
746 2785 802 2852 καὶ
819 2774 932 2864 ἀλλοις
947 2792 1133 2873 πεποίηκεν.

124 2894 217 2978 δεινή
240 2894 304 2979 γδρ
326 2892 347 2976 ή
366 2891 543 2970 πλεονεξία
569 2901 630 2958 τοῦ
655 2895 781 2978 τρόπου
809 2890 885 2979 περὶ
911 2894 951 2960 τὰ
978 2895 1135 2981 διάφορα,

125 2999 169 3076 ὡς
185 2997 251 3082 ἐγὼ
270 3001 356 3087 ἔργφ
374 2998 455 3083 ὑμῖν
474 2996 634 3076 ἐπιδείξω.
666 3007 769 3064 ταῦτα
787 2999 850 3082 γάρ
869 3000 908 3064 τδ
926 3001 1025 3084 σκεύη
1038 3000 1134 3086 ’ὀφεί-

124 3110 193 3170 λων
216 3104 234 3171 ὁ
259 3107 434 3188 Θεόφημος
454 3113 493 3190 τῇ
516 3107 623 3188 πόλει,
644 3105 692 3182 είς
710 3100 854 3190 Ἀφαρέα
873 3102 1012 3191 ἀνέφερε
1033 3109 1135 3196 λόγῳ,

125 3213 211 3300 ἕργφ
235 3205 272 3276 δὲ
295 3209 358 3276 ούκ
381 3207 592 3296 ἀπεγράψατο
618 3211 701 3296 πρὸς
724 3209 826 3276 αὐτὸν
850 3211 1075 3294 διαδικασίαν,
1095 3207 1134 3278 εὖ

125 3317 223 3394 είδδις
249 3315 300 3381 ότι
328 3314 562 3401 ἐλεγχθήσεται
588 3317 810 3400 ψευδόμενος,
842 3315 900 3382 ε’ἀν
927 3315 1061 3402 είσέλδη
1089 3319 1135 3394 είς

86 3441 112 3480 σε
126 3423 347 3507 δικαστήριον.
388 3421 408 3487 ὁ
434 3421 498 3506 γὰρ
521 3418 682 3507 Ἀφαρεὺς
708 3419 880 3506 ἐξήλεγχεν
907 3421 1008 3488 αὐτὸν
1037 3423 1136 3505 τιμὴν

127 3527 346 3611 λογισάμενον
361 3525 448 3615 αύτῷ
462 3535 530 3592 τόν
544 3537 673 3592 σκευῶν
691 3523 747 3592 καὶ
762 3529 909 3611 λαβόντα
926 3523 1002 3611 παρ’
1021 3525 1136 3608 αὑτοῦ,
