<?xml version="1.0" encoding="UTF-8"?>
<!DOCTYPE html PUBLIC "-//W3C//DTD XHTML 1.0 Transitional//EN"
    "http://www.w3.org/TR/xhtml1/DTD/xhtml1-transitional.dtd">
<html xmlns="http://www.w3.org/1999/xhtml" xml:lang="en" lang="en">
 <head>
  <title>
</title>
<meta http-equiv="Content-Type" content="text/html;charset=utf-8" />
  <meta name='ocr-system' content='tesseract 3.04.00' />
  <meta name='ocr-capabilities' content='ocr_page ocr_carea ocr_par ocr_line ocrx_word'/>
</head>
<body>
  <div class='ocr_page' id='page_1' title='image "./orationes01demogoog_0354.png"; bbox 0 0 2658 3922; ppageno 0'>
   <div class='ocr_carea' id='block_1_1' title="bbox 476 246 1161 314">
    <p class='ocr_par' dir='ltr' id='par_1_1' title="bbox 476 246 1161 314">
     <span class='ocr_line' id='line_1_1' title="bbox 476 246 1161 314; baseline 0.003 -12"><span class='ocrx_word' id='word_1_1' title='bbox 476 250 576 302; x_wconf 83' lang='grc' dir='ltr'><strong>ΠΡΟΣ</strong></span> <span class='ocrx_word' id='word_1_2' title='bbox 594 250 845 305; x_wconf 81' lang='grc' dir='ltr'><strong><em>ΕΤΒΟΤΔΙΔΗΝ.</em></strong></span> <span class='ocrx_word' id='word_1_3' title='bbox 1098 246 1161 314; x_wconf 80' lang='grc'><strong><em>261</em></strong></span> 
     </span>
    </p>
   </div>
   <div class='ocr_carea' id='block_1_2' title="bbox 57 408 1238 3665">
    <p class='ocr_par' dir='ltr' id='par_1_2' title="bbox 57 408 1238 3665">
     <span class='ocr_line' id='line_1_2' title="bbox 104 408 1165 496; baseline 0.004 -24"><span class='ocrx_word' id='word_1_4' title='bbox 104 425 135 465; x_wconf 76' lang='lat'><strong><em>⁴³</em></strong></span> <span class='ocrx_word' id='word_1_5' title='bbox 150 417 304 474; x_wconf 87' lang='grc' dir='ltr'><strong><em>ποιοῦσα.</em></strong></span> <span class='ocrx_word' id='word_1_6' title='bbox 345 411 500 493; x_wconf 88' lang='grc' dir='ltr'><strong><em>φαίνεται</em></strong></span> <span class='ocrx_word' id='word_1_7' title='bbox 526 411 643 476; x_wconf 86' lang='grc' dir='ltr'><strong><em>τοίνυν</em></strong></span> <span class='ocrx_word' id='word_1_8' title='bbox 670 409 731 496; x_wconf 80' lang='grc' dir='ltr'><strong><em>οὐχ</em></strong></span> <span class='ocrx_word' id='word_1_9' title='bbox 758 410 777 476; x_wconf 87' lang='grc' dir='ltr'><strong><em>δ</em></strong></span> <span class='ocrx_word' id='word_1_10' title='bbox 800 408 878 494; x_wconf 83' lang='grc' dir='ltr'><strong><em>ἐμὸς</em></strong></span> <span class='ocrx_word' id='word_1_11' title='bbox 903 410 1009 496; x_wconf 89' lang='grc' dir='ltr'><strong><em>πατήρ</em></strong></span> <span class='ocrx_word' id='word_1_12' title='bbox 1036 420 1165 496; x_wconf 79' lang='grc' dir='ltr'><strong><em>πρῶτος</em></strong></span> 
     </span>
     <span class='ocr_line' id='line_1_3' title="bbox 151 509 1162 603; baseline 0 -23"><span class='ocrx_word' id='word_1_13' title='bbox 151 511 323 600; x_wconf 73' lang='grc' dir='ltr'><strong><em>ὦδνδρες</em></strong></span> <span class='ocrx_word' id='word_1_14' title='bbox 341 509 514 599; x_wconf 85' lang='grc' dir='ltr'><strong><em>Ἀθηναῖοι</em></strong></span> <span class='ocrx_word' id='word_1_15' title='bbox 541 518 655 600; x_wconf 83' lang='grc' dir='ltr'><strong><em>λαβὼν</em></strong></span> <span class='ocrx_word' id='word_1_16' title='bbox 681 517 744 600; x_wconf 87' lang='grc' dir='ltr'><strong><em>τήν</em></strong></span> <span class='ocrx_word' id='word_1_17' title='bbox 771 515 853 600; x_wconf 79' lang='grc' dir='ltr'><strong><em>ἐμήν</em></strong></span> <span class='ocrx_word' id='word_1_18' title='bbox 880 515 1020 603; x_wconf 82' lang='grc' dir='ltr'><strong><em>μητέρα,</em></strong></span> <span class='ocrx_word' id='word_1_19' title='bbox 1042 511 1117 582; x_wconf 78' lang='grc' dir='ltr'><strong><em>ἀλλ’</em></strong></span> <span class='ocrx_word' id='word_1_20' title='bbox 1143 515 1162 580; x_wconf 87' lang='grc' dir='ltr'><strong><em>δ</em></strong></span> 
     </span>
     <span class='ocr_line' id='line_1_4' title="bbox 149 616 1159 707; baseline 0.001 -21"><span class='ocrx_word' id='word_1_21' title='bbox 149 622 392 706; x_wconf 83' lang='grc' dir='ltr'><strong><em>Πρωτόμαχος,</em></strong></span> <span class='ocrx_word' id='word_1_22' title='bbox 427 619 484 687; x_wconf 75' lang='grc' dir='ltr'><strong><em>καὶ</em></strong></span> <span class='ocrx_word' id='word_1_23' title='bbox 514 622 634 698; x_wconf 86' lang='grc' dir='ltr'><strong><em>παῖδας</em></strong></span> <span class='ocrx_word' id='word_1_24' title='bbox 664 622 885 707; x_wconf 74' lang='grc' dir='ltr'><em>ποιησάμενος</em></span> <span class='ocrx_word' id='word_1_25' title='bbox 915 621 971 688; x_wconf 81' lang='grc' dir='ltr'><strong><em>καὶ</em></strong></span> <span class='ocrx_word' id='word_1_26' title='bbox 1001 616 1159 707; x_wconf 84' lang='grc' dir='ltr'><strong><em>θυγατέρ’</em></strong></span> 
     </span>
     <span class='ocr_line' id='line_1_5' title="bbox 151 724 1164 815; baseline 0 -23"><span class='ocrx_word' id='word_1_27' title='bbox 151 724 282 804; x_wconf 89' lang='grc' dir='ltr'><strong><em>έκδούς·</em></strong></span> <span class='ocrx_word' id='word_1_28' title='bbox 312 725 349 803; x_wconf 86' lang='grc' dir='ltr'><strong><em>δς</em></strong></span> <span class='ocrx_word' id='word_1_29' title='bbox 373 724 430 792; x_wconf 79' lang='grc' dir='ltr'><strong><em>καί</em></strong></span> <span class='ocrx_word' id='word_1_30' title='bbox 455 729 691 812; x_wconf 85' lang='grc' dir='ltr'><strong><em>τετελευτηκὼς</em></strong></span> <span class='ocrx_word' id='word_1_31' title='bbox 717 728 805 812; x_wconf 84' lang='grc' dir='ltr'><strong><em>ὅμως</em></strong></span> <span class='ocrx_word' id='word_1_32' title='bbox 831 739 992 815; x_wconf 87' lang='grc' dir='ltr'><strong><em>μαρτυρεῖ</em></strong></span> <span class='ocrx_word' id='word_1_33' title='bbox 1015 738 1085 804; x_wconf 88' lang='grc' dir='ltr'><strong><em>τοῖς</em></strong></span> <span class='ocrx_word' id='word_1_34' title='bbox 1111 729 1164 809; x_wconf 82' lang='grc' dir='ltr'><strong><em>ἔρ-</em></strong></span> 
     </span>
     <span class='ocr_line' id='line_1_6' title="bbox 150 827 1158 916; baseline -0.001 -17"><span class='ocrx_word' id='word_1_35' title='bbox 150 855 223 915; x_wconf 87' lang='grc' dir='ltr'><strong><em>γοις</em></strong></span> <span class='ocrx_word' id='word_1_36' title='bbox 246 831 349 916; x_wconf 85' lang='grc' dir='ltr'><strong><em>ἀστήν</em></strong></span> <span class='ocrx_word' id='word_1_37' title='bbox 370 830 399 898; x_wconf 89' lang='grc' dir='ltr'><strong><em>τ’</em></strong></span> <span class='ocrx_word' id='word_1_38' title='bbox 426 831 531 916; x_wconf 80' lang='grc' dir='ltr'><strong><em>αὐτήν</em></strong></span> <span class='ocrx_word' id='word_1_39' title='bbox 552 831 608 898; x_wconf 80' lang='grc' dir='ltr'><strong><em>καὶ</em></strong></span> <span class='ocrx_word' id='word_1_40' title='bbox 630 839 762 900; x_wconf 76' lang='grc' dir='ltr'><strong><em>πολῖτιν</em></strong></span> <span class='ocrx_word' id='word_1_41' title='bbox 784 827 880 900; x_wconf 72' lang='grc' dir='ltr'><strong><em>εἶναι.</em></strong></span> <span class='ocrx_word' id='word_1_42' title='bbox 917 833 961 910; x_wconf 79' lang='grc' dir='ltr'><strong><em>ὡς</em></strong></span> <span class='ocrx_word' id='word_1_43' title='bbox 984 828 1046 900; x_wconf 86' lang='grc' dir='ltr'><strong><em>οὖν</em></strong></span> <span class='ocrx_word' id='word_1_44' title='bbox 1068 829 1158 898; x_wconf 84' lang='grc' dir='ltr'><strong><em>ταῦτ’</em></strong></span> 
     </span>
     <span class='ocr_line' id='line_1_7' title="bbox 57 933 1162 1023; baseline 0.001 -22"><span class='ocrx_word' id='word_1_45' title='bbox 57 943 65 959; x_wconf 82' lang='grc'>’</span> <span class='ocrx_word' id='word_1_46' title='bbox 151 936 260 1021; x_wconf 84' lang='grc' dir='ltr'><strong><em>ιἰληθή</em></strong></span> <span class='ocrx_word' id='word_1_47' title='bbox 288 934 392 1021; x_wconf 85' lang='grc' dir='ltr'><strong><em>λέγω,</em></strong></span> <span class='ocrx_word' id='word_1_48' title='bbox 419 936 512 1002; x_wconf 80' lang='grc' dir='ltr'><strong><em>πόλει</em></strong></span> <span class='ocrx_word' id='word_1_49' title='bbox 541 959 598 1022; x_wconf 92' lang='grc' dir='ltr'><strong><em>μοι</em></strong></span> <span class='ocrx_word' id='word_1_50' title='bbox 626 948 759 1023; x_wconf 83' lang='grc' dir='ltr'><strong><em>πρῶτον</em></strong></span> <span class='ocrx_word' id='word_1_51' title='bbox 787 933 848 1023; x_wconf 73' lang='grc' dir='ltr'><strong><em>μέν</em></strong></span> <span class='ocrx_word' id='word_1_52' title='bbox 877 940 955 1015; x_wconf 87' lang='grc' dir='ltr'><strong><em>τοὺς</em></strong></span> <span class='ocrx_word' id='word_1_53' title='bbox 980 948 1041 1005; x_wconf 87' lang='grc' dir='ltr'><strong><em>τοῦ</em></strong></span> <span class='ocrx_word' id='word_1_54' title='bbox 1063 942 1162 1023; x_wconf 89' lang='grc' dir='ltr'><strong><em>Πρω-</em></strong></span> 
     </span>
     <span class='ocr_line' id='line_1_8' title="bbox 150 1041 1161 1134; baseline 0 -25"><span class='ocrx_word' id='word_1_55' title='bbox 150 1042 295 1128; x_wconf 73' lang='grc' dir='ltr'><strong><em>τομάχου</em></strong></span> <span class='ocrx_word' id='word_1_56' title='bbox 324 1044 426 1127; x_wconf 85' lang='grc' dir='ltr'><strong><em>υίεῖς,</em></strong></span> <span class='ocrx_word' id='word_1_57' title='bbox 455 1044 567 1108; x_wconf 84' lang='grc' dir='ltr'><strong><em>ἔπειτα</em></strong></span> <span class='ocrx_word' id='word_1_58' title='bbox 596 1045 673 1122; x_wconf 81' lang='grc' dir='ltr'><strong><em>τοὺς</em></strong></span> <span class='ocrx_word' id='word_1_59' title='bbox 702 1041 901 1134; x_wconf 75' lang='grc' dir='ltr'><strong><em>ἐγγυωμένῳ</em></strong></span> <span class='ocrx_word' id='word_1_60' title='bbox 928 1047 1096 1130; x_wconf 80' lang='grc' dir='ltr'><strong><em>παρόντας</em></strong></span> <span class='ocrx_word' id='word_1_61' title='bbox 1115 1051 1161 1132; x_wconf 73' lang='grc' dir='ltr'><strong><em>τῷ</em></strong></span> 
     </span>
     <span class='ocr_line' id='line_1_9' title="bbox 149 1140 1163 1237; baseline 0.001 -24"><span class='ocrx_word' id='word_1_62' title='bbox 149 1147 249 1236; x_wconf 82' lang='grc' dir='ltr'><strong><em>πατρί</em></strong></span> <span class='ocrx_word' id='word_1_63' title='bbox 271 1147 326 1214; x_wconf 80' lang='grc' dir='ltr'><strong><em>καὶ</em></strong></span> <span class='ocrx_word' id='word_1_64' title='bbox 348 1160 416 1214; x_wconf 79' lang='grc' dir='ltr'><strong><em>τῶν</em></strong></span> <span class='ocrx_word' id='word_1_65' title='bbox 438 1145 613 1237; x_wconf 80' lang='grc' dir='ltr'><strong><em>φρατέρων</em></strong></span> <span class='ocrx_word' id='word_1_66' title='bbox 630 1153 709 1227; x_wconf 85' lang='grc' dir='ltr'><strong><em>τοὺς</em></strong></span> <span class='ocrx_word' id='word_1_67' title='bbox 727 1152 882 1234; x_wconf 76' lang='grc' dir='ltr'><strong><em>οἰκείους,</em></strong></span> <span class='ocrx_word' id='word_1_68' title='bbox 904 1140 955 1226; x_wconf 77' lang='grc' dir='ltr'><strong><em>οἷς</em></strong></span> <span class='ocrx_word' id='word_1_69' title='bbox 976 1150 1037 1233; x_wconf 86' lang='grc' dir='ltr'><strong><em>τήν</em></strong></span> <span class='ocrx_word' id='word_1_70' title='bbox 1059 1174 1163 1235; x_wconf 87' lang='grc' dir='ltr'><strong><em>γαμη-</em></strong></span> 
     </span>
     <span class='ocr_line' id='line_1_10' title="bbox 149 1250 1162 1342; baseline -0.001 -21"><span class='ocrx_word' id='word_1_71' title='bbox 149 1258 226 1322; x_wconf 93' lang='grc' dir='ltr'><strong><em>λίαν</em></strong></span> <span class='ocrx_word' id='word_1_72' title='bbox 249 1256 440 1338; x_wconf 78' lang='grc' dir='ltr'><strong><em>εἰσήνεγκεν</em></strong></span> <span class='ocrx_word' id='word_1_73' title='bbox 462 1251 547 1341; x_wconf 73' lang='grc' dir='ltr'><strong><em>ὑπὲρ</em></strong></span> <span class='ocrx_word' id='word_1_74' title='bbox 569 1263 626 1338; x_wconf 78' lang='grc' dir='ltr'><strong><em>τῆς</em></strong></span> <span class='ocrx_word' id='word_1_75' title='bbox 649 1257 771 1342; x_wconf 88' lang='grc' dir='ltr'><strong><em>μητρὸς</em></strong></span> <span class='ocrx_word' id='word_1_76' title='bbox 794 1255 812 1322; x_wconf 89' lang='grc' dir='ltr'><strong><em>δ</em></strong></span> <span class='ocrx_word' id='word_1_77' title='bbox 833 1258 954 1342; x_wconf 88' lang='grc' dir='ltr'><strong><em>πατήρ,</em></strong></span> <span class='ocrx_word' id='word_1_78' title='bbox 975 1250 1034 1321; x_wconf 83' lang='grc' dir='ltr'><strong><em>εἶτ’</em></strong></span> <span class='ocrx_word' id='word_1_79' title='bbox 1060 1256 1162 1320; x_wconf 81' lang='grc' dir='ltr'><strong><em>Εύνι-</em></strong></span> 
     </span>
     <span class='ocr_line' id='line_1_11' title="bbox 147 1358 1162 1447; baseline -0.001 -21"><span class='ocrx_word' id='word_1_80' title='bbox 147 1383 210 1426; x_wconf 86' lang='grc' dir='ltr'><strong><em>κον</em></strong></span> <span class='ocrx_word' id='word_1_81' title='bbox 240 1358 412 1446; x_wconf 77' lang='grc' dir='ltr'><strong><em>Χολαργέα</em></strong></span> <span class='ocrx_word' id='word_1_82' title='bbox 440 1361 500 1426; x_wconf 90' lang='grc' dir='ltr'><strong><em>τὸν</em></strong></span> <span class='ocrx_word' id='word_1_83' title='bbox 533 1361 595 1444; x_wconf 86' lang='grc' dir='ltr'><strong><em>τήν</em></strong></span> <span class='ocrx_word' id='word_1_84' title='bbox 628 1359 777 1447; x_wconf 82' lang='grc' dir='ltr'><strong><em>ἀδελφήν</em></strong></span> <span class='ocrx_word' id='word_1_85' title='bbox 811 1363 956 1446; x_wconf 78' lang='grc' dir='ltr'><strong><em>λαβόντα</em></strong></span> <span class='ocrx_word' id='word_1_86' title='bbox 988 1361 1051 1446; x_wconf 89' lang='grc' dir='ltr'><strong><em>τήν</em></strong></span> <span class='ocrx_word' id='word_1_87' title='bbox 1080 1361 1162 1445; x_wconf 80' lang='grc' dir='ltr'><strong><em>ἐμήν</em></strong></span> 
     </span>
     <span class='ocr_line' id='line_1_12' title="bbox 148 1463 1163 1554; baseline 0.002 -22"><span class='ocrx_word' id='word_1_88' title='bbox 148 1468 237 1553; x_wconf 78' lang='grc' dir='ltr'><strong><em>παρὰ</em></strong></span> <span class='ocrx_word' id='word_1_89' title='bbox 265 1476 327 1534; x_wconf 85' lang='grc' dir='ltr'><strong><em>τοῦ</em></strong></span> <span class='ocrx_word' id='word_1_90' title='bbox 356 1466 605 1552; x_wconf 78' lang='grc' dir='ltr'><strong><em>Πρωτομάχου,</em></strong></span> <span class='ocrx_word' id='word_1_91' title='bbox 634 1463 705 1533; x_wconf 80' lang='grc' dir='ltr'><strong><em>εἶτα</em></strong></span> <span class='ocrx_word' id='word_1_92' title='bbox 734 1469 794 1534; x_wconf 89' lang='grc' dir='ltr'><strong><em>τὸν</em></strong></span> <span class='ocrx_word' id='word_1_93' title='bbox 822 1467 899 1534; x_wconf 89' lang='grc' dir='ltr'><strong><em>υίὸν</em></strong></span> <span class='ocrx_word' id='word_1_94' title='bbox 925 1476 983 1554; x_wconf 83' lang='grc' dir='ltr'><strong><em>τής</em></strong></span> <span class='ocrx_word' id='word_1_95' title='bbox 1009 1465 1163 1554; x_wconf 78' lang='grc' dir='ltr'><strong><em>ἀδελφῆς.</em></strong></span> 
     </span>
     <span class='ocr_line' id='line_1_13' title="bbox 149 1572 411 1650; baseline 0 -12"><span class='ocrx_word' id='word_1_96' title='bbox 149 1572 241 1640; x_wconf 80' lang='grc' dir='ltr'><strong><em>πόλει</em></strong></span> <span class='ocrx_word' id='word_1_97' title='bbox 262 1572 411 1650; x_wconf 85' lang='grc' dir='ltr'><strong><em>τούτους.</em></strong></span> 
     </span>
     <span class='ocr_line' id='line_1_14' title="bbox 553 1677 1007 1731; baseline 0.007 -2"><span class='ocrx_word' id='word_1_98' title='bbox 553 1677 754 1731; x_wconf 79' lang='grc' dir='ltr'><strong><em>ΜΑΡΤΤΡΕΣ.</em></strong></span> <span class='ocrx_word' id='word_1_99' title='bbox 1006 1715 1007 1722; x_wconf 45' lang='lat'>1</span> 
     </span>
     <span class='ocr_line' id='line_1_15' title="bbox 108 1778 1161 1872; baseline 0.005 -23"><span class='ocrx_word' id='word_1_100' title='bbox 108 1801 137 1842; x_wconf 72' lang='lat'><strong><em>4⁴</em></strong></span> <span class='ocrx_word' id='word_1_101' title='bbox 216 1788 296 1861; x_wconf 81' lang='grc' dir='ltr'><strong><em>Πῶς</em></strong></span> <span class='ocrx_word' id='word_1_102' title='bbox 322 1778 384 1850; x_wconf 82' lang='grc' dir='ltr'><strong><em>οὖν</em></strong></span> <span class='ocrx_word' id='word_1_103' title='bbox 411 1785 473 1852; x_wconf 87' lang='grc' dir='ltr'><strong><em>ούκ</em></strong></span> <span class='ocrx_word' id='word_1_104' title='bbox 499 1784 542 1851; x_wconf 82' lang='grc' dir='ltr'><strong><em>δν</em></strong></span> <span class='ocrx_word' id='word_1_105' title='bbox 573 1781 755 1871; x_wconf 77' lang='grc' dir='ltr'><strong><em>οἰκτρότατ’</em></strong></span> <span class='ocrx_word' id='word_1_106' title='bbox 788 1779 815 1851; x_wconf 78' lang='grc' dir='ltr'>ὦ</span> <span class='ocrx_word' id='word_1_107' title='bbox 842 1787 962 1872; x_wconf 75' lang='grc' dir='ltr'><strong><em>ἄνδρες</em></strong></span> <span class='ocrx_word' id='word_1_108' title='bbox 984 1784 1161 1872; x_wconf 88' lang='grc' dir='ltr'><strong><em>Ἀθηναῖοι</em></strong></span> 
     </span>
     <span class='ocr_line' id='line_1_16' title="bbox 94 1881 1162 1976; baseline 0.005 -21"><span class='ocrx_word' id='word_1_109' title='bbox 94 1889 96 1893; x_wconf 75' lang='grc'><strong>’</strong></span> <span class='ocrx_word' id='word_1_110' title='bbox 149 1889 283 1956; x_wconf 78' lang='grc' dir='ltr'><strong><em>πάντων</em></strong></span> <span class='ocrx_word' id='word_1_111' title='bbox 305 1889 369 1973; x_wconf 82' lang='grc' dir='ltr'><strong><em>ἐγὼ</em></strong></span> <span class='ocrx_word' id='word_1_112' title='bbox 391 1881 570 1968; x_wconf 81' lang='grc' dir='ltr'><strong><em>πεπονθὼς</em></strong></span> <span class='ocrx_word' id='word_1_113' title='bbox 590 1897 680 1976; x_wconf 86' lang='grc' dir='ltr'><strong><em>είην,</em></strong></span> <span class='ocrx_word' id='word_1_114' title='bbox 707 1893 739 1957; x_wconf 88' lang='grc' dir='ltr'><strong><em>εί</em></strong></span> <span class='ocrx_word' id='word_1_115' title='bbox 759 1903 827 1958; x_wconf 83' lang='grc' dir='ltr'><strong><em>τῶν</em></strong></span> <span class='ocrx_word' id='word_1_116' title='bbox 855 1903 1026 1976; x_wconf 83' lang='grc' dir='ltr'><strong><em>συγγενῶν</em></strong></span> <span class='ocrx_word' id='word_1_117' title='bbox 1053 1895 1162 1960; x_wconf 84' lang='grc' dir='ltr'><strong><em>όντων</em></strong></span> 
     </span>
     <span class='ocr_line' id='line_1_17' title="bbox 149 1994 1161 2084; baseline 0.002 -21"><span class='ocrx_word' id='word_1_118' title='bbox 149 1996 319 2063; x_wconf 83' lang='grc' dir='ltr'><strong><em>τοσούτων</em></strong></span> <span class='ocrx_word' id='word_1_119' title='bbox 336 1994 477 2062; x_wconf 80' lang='grc' dir='ltr'><strong><em>τουτωνὶ</em></strong></span> <span class='ocrx_word' id='word_1_120' title='bbox 499 1995 556 2061; x_wconf 80' lang='grc' dir='ltr'><strong><em>καὶ</em></strong></span> <span class='ocrx_word' id='word_1_121' title='bbox 578 1998 838 2083; x_wconf 82' lang='grc' dir='ltr'><strong><em>μαρτυρούντων</em></strong></span> <span class='ocrx_word' id='word_1_122' title='bbox 855 1996 910 2064; x_wconf 80' lang='grc' dir='ltr'><strong><em>καὶ</em></strong></span> <span class='ocrx_word' id='word_1_123' title='bbox 929 1997 1161 2084; x_wconf 76' lang='grc' dir='ltr'><strong><em>διομνυμένων</em></strong></span> 
     </span>
     <span class='ocr_line' id='line_1_18' title="bbox 151 2099 1162 2188; baseline 0.003 -21"><span class='ocrx_word' id='word_1_124' title='bbox 151 2099 224 2186; x_wconf 81' lang='grc' dir='ltr'><strong><em>ἐμοὶ</em></strong></span> <span class='ocrx_word' id='word_1_125' title='bbox 245 2103 435 2186; x_wconf 88' lang='grc' dir='ltr'><strong><em>προσήκειν,</em></strong></span> <span class='ocrx_word' id='word_1_126' title='bbox 458 2099 573 2186; x_wconf 83' lang='grc' dir='ltr'><strong><em>μηδεὶς</em></strong></span> <span class='ocrx_word' id='word_1_127' title='bbox 590 2100 709 2185; x_wconf 80' lang='grc' dir='ltr'><strong><em>μηδενὶ</em></strong></span> <span class='ocrx_word' id='word_1_128' title='bbox 727 2103 856 2168; x_wconf 87' lang='grc' dir='ltr'><strong><em>τούτων</em></strong></span> <span class='ocrx_word' id='word_1_129' title='bbox 878 2101 1095 2188; x_wconf 81' lang='grc' dir='ltr'><strong><em>ἀμφισβητῶν</em></strong></span> <span class='ocrx_word' id='word_1_130' title='bbox 1117 2106 1162 2183; x_wconf 83' lang='grc' dir='ltr'><strong><em>ὡς</em></strong></span> 
     </span>
     <span class='ocr_line' id='line_1_19' title="bbox 150 2202 1160 2295; baseline 0.004 -24"><span class='ocrx_word' id='word_1_131' title='bbox 150 2207 212 2271; x_wconf 86' lang='grc' dir='ltr'><strong><em>οὐκ</em></strong></span> <span class='ocrx_word' id='word_1_132' title='bbox 230 2203 295 2270; x_wconf 81' lang='grc' dir='ltr'><strong><em>είσλ</em></strong></span> <span class='ocrx_word' id='word_1_133' title='bbox 312 2210 454 2290; x_wconf 89' lang='grc' dir='ltr'><strong><em>πολῖται,</em></strong></span> <span class='ocrx_word' id='word_1_134' title='bbox 477 2202 533 2289; x_wconf 73' lang='grc' dir='ltr'><strong><em>ἐμὲ</em></strong></span> <span class='ocrx_word' id='word_1_135' title='bbox 551 2205 750 2292; x_wconf 73' lang='grc' dir='ltr'><strong><em>ψηφίσαισθ’</em></strong></span> <span class='ocrx_word' id='word_1_136' title='bbox 773 2203 859 2274; x_wconf 78' lang='grc' dir='ltr'><strong><em>εἶναι</em></strong></span> <span class='ocrx_word' id='word_1_137' title='bbox 881 2205 993 2288; x_wconf 82' lang='grc' dir='ltr'><strong><em>ξένον;</em></strong></span> <span class='ocrx_word' id='word_1_138' title='bbox 1016 2205 1096 2293; x_wconf 71' lang='grc' dir='ltr'><strong><em>λαβὲ</em></strong></span> <span class='ocrx_word' id='word_1_139' title='bbox 1118 2211 1160 2295; x_wconf 91' lang='grc' dir='ltr'><strong><em>δή</em></strong></span> 
     </span>
     <span class='ocr_line' id='line_1_20' title="bbox 150 2307 1161 2399; baseline 0.005 -22"><span class='ocrx_word' id='word_1_140' title='bbox 150 2333 207 2395; x_wconf 89' lang='grc' dir='ltr'><strong><em>μοι</em></strong></span> <span class='ocrx_word' id='word_1_141' title='bbox 238 2307 294 2375; x_wconf 83' lang='grc' dir='ltr'><strong><em>καλ</em></strong></span> <span class='ocrx_word' id='word_1_142' title='bbox 324 2311 385 2394; x_wconf 86' lang='grc' dir='ltr'><strong><em>τήν</em></strong></span> <span class='ocrx_word' id='word_1_143' title='bbox 416 2319 476 2377; x_wconf 86' lang='grc' dir='ltr'><strong><em>τοῦ</em></strong></span> <span class='ocrx_word' id='word_1_144' title='bbox 507 2312 666 2376; x_wconf 87' lang='grc' dir='ltr'><strong><em>Κλεινίου</em></strong></span> <span class='ocrx_word' id='word_1_145' title='bbox 704 2309 759 2377; x_wconf 84' lang='grc' dir='ltr'><strong><em>καὶ</em></strong></span> <span class='ocrx_word' id='word_1_146' title='bbox 794 2314 857 2397; x_wconf 83' lang='grc' dir='ltr'><strong><em>τήν</em></strong></span> <span class='ocrx_word' id='word_1_147' title='bbox 891 2324 959 2380; x_wconf 81' lang='grc' dir='ltr'><strong><em>τῶν</em></strong></span> <span class='ocrx_word' id='word_1_148' title='bbox 990 2328 1161 2399; x_wconf 82' lang='grc' dir='ltr'><strong><em>συγγενῶν</em></strong></span> 
     </span>
     <span class='ocr_line' id='line_1_21' title="bbox 151 2413 1160 2509; baseline 0.004 -27"><span class='ocrx_word' id='word_1_149' title='bbox 151 2416 255 2482; x_wconf 86' lang='grc' dir='ltr'><strong><em>αὐτοῦ</em></strong></span> <span class='ocrx_word' id='word_1_150' title='bbox 272 2417 469 2501; x_wconf 86' lang='grc' dir='ltr'><strong><em>μαρτυρίαν·</em></strong></span> <span class='ocrx_word' id='word_1_151' title='bbox 493 2419 527 2482; x_wconf 80' lang='grc' dir='ltr'><strong><em>οἳ</em></strong></span> <span class='ocrx_word' id='word_1_152' title='bbox 544 2422 634 2482; x_wconf 77' lang='grc' dir='ltr'><strong><em>ἴσασι</em></strong></span> <span class='ocrx_word' id='word_1_153' title='bbox 654 2417 761 2502; x_wconf 90' lang='grc' dir='ltr'><strong><em>δήπου</em></strong></span> <span class='ocrx_word' id='word_1_154' title='bbox 783 2422 833 2495; x_wconf 86' lang='grc' dir='ltr'><strong><em>τίς</em></strong></span> <span class='ocrx_word' id='word_1_155' title='bbox 855 2413 940 2484; x_wconf 83' lang='grc' dir='ltr'><strong><em>ούσύ</em></strong></span> <span class='ocrx_word' id='word_1_156' title='bbox 961 2418 1041 2486; x_wconf 85' lang='grc' dir='ltr'><strong><em>ποθ’</em></strong></span> <span class='ocrx_word' id='word_1_157' title='bbox 1066 2418 1160 2509; x_wconf 82' lang='grc' dir='ltr'><strong><em>ή’μή</em></strong></span> 
     </span>
     <span class='ocr_line' id='line_1_22' title="bbox 150 2520 1161 2612; baseline 0.007 -25"><span class='ocrx_word' id='word_1_158' title='bbox 150 2525 256 2608; x_wconf 85' lang='grc' dir='ltr'><strong><em>μήτηρ</em></strong></span> <span class='ocrx_word' id='word_1_159' title='bbox 288 2520 478 2586; x_wconf 81' lang='grc' dir='ltr'><strong><em>ἐτίτθευσεν</em></strong></span> <span class='ocrx_word' id='word_1_160' title='bbox 514 2521 624 2588; x_wconf 83' lang='grc' dir='ltr'><strong><em>αὐτόν.</em></strong></span> <span class='ocrx_word' id='word_1_161' title='bbox 675 2521 718 2588; x_wconf 87' lang='grc' dir='ltr'><strong><em>ού</em></strong></span> <span class='ocrx_word' id='word_1_162' title='bbox 748 2523 811 2610; x_wconf 83' lang='grc' dir='ltr'><strong><em>γὰρ</em></strong></span> <span class='ocrx_word' id='word_1_163' title='bbox 842 2523 864 2590; x_wconf 82' lang='grc' dir='ltr'><strong><em>δ</em></strong></span> <span class='ocrx_word' id='word_1_164' title='bbox 894 2526 1038 2612; x_wconf 83' lang='grc' dir='ltr'><strong><em>τήμερον</em></strong></span> <span class='ocrx_word' id='word_1_165' title='bbox 1068 2527 1161 2612; x_wconf 79' lang='grc' dir='ltr'><strong><em>ἡμεῖς</em></strong></span> 
     </span>
     <span class='ocr_line' id='line_1_23' title="bbox 149 2624 1160 2715; baseline 0.006 -22"><span class='ocrx_word' id='word_1_166' title='bbox 149 2624 258 2715; x_wconf 70' lang='grc' dir='ltr'><strong><em>φαμέν</em></strong></span> <span class='ocrx_word' id='word_1_167' title='bbox 290 2627 431 2713; x_wconf 78' lang='grc' dir='ltr'><strong><em>εὔορκον</em></strong></span> <span class='ocrx_word' id='word_1_168' title='bbox 460 2625 572 2704; x_wconf 81' lang='grc' dir='ltr'><strong><em>αὐτοῖς</em></strong></span> <span class='ocrx_word' id='word_1_169' title='bbox 600 2641 799 2715; x_wconf 85' lang='grc' dir='ltr'><strong><em>μαρτυρεῖν,</em></strong></span> <span class='ocrx_word' id='word_1_170' title='bbox 826 2627 898 2696; x_wconf 83' lang='grc' dir='ltr'><strong><em>ἀλλ’</em></strong></span> <span class='ocrx_word' id='word_1_171' title='bbox 926 2629 1076 2697; x_wconf 83' lang='grc' dir='ltr'><strong><em>δπόντα</em></strong></span> <span class='ocrx_word' id='word_1_172' title='bbox 1100 2637 1160 2700; x_wconf 85' lang='grc' dir='ltr'><strong><em>τὸν</em></strong></span> 
     </span>
     <span class='ocr_line' id='line_1_24' title="bbox 149 2730 1160 2823; baseline 0.008 -26"><span class='ocrx_word' id='word_1_173' title='bbox 149 2736 271 2819; x_wconf 81' lang='grc' dir='ltr'><strong><em>χρόνον</em></strong></span> <span class='ocrx_word' id='word_1_174' title='bbox 297 2730 421 2819; x_wconf 85' lang='grc' dir='ltr'><strong><em>ήδεσαν</em></strong></span> <span class='ocrx_word' id='word_1_175' title='bbox 447 2734 509 2819; x_wconf 90' lang='grc' dir='ltr'><strong><em>τήν</em></strong></span> <span class='ocrx_word' id='word_1_176' title='bbox 534 2731 696 2820; x_wconf 79' lang='grc' dir='ltr'><strong><em>ἡμετέραν</em></strong></span> <span class='ocrx_word' id='word_1_177' title='bbox 723 2731 785 2820; x_wconf 73' lang='grc' dir='ltr'><strong><em>μὲν</em></strong></span> <span class='ocrx_word' id='word_1_178' title='bbox 812 2733 949 2823; x_wconf 89' lang='grc' dir='ltr'><strong><em>μητέρα,</em></strong></span> <span class='ocrx_word' id='word_1_179' title='bbox 975 2739 1095 2822; x_wconf 80' lang='grc' dir='ltr'><strong><em>τιτθὴν</em></strong></span> <span class='ocrx_word' id='word_1_180' title='bbox 1122 2737 1160 2806; x_wconf 73' lang='grc' dir='ltr'><strong><em>δὲ</em></strong></span> 
     </span>
     <span class='ocr_line' id='line_1_25' title="bbox 110 2838 1159 2930; baseline 0.006 -26"><span class='ocrx_word' id='word_1_181' title='bbox 110 2854 136 2896; x_wconf 73' lang='lat'><strong><em>⁴⁵</em></strong></span> <span class='ocrx_word' id='word_1_182' title='bbox 149 2840 268 2905; x_wconf 88' lang='grc' dir='ltr'><strong><em>τούτου</em></strong></span> <span class='ocrx_word' id='word_1_183' title='bbox 285 2838 514 2925; x_wconf 79' lang='grc' dir='ltr'><strong><em>νομιζομένην.</em></strong></span> <span class='ocrx_word' id='word_1_184' title='bbox 550 2839 606 2906; x_wconf 79' lang='grc' dir='ltr'><strong><em>καὶ</em></strong></span> <span class='ocrx_word' id='word_1_185' title='bbox 624 2840 687 2926; x_wconf 90' lang='grc' dir='ltr'><strong><em>γδιρ</em></strong></span> <span class='ocrx_word' id='word_1_186' title='bbox 707 2843 738 2906; x_wconf 90' lang='grc' dir='ltr'><strong><em>εί</em></strong></span> <span class='ocrx_word' id='word_1_187' title='bbox 753 2844 911 2909; x_wconf 89' lang='grc' dir='ltr'><strong><em>ταπεινὸν</em></strong></span> <span class='ocrx_word' id='word_1_188' title='bbox 927 2842 949 2927; x_wconf 86' lang='grc' dir='ltr'><strong><em>ή</em></strong></span> <span class='ocrx_word' id='word_1_189' title='bbox 968 2846 1077 2929; x_wconf 87' lang='grc' dir='ltr'><strong><em>τιτθή,</em></strong></span> <span class='ocrx_word' id='word_1_190' title='bbox 1098 2847 1159 2930; x_wconf 85' lang='grc' dir='ltr'><strong><em>τήν</em></strong></span> 
     </span>
     <span class='ocr_line' id='line_1_26' title="bbox 149 2943 1160 3035; baseline 0.005 -24"><span class='ocrx_word' id='word_1_191' title='bbox 149 2945 311 3030; x_wconf 82' lang='grc' dir='ltr'><strong><em>ἀλήθειαν</em></strong></span> <span class='ocrx_word' id='word_1_192' title='bbox 338 2947 379 3012; x_wconf 89' lang='grc' dir='ltr'><strong><em>ού</em></strong></span> <span class='ocrx_word' id='word_1_193' title='bbox 405 2945 600 3033; x_wconf 83' lang='grc' dir='ltr'><strong><em>φεύγω·οὐ</em></strong></span> <span class='ocrx_word' id='word_1_194' title='bbox 626 2947 691 3033; x_wconf 79' lang='grc' dir='ltr'><strong><em>γὰρ</em></strong></span> <span class='ocrx_word' id='word_1_195' title='bbox 713 2948 745 3012; x_wconf 85' lang='grc' dir='ltr'><strong><em>εί</em></strong></span> <span class='ocrx_word' id='word_1_196' title='bbox 764 2944 900 3033; x_wconf 88' lang='grc' dir='ltr'><strong><em>πένητες</em></strong></span> <span class='ocrx_word' id='word_1_197' title='bbox 920 2943 1019 3034; x_wconf 86' lang='grc' dir='ltr'><strong><em>ήμεν,</em></strong></span> <span class='ocrx_word' id='word_1_198' title='bbox 1046 2951 1160 3035; x_wconf 89' lang='grc' dir='ltr'><strong><em>ήδική-</em></strong></span> 
     </span>
     <span class='ocr_line' id='line_1_27' title="bbox 149 3048 1238 3142; baseline 0.001 -26"><span class='ocrx_word' id='word_1_199' title='bbox 149 3074 264 3136; x_wconf 89' lang='grc' dir='ltr'><strong><em>καμεν,</em></strong></span> <span class='ocrx_word' id='word_1_200' title='bbox 286 3048 358 3119; x_wconf 82' lang='grc' dir='ltr'><strong><em>ἀλλ’</em></strong></span> <span class='ocrx_word' id='word_1_201' title='bbox 380 3054 412 3117; x_wconf 86' lang='grc' dir='ltr'><strong><em>εί</em></strong></span> <span class='ocrx_word' id='word_1_202' title='bbox 429 3053 472 3136; x_wconf 87' lang='grc' dir='ltr'><strong><em>μή</em></strong></span> <span class='ocrx_word' id='word_1_203' title='bbox 491 3057 638 3118; x_wconf 88' lang='grc' dir='ltr'><strong><em>πολῖται·</em></strong></span> <span class='ocrx_word' id='word_1_204' title='bbox 663 3049 747 3118; x_wconf 78' lang='grc' dir='ltr'><strong><em>οὐδὲ</em></strong></span> <span class='ocrx_word' id='word_1_205' title='bbox 764 3051 840 3139; x_wconf 80' lang='grc' dir='ltr'><strong><em>περὶ</em></strong></span> <span class='ocrx_word' id='word_1_206' title='bbox 861 3053 961 3139; x_wconf 82' lang='grc' dir='ltr'><strong><em>τύχης</em></strong></span> <span class='ocrx_word' id='word_1_207' title='bbox 984 3053 1063 3120; x_wconf 75' lang='grc' dir='ltr'><strong><em>οὐδὲ</em></strong></span> <span class='ocrx_word' id='word_1_208' title='bbox 1085 3055 1160 3142; x_wconf 80' lang='grc' dir='ltr'><strong><em>περί</em></strong></span> <span class='ocrx_word' id='word_1_209' title='bbox 1171 3069 1238 3119; x_wconf 79' lang='lat'><strong>1313</strong></span> 
     </span>
     <span class='ocr_line' id='line_1_28' title="bbox 150 3154 1160 3245; baseline 0.007 -24"><span class='ocrx_word' id='word_1_210' title='bbox 150 3157 322 3242; x_wconf 76' lang='grc' dir='ltr'><strong><em>χρημάτων</em></strong></span> <span class='ocrx_word' id='word_1_211' title='bbox 340 3157 421 3241; x_wconf 87' lang='grc' dir='ltr'><strong><em>ήμῖν</em></strong></span> <span class='ocrx_word' id='word_1_212' title='bbox 440 3154 515 3223; x_wconf 83' lang='grc' dir='ltr'><strong><em>ἐσθ’</em></strong></span> <span class='ocrx_word' id='word_1_213' title='bbox 539 3158 557 3225; x_wconf 86' lang='grc' dir='ltr'><strong><em>δ</em></strong></span> <span class='ocrx_word' id='word_1_214' title='bbox 576 3159 692 3244; x_wconf 84' lang='grc' dir='ltr'><strong><em>παρὼν</em></strong></span> <span class='ocrx_word' id='word_1_215' title='bbox 712 3156 814 3243; x_wconf 85' lang='grc' dir='ltr'><strong><em>ιἰγών,</em></strong></span> <span class='ocrx_word' id='word_1_216' title='bbox 837 3156 908 3224; x_wconf 69' lang='grc' dir='ltr'><strong><em>ἀλλ’</em></strong></span> <span class='ocrx_word' id='word_1_217' title='bbox 931 3155 1015 3245; x_wconf 69' lang='grc' dir='ltr'><strong><em>ὑπὲρ</em></strong></span> <span class='ocrx_word' id='word_1_218' title='bbox 1033 3158 1160 3244; x_wconf 89' lang='grc' dir='ltr'><strong><em>γένους.</em></strong></span> 
     </span>
     <span class='ocr_line' id='line_1_29' title="bbox 150 3259 1160 3350; baseline 0.006 -24"><span class='ocrx_word' id='word_1_219' title='bbox 150 3262 255 3328; x_wconf 78' lang='grc' dir='ltr'><strong><em>πολλὰ</em></strong></span> <span class='ocrx_word' id='word_1_220' title='bbox 279 3263 417 3328; x_wconf 81' lang='grc' dir='ltr'><strong><em>δουλικὰ</em></strong></span> <span class='ocrx_word' id='word_1_221' title='bbox 445 3259 514 3343; x_wconf 83' lang='grc' dir='ltr'><strong><em>[καὶ</em></strong></span> <span class='ocrx_word' id='word_1_222' title='bbox 541 3264 692 3344; x_wconf 79' lang='grc' dir='ltr'><strong><em>ταπεινὰ]</em></strong></span> <span class='ocrx_word' id='word_1_223' title='bbox 722 3263 896 3350; x_wconf 76' lang='grc' dir='ltr'><strong><em>πράγματα</em></strong></span> <span class='ocrx_word' id='word_1_224' title='bbox 922 3267 1001 3342; x_wconf 89' lang='grc' dir='ltr'><strong><em>τοὺς</em></strong></span> <span class='ocrx_word' id='word_1_225' title='bbox 1028 3264 1160 3332; x_wconf 85' lang='grc' dir='ltr'><strong><em>ἐλευθέ-</em></strong></span> 
     </span>
     <span class='ocr_line' id='line_1_30' title="bbox 150 3361 1159 3456; baseline 0.002 -22"><span class='ocrx_word' id='word_1_226' title='bbox 150 3393 229 3452; x_wconf 89' lang='grc' dir='ltr'><strong><em>ρους</em></strong></span> <span class='ocrx_word' id='word_1_227' title='bbox 252 3367 272 3452; x_wconf 89' lang='grc' dir='ltr'><strong><em>ή</em></strong></span> <span class='ocrx_word' id='word_1_228' title='bbox 295 3371 392 3434; x_wconf 82' lang='grc' dir='ltr'><strong><em>πενία</em></strong></span> <span class='ocrx_word' id='word_1_229' title='bbox 419 3366 562 3451; x_wconf 76' lang='grc' dir='ltr'><strong><em>βιάζεται</em></strong></span> <span class='ocrx_word' id='word_1_230' title='bbox 589 3380 717 3454; x_wconf 85' lang='grc' dir='ltr'><strong><em>ποιεῖν,</em></strong></span> <span class='ocrx_word' id='word_1_231' title='bbox 743 3366 795 3456; x_wconf 77' lang='grc' dir='ltr'><strong><em>ἐφ’</em></strong></span> <span class='ocrx_word' id='word_1_232' title='bbox 823 3361 873 3447; x_wconf 87' lang='grc' dir='ltr'><strong><em>οἷς</em></strong></span> <span class='ocrx_word' id='word_1_233' title='bbox 902 3366 1035 3436; x_wconf 84' lang='grc' dir='ltr'><strong><em>ἐλεοῖντ’</em></strong></span> <span class='ocrx_word' id='word_1_234' title='bbox 1063 3369 1105 3434; x_wconf 81' lang='grc' dir='ltr'><strong><em>δν</em></strong></span> <span class='ocrx_word' id='word_1_235' title='bbox 1133 3367 1159 3436; x_wconf 79' lang='grc' dir='ltr'><strong><em>δι</em></strong></span> 
     </span>
     <span class='ocr_line' id='line_1_31' title="bbox 150 3471 1160 3561; baseline 0.001 -23"><span class='ocrx_word' id='word_1_236' title='bbox 150 3475 267 3558; x_wconf 74' lang='grc' dir='ltr'><strong><em>ἄνδρες</em></strong></span> <span class='ocrx_word' id='word_1_237' title='bbox 285 3471 459 3558; x_wconf 85' lang='grc' dir='ltr'><strong><em>Ἀθηναῖοι</em></strong></span> <span class='ocrx_word' id='word_1_238' title='bbox 483 3474 704 3561; x_wconf 86' lang='grc' dir='ltr'><strong><em>δικαιότερον,</em></strong></span> <span class='ocrx_word' id='word_1_239' title='bbox 725 3474 747 3560; x_wconf 83' lang='grc' dir='ltr'><strong><em>ή</em></strong></span> <span class='ocrx_word' id='word_1_240' title='bbox 769 3476 1085 3561; x_wconf 87' lang='grc' dir='ltr'><strong><em>προσαπολλύοιντο.</em></strong></span> <span class='ocrx_word' id='word_1_241' title='bbox 1116 3475 1160 3551; x_wconf 80' lang='grc' dir='ltr'><strong><em>ὡς</em></strong></span> 
     </span>
     <span class='ocr_line' id='line_1_32' title="bbox 149 3576 1158 3665; baseline -0.002 -21"><span class='ocrx_word' id='word_1_242' title='bbox 149 3579 212 3665; x_wconf 88' lang='grc' dir='ltr'><strong><em>γδιρ</em></strong></span> <span class='ocrx_word' id='word_1_243' title='bbox 235 3576 331 3664; x_wconf 83' lang='grc' dir='ltr'><strong><em>ἔγωγ’</em></strong></span> <span class='ocrx_word' id='word_1_244' title='bbox 359 3579 490 3664; x_wconf 76' lang='grc' dir='ltr'><strong><em>ἀκούω,</em></strong></span> <span class='ocrx_word' id='word_1_245' title='bbox 519 3577 639 3646; x_wconf 77' lang='grc' dir='ltr'><strong><em>πολλαὶ</em></strong></span> <span class='ocrx_word' id='word_1_246' title='bbox 668 3578 723 3646; x_wconf 79' lang='grc' dir='ltr'><strong><em>καὶ</em></strong></span> <span class='ocrx_word' id='word_1_247' title='bbox 752 3579 863 3646; x_wconf 79' lang='grc' dir='ltr'><strong><em>τιτθαὶ</em></strong></span> <span class='ocrx_word' id='word_1_248' title='bbox 890 3577 945 3644; x_wconf 82' lang='grc' dir='ltr'><strong><em>καὶ</em></strong></span> <span class='ocrx_word' id='word_1_249' title='bbox 973 3580 1082 3663; x_wconf 84' lang='grc' dir='ltr'><strong><em>έριθοι</em></strong></span> <span class='ocrx_word' id='word_1_250' title='bbox 1104 3577 1158 3642; x_wconf 78' lang='grc' dir='ltr'><strong><em>καί</em></strong></span> 
     </span>
    </p>
   </div>
   <div class='ocr_carea' id='block_1_3' title="bbox 0 0 1334 3922">
    <p class='ocr_par' dir='ltr' id='par_1_3' title="bbox 0 0 1334 3922">
     <span class='ocr_line' id='line_1_33' title="bbox 0 0 1334 3922; baseline 0 0"><span class='ocrx_word' id='word_1_251' title='bbox 0 0 1334 3922; x_wconf 95' lang='lat' dir='ltr'><strong><em> </em></strong></span> 
     </span>
    </p>
   </div>
  </div>
 </body>
</html>
