2658 3914
341 187 437 236 ΚΑΤΑ
454 185 583 239 ΕΤΕΡΡ.
600 187 664 237 ΚΑΙ
681 187 831 240 ΜΝΗΣΙΒ,
850 187 961 241 usam.
1096 187 1159 252 103

145 369 205 410 πον
227 348 270 423 είς
292 348 425 428 βάσανον
446 348 501 429 τήν
527 359 681 433 παροῦσαν
703 361 739 436 τη
764 351 858 437 μάχη,
881 344 922 413 ἵν’
946 351 1014 438 είπη
1037 354 1160 432 βασανι-

144 444 253 526 ζομένη
275 446 396 529 πότερος
412 445 525 529 -ήρξατο
547 457 606 509 τῶν
628 453 768 529 πληγῶν,
789 457 881 510 ταῦτα
903 446 935 510 δέ
957 446 1159 532 προκαλουμέ·

145 565 202 604 νου
229 551 283 605 τοῦ
309 543 470 622 Θεοφήμου
497 542 547 605 καί
573 544 789 626 παραδιδόντος
819 544 873 624 τήν
894 546 1083 628 θεράπαιναν
1104 545 1160 607 οὑκ
1187 557 1189 562 “

146 637 272 713 ἐδέξατο.
309 638 390 713 τέλος
408 641 439 701 οί
454 637 507 720 μὲν
526 640 659 703 δικασταὶ
676 653 712 728 τη
732 643 875 727 μαρτυρίᾳ
892 641 1062 718 πεισθέντες
1085 639 1159 724 ὑπὲρ

149 735 310 816 Θεοφήμου
332 735 387 816 τήν
409 747 518 817 ψῆφον
541 737 656 812 ἔθεντο,
679 736 695 800 ὑ
718 733 749 800 δ’
773 737 912 818 ἡττηθείς
933 745 995 814 τοῖς
1017 740 1159 826 μάρτυσιν
1170 743 1237 793 1139

146 831 188 907 ὡς
208 831 407 913 ψευσαμένοις
430 835 583 910 δικάζεται.

213 1079 332 1154 Καλῶς
355 1102 412 1162 μοι
435 1079 593 1144 δοκοῦσιν
621 1079 658 1144 οί
682 1081 781 1164 νόμοι
809 1083 896 1166 ἐχειν
920 1076 946 1144 ὦ
969 1081 1089 1164 ἄνδρες
1110 1081 1160 1145 δι-

147 1186 282 1266 κασταί,
313 1183 349 1250 oc
376 1183 562 1251 ὑπόλοιπον
596 1183 709 1268 ἀγῶνα
741 1184 922 1262 ἀποδόντες
952 1197 1023 1262 ταῖς
1054 1187 1161 1261 δίκαις

147 1290 207 1354 τὸν
223 1299 291 1355 τῶν
304 1290 615 1376 ψευδομαρτυριῶν,
633 1286 677 1356 ἵν’
695 1297 730 1357 εί
742 1314 792 1367 τις
810 1291 977 1376 μάρτυρας
995 1291 1035 1356 τά
1052 1291 1160 1374 ψευδῆ

147 1405 396 1482 μαρτυροῦντας
417 1399 669 1482 παρασχόμενος
690 1395 712 1480 ή
734 1400 932 1482 προκλήσεις
958 1398 1002 1482 μή
1026 1394 1160 1480 γευομέ-

146 1525 207 1579 νας
228 1501 250 1586 ή
273 1504 455 1587 μαρτυρίας
477 1502 566 1587 παρὰ
590 1504 649 1568 τὸν
671 1504 777 1586 νόμον
801 1507 1067 1589 μαρτυρηθείσας
1089 1500 1161 1586 ἐξη-

146 1607 269 1692 πάτησε
287 1609 365 1684 τοὺς
384 1607 550 1690 δικαστάς,
568 1602 672 1692 μηδὲν
692 1607 780 1695 αὐτῷ
799 1606 901 1675 πλόου
920 1607 1066 1693 γένηται,
1084 1605 1155 1674 ἀλλ’

148 1714 410 1798 ἐπισκηψάμενος
431 1723 503 1789 ταῖς
525 1717 721 1798 μαρτυρίαις
743 1713 762 1779 ὁ
786 1712 957 1798 ἀδικηθεὶς
981 1712 1036 1780 καί
1057 1717 1161 1780 είσελ-

146 1820 224 1887 θὼν
244 1821 292 1896 είς
313 1817 399 1903 ὑμᾶς
420 1816 478 1884 καλ
502 1817 667 1898 ἐπιδείξας
688 1817 765 1906 περὶ
790 1829 852 1886 τοῦ
874 1820 1062 1904 πράγματος
1083 1823 1162 1897 τοὺς

147 1926 315 2012 μάρτυρας
341 1925 382 1990 τά
407 1925 515 2008 ψευδή
538 1927 843 2010 μεμαρτυρηκότας,
865 1925 954 2012 παρά
974 1948 1011 1991 τε
1033 1927 1160 1992 τούτων

148 2033 245 2115 δίκην
269 2030 353 2116 λάβη
382 2027 438 2095 καὶ
465 2031 525 2097 τὸν
554 2033 806 2115 προβαλόμενον
829 2031 992 2097 ὑπόδικον
1014 2034 1072 2118 ἐηη
1092 2043 1161 2098 τῶν

121 2147 379 2221 εκακοτεηνιῶυ.
415 2132 471 2200 καλ
498 2135 555 2200 διδ
577 2146 675 2201 τοῦτο
702 2146 748 2224 τῷ
776 2133 838 2220 μὲν
861 2138 1017 2202 διώκοντι
1040 2136 1161 2204 ἐλάττω

73 2305 77 2312 .
149 2241 308 2324 ἐποίησαν
325 2241 365 2305 τολ
384 2239 540 2325 ἐπιτίμια,
563 2239 622 2306 ἐδιν
639 2240 779 2325 ήττηθή,
801 2243 856 2307 ἵνα
875 2243 921 2326 μή
943 2242 999 2307 διὰ
1021 2243 1059 2308 τὸ
1081 2247 1162 2328 πλή-

148 2354 213 2424 θος
235 2343 482 2431 ἀποτρέπωνται
504 2347 637 2411 διώκειν
663 2349 742 2423 τοὺς
764 2347 931 2432 μάρτυρας
951 2357 1020 2413 τῶν
1041 2349 1162 2425 ψευδο-

148 2462 340 2539 μαρτυριῶν
369 2451 407 2518 οί
433 2450 665 2536 ἀδικούμενοι,
696 2461 744 2538 τῷ
772 2448 810 2518 δὲ
837 2452 996 2536 φεύγοντι
1022 2455 1163 2537 μεγάλας

149 2557 316 2642 ἐπέθηκαν
338 2561 512 2644 τιμωρίας,
535 2556 594 2622 ἐάν
618 2557 686 2646 ἁλῷ
710 2556 765 2623 καλ
788 2556 869 2644 δόξη
890 2557 971 2643 ὑμῖν
993 2561 1034 2625 τά
1054 2562 1161 2646 ψευδή

122 2661 441 2751 ,μεμαρτυρηκέναι
492 2659 684 2740 δικαίεοςῶ
716 2664 835 2748 άυδρες
866 2665 1025 2731 δικασταί.
1069 2667 1163 2752 ὑμεῖς

149 2771 214 2856 γάρ
245 2772 293 2847 είς
321 2772 399 2846 τοὺς
428 2769 596 2854 μάρτυρας
619 2767 818 2853 βλέψαντες,
847 2769 903 2838 καὶ
930 2773 1163 2850 πιστεύσαντες

151 2868 201 2954 οἷς
223 2874 265 2941 ἂν
292 2871 386 2941 οὑτοι
412 2877 661 2961 μαρτνρήσεισι,
688 2878 886 2958 ψηφίζεσθε·
914 2877 970 2942 ἵνα
993 2873 1055 2944 οὑν
1077 2876 1159 2962 μήθ’

149 2981 244 3066 ὑμεῖς
266 2979 471 3059 ἐξαπατᾶσθε
494 2977 574 3065 μήθ’
602 2980 638 3045 οί
661 2981 820 3058 εἰσιόντες
847 2984 895 3058 είς
916 2982 1001 3068 ὑμᾶς
1024 2982 1163 3050 ἀδικῶν·

150 3110 219 3162 ται,
248 3086 303 3151 διδ
330 3082 420 3152 ταῦτ’
449 3085 570 3162 αὑτοὺς
596 3084 776 3164 ὑποδίκους
804 3087 957 3172 ἐποίησεν
981 3089 999 3155 ὁ
1022 3088 1164 3173 νομοθέ-

150 3215 215 3275 της.
252 3189 368 3277 δέομαι
390 3188 421 3257 δ’
444 3191 538 3276 ὑμῶν
556 3190 646 3274 κάγὼ
669 3190 737 3276 μετ’
764 3193 897 3270 εὐνοίας
919 3218 983 3279 μου
1003 3192 1164 3280 άκροάσα-
1174 3213 1242 3263 1140

152 3303 233 3363 σθαι
264 3293 339 3382 περὶ
370 3306 431 3363 τοῦ
463 3297 652 3384 πράγματος
684 3295 717 3375 ἐξ
749 3297 849 3384 άρηής
876 3299 1018 3383 ἅπαντα,
1050 3295 1095 3363 ἵν’
1127 3298 1163 3365 ἐκ

152 3403 279 3468 τούτων
302 3404 409 3487 είδήτε
432 3399 481 3467 ὑπ’
505 3400 569 3484 ἐγώ
592 3399 620 3467 τ’
643 3403 811 3488 ἠδικήθην
833 3401 889 3470 καὶ
911 3402 1162 3487 ἐξηπατήθησαν

153 3509 189 3573 οί
208 3507 358 3574 δικασταὶ
380 3505 436 3574 καὶ
458 3503 551 3575 οὑτοι
573 3508 613 3572 τά
635 3509 741 3592 ψευδή
766 3507 1003 3595 ἐμαρτύρησαν.
