2658 3914
310 164 407 214 ΚΑΤΑ
423 163 552 216 ταμεν.
570 164 634 216 ΚΑΙ
651 165 804 218 εωΗΣΙΒ,
823 165 935 217 νυνι.
1064 163 1134 230 107·

114 344 199 407 πον,
231 319 287 388 καὶ
320 318 376 406 ἐμὲ
408 323 452 406 μή
483 320 598 388 θέλειν
629 326 841 408 παραλαβεῖν.
893 335 962 400 πῶς
993 319 1056 390 οὖν
1088 327 1131 390 σὺ

114 429 231 514 κύριος
260 423 321 512 μὲν
352 428 400 493 ὢν
430 435 486 512 τῆς
515 427 717 514 ἀνθρώπου,
746 427 875 513 μέλλων
898 425 936 494 δὲ
958 435 1131 515 προκαλεῖ-

115 541 198 600 σθαι
229 535 354 618 ταύτην
384 534 446 617 τήν
477 536 660 619 πρόκλησιν
691 533 734 618 ήν
767 537 1037 620 μεμαρτυρήκασί
1066 551 1131 619 σοι,

117 640 336 724 καταφεύγων
363 635 400 703 δέ
427 640 475 715 είς
501 640 562 723 τήν
590 641 773 724 ἄνθρωπον
800 638 877 725 περὶ
903 651 963 707 τοῦ
988 643 1131 725 δικαίου,

75 762 102 804 ιι
116 747 220 812 άλλου
243 743 285 810 δί
304 761 359 811 σοι
377 744 515 822 οὐδενὸς
533 747 634 822 ’όντος
652 747 818 831 μάρτυρος
840 747 884 822 ὡς
907 745 1049 832 ἐπλήγης
1070 743 1126 813 ὑπ’

115 851 199 936 ἐμοῦ
230 852 389 937 ἄρχοντος
419 862 539 937 χειρῶν
572 849 713 935 άδίκων,
749 851 809 936 οὐχ
846 847 921 935 ήκες
953 855 1038 938 ἔχων
1069 853 1131 936 τήν

115 959 299 1038 ἄνθρωπον
317 957 400 1043 πρὸς
417 959 476 1022 τὸν
500 958 671 1042 διαιτητήν
689 955 743 1022 καὶ
761 959 962 1043 παρεδίδους
980 961 1018 1025 τὸ
1038 971 1131 1044 σῶμα

114 1063 285 1148 παρούσης
310 1072 369 1148 τής
394 1061 594 1148 ἀνθρώπου,
624 1065 739 1149 κύριός
764 1085 802 1146 γε
831 1063 878 1129 διν
905 1064 1019 1148 αύτής;
1048 1063 1131 1130 ἀλλὰ

114 1169 177 1252 τήν
194 1164 257 1252 μὲν
274 1172 464 1256 πρόκλησιν·
478 1167 544 1255 φής
561 1167 842 1255 προκαλέσασθαι,
864 1169 926 1253 τήν
945 1167 975 1234 δ’
999 1171 1133 1256 άνθρω·

114 1296 179 1341 που
200 1273 311 1352 οὐδεὶς
330 1270 410 1360 είδε,
431 1271 478 1340 δι’
496 1269 535 1358 ής
555 1272 757 1359 ἐξηπάτησας
776 1277 854 1352 τοὺς
870 1275 1035 1359 δικαστάς,
1051 1287 1131 1354 μιν·
1170 1301 1174 1308 ·

115 1381 183 1458 δεῖς
206 1381 373 1468 μάρτυρας
396 1383 645 1467 παρασχόμενος
667 1382 712 1458 ὡς
735 1378 863 1446 ἐθέλων
885 1381 1103 1465 παραδοῦναι.

73 1504 101 1544 1⁶
177 1485 311 1571 Ἐπειδὴ
340 1490 459 1553 τοίνυν
489 1502 543 1551 σοι
577 1489 650 1552 τότε
680 1485 725 1552 ού
750 1495 860 1572 πυρήν
889 1487 910 1570 ἡ
940 1488 1131 1573 ἄνθρωπος,

115 1591 200 1658 ἀλλὰ
223 1596 386 1679 πρότερον
409 1592 648 1676 ἐσημάνθησαν
672 1593 707 1658 οί
728 1591 848 1678 ἐχῖνοι,
875 1593 1017 1679 ὕστερον
1040 1596 1130 1659 ἐστιν

115 1697 201 1762 ὅπου
223 1699 343 1781 ήγαγες
369 1699 431 1782 τήν
457 1698 641 1783 άνθρωπον
668 1699 716 1775 είς
741 1699 803 1782 τήν
830 1697 956 1784 ἀγοράν
979 1698 1000 1784 ἢ
1023 1701 1070 1776 είς
1092 1701 1130 1765 τὸ

116 1805 344 1889 δικαστήριου;
367 1805 399 1868 εί
419 1802 482 1888 γάρ
507 1804 551 1888 μή
574 1806 647 1870 τότε
670 1821 725 1870 σοι
748 1802 964 1890 παρεγίνετο,
989 1805 1130 1891 ὕστερον

116 1911 224 1994 δήπου
253 1910 322 1974 ἐδει
348 1910 586 1994 παραδιδόναι,
612 1907 668 1974 καὶ
695 1909 861 1995 μάρτυρας
888 1918 1058 1976 ποιεῖσθαι
1086 1913 1131 1988 ὡς

116 2013 243 2091 ἐθέλεις
265 2013 302 2080 ἐν
325 2023 364 2099 τῇ
388 2013 557 2104 ἀνθρώπω
575 2017 634 2081 τὸν
657 2015 793 2100 ἔλεγχον
815 2019 1005 2100 γίγνεσθαι,
1026 2017 1130 2082 καθά-

114 2142 176 2204 περ
199 2118 426 2205 προύκαλέσω,
448 2120 662 2205 προκλήσεώς
676 2143 711 2185 τε
732 2119 977 2206 ἐμβεβλημένης
998 2140 1052 2188 σοι
1074 2121 1209 2194 minu

117 2228 299 2311 μαρτυρίας
315 2225 360 2301 ὡς
376 2226 496 2308 ήθελες
513 2227 736 2310 παραδιδόναι
753 2228 814 2310 τήν
833 2229 1024 2312 άνθρωπον.
1055 2226 1131 2310 μέλ-

117 2336 186 2396 λων
208 2332 324 2395 τοίνυν
347 2326 485 2394 είσιέναι
503 2331 564 2414 τήν
583 2330 680 2414 δίκην
698 2332 789 2396 ἔστιν
807 2330 893 2396 ὅπου
915 2332 976 2417 τήν
999 2333 1132 2418 άνθρω-

77 2456 102 2497 ιτ
116 2458 181 2503 πον
200 2437 372 2520 εἰσήγαγες
389 2437 472 2520 πρὸς
489 2437 527 2502 τὸ
547 2437 774 2521 δικαστήριους
798 2441 906 2503 καίτοι
931 2437 1000 2503 ἐδει
1018 2437 1131 2522 αὐτόν,

117 2549 208 2628 είπερ
232 2539 342 2625 άληθή
365 2536 408 2625 ήν
431 2541 453 2606 ά
475 2557 579 2626 φασιν
597 2540 700 2608 αύτδν
717 2547 969 2628 προκαλεῖσθαι,
990 2550 1130 2630 κληρου-

117 2647 227 2732 μένων
262 2657 331 2713 τῖον
367 2647 589 2732 δικαστηρίων
624 2651 807 2731 κομίσαντα
841 2649 902 2732 τήν
939 2651 1131 2736 άνθρωπον,

118 2755 262 2836 λαβόντα
285 2753 345 2818 τὸν
367 2755 510 2838 κήρυκα,
533 2753 682 2818 κελεύειν
706 2750 775 2838 ἐμὲ,
797 2753 829 2820 εί
849 2758 1050 2842 βουλοίμην,
1072 2760 1130 2841 βα-

118 2860 278 2943 σανίζειν,
306 2855 362 2924 καὶ
388 2859 556 2944 μάρτυρας
583 2861 661 2935 τοὺς
689 2860 845 2936 δικαστάς,
869 2863 1032 2940 εἰσιόντας
1057 2883 1131 2930 ποι-

118 2971 231 3030 εῖσθαι
264 2964 308 3041 ὡς
340 2963 468 3048 ἕτοιμός
501 2963 570 3030 ἐστι
600 2967 820 3051 παραδοῦναι.
863 2965 941 3034 νυνὶ
972 2965 1010 3034 δὲ
1042 2973 1130 3058 λόγῳ

119 3068 332 3152 ἐξαπατήσας,
353 3072 488 3148 ψευδεῖς
510 3074 691 3157 μαρτυρίας
712 3075 977 3159 παρασχόμενος,
999 3072 1129 3141 οὐδέπω

118 3174 172 3241 καλ
199 3183 263 3240 νῦν
290 3179 395 3262 τολμᾷ
422 3177 483 3260 τήν
511 3176 692 3262 άυθρωπον
719 3179 943 3264 παραδοῦναι,
975 3180 1131 3258 πολλάκις

119 3279 200 3365 ἐμοῦ
222 3279 513 3366 προκαλεσαμένου
535 3280 591 3348 καὶ
614 3281 858 3368 ἐξαιτήσαντος,
886 3284 930 3360 ὡς
953 3285 989 3350 οί
1009 3286 1130 3372 μάρτυ-

119 3409 172 3470 ρες
201 3386 282 3470 ὑμῖν
309 3387 345 3452 οί
369 3391 632 3473 παραγενόμενοι
659 3392 955 3476 μεμαρτυρήκασιν.
996 3394 1055 3454 καί
1073 3414 1130 3474 μοι

119 3490 292 3574 ἀνάγνωθι
314 3492 414 3558 πάλιν
436 3493 493 3570 τάς
515 3497 703 3580 μαρτυρίας.
