2656 3926
461 197 649 251 11P001M1A.
676 199 846 250 LIII-LVI.
1092 195 1158 276 399

616 358 691 421 NE.

209 471 275 544 Ἦν
298 499 347 555 τις
369 477 414 555 ὡς
436 480 521 544 ἔοικε
543 481 663 565 χρόνος
684 476 760 563 παρ’
781 478 862 562 ὑμῖν
881 473 908 544 ὦ
926 480 1046 564 ἄνδρες
1059 475 1159 564 Ἀλλη-

148 577 257 669 ναῖοι,
287 579 334 650 ὅτ’
365 583 586 668 ἐπηνάγκαζεν
613 583 632 651 6
660 585 780 668 δῆμος,
810 583 850 650 δν
879 585 1061 672 ἄνθρωπον
1092 586 1159 651 ῖδοι

150 693 308 777 σώφρονα
330 687 385 754 καλ
407 691 567 776 χρηστὸν,
594 689 749 776 πράττειν
777 690 817 754 τά
839 691 935 756 κοινά
956 687 1012 756 καὶ
1033 692 1160 776 άρχειν,

150 797 192 862 οὐ
216 795 332 862 σπάνει
359 805 427 861 τῶν
453 805 551 861 τοῦτο
578 793 794 880 βουλομένων
820 805 929 862 ποιεῖν
952 794 1072 884 (πάντα
1094 796 1158 880 γὰρ

150 900 239 967 πάλλ’
267 902 386 987 εὐτυχῆ
409 902 470 985 τὴν
492 903 591 967 πόλιν
613 904 754 986 πρίνων,
781 901 818 966 ἓν
846 899 996 968 οὐδέποτ’
1023 901 1159 988 εὐτυχῆ-

150 1024 205 1073 σαι
223 1018 321 1074 τοῦτο
338 1010 473 1092 νομίζω,
496 1007 675 1072 ἐπιλείπειν
693 1005 797 1091 αὐτὴν
814 1009 892 1084 τοὺς
909 1008 950 1073 τά
967 1008 1063 1073 νοινδ
1081 1031 1159 1092 παρ·

148 1120 297 1180 ποῦσδαι
324 1109 581 1200 βουλομένους),
612 1109 683 1177 ἀλλ’
711 1111 818 1198 ὅραμα
848 1110 937 1178 τοῦτ’
970 1108 1109 1178 ἐποιεῖθ’
1139 1112 1159 1180 6

150 1221 254 1304 δῆμος
276 1218 380 1284 αὑτοῦ
402 1220 505 1284 καλὸν
529 1213 554 1282 ὦ
578 1219 698 1304 ἄνδρες
716 1215 889 1302 Ἀθηναῖοι
916 1215 971 1284 καὶ
994 1213 1160 1294 λυσιτελὲς

121 1333 188 1409 ιτῇ
215 1326 318 1390 πόλει.
355 1324 391 1389 οἵ
413 1345 449 1390 τι
475 1324 539 1410 γὰρ
567 1333 716 1409 συνεχεῖς
743 1325 814 1390 οἵδε
840 1321 1158 1411 παραζευγνυμίυων

150 1433 265 1514 σφίσιν
295 1427 328 1507 ἐξ
359 1430 500 1495 ἰδιωτῶν
535 1431 727 1496 σπουδαίων
760 1427 816 1495 καλ
846 1430 984 1496 δικαίων
1012 1429 1159 1514 ἀνδρῶν,
1167 1447 1235 1498 1461

149 1533 405 1620 εὐλαβεστέρως
419 1534 539 1610 αὑτοὺς
551 1544 725 1620 παρεῖχον·
744 1535 780 1600 οἶ
790 1557 825 1601 τε
839 1531 975 1622 χρηστοί
989 1531 1050 1619 μὲν
1062 1535 1158 1620 ὑμῶν

148 1639 204 1708 καλ
226 1641 361 1716 δικαίως
383 1638 425 1704 ἂν
447 1640 615 1725 ἄρχοντες,
638 1641 682 1724 μὴ
705 1639 793 1706 πάνυ
817 1637 848 1705 δ’
871 1631 986 1707 οἷοίτ’
1009 1639 1157 1727 ἐνοχλεῖν

147 1745 203 1812 παλ
225 1743 481 1832 παραγγέλλειν,
508 1744 570 1810 οὐκ
597 1744 828 1830 ἀπηλαύνοντο
855 1757 922 1812 των
944 1757 1057 1832 τιμῶν.
1091 1757 1157 1814 νῦν

149 1849 187 1920 δὲ
208 1853 394 1918 παντάπασι
422 1852 482 1917 τὸν
508 1851 611 1918 αὐτὸν
639 1855 764 1938 τρόπον
785 1848 812 1916 ὦ
835 1853 954 1938 ἄνδρες
972 1851 1157 1938 Ἀθηναῖοι,

149 1959 250 2044 όνπερ
268 1961 346 2035 τοὺς
362 1959 474 2042 ἱερεῖς,
496 1957 602 2032 οὕτως
619 1961 795 2022 καθίστατε
814 1956 965 2034 καὶτοὺς
987 1959 1156 2044 ἄρχοντας.

149 2061 218 2130 εἶτα
240 2063 435 2148 θαυμάζετε,
458 2061 592 2127 ἐπειδὰν
614 2061 634 2126 6
657 2056 739 2128 δεῖν’
760 2061 929 2146 εὐδαίμων
951 2060 1006 2131 καὶ
1028 2063 1046 2129 6
1070 2062 1152 2129 δεῖν’

149 2171 230 2254 ὑμῖν
247 2161 270 2255 ᾖ
289 2179 434 2253 συνεχῶς
451 2166 557 2233 πολλὰ
581 2166 772 2250 λαμβάνων,
795 2165 830 2230 ολ
846 2163 877 2231 δ’
899 2166 994 2233 άλλοι
1011 2171 1156 2255 περιίητε

122 2277 191 2341 ετδ
211 2275 338 2342 τούτων
360 2273 471 2358 άγαδδ
490 2276 670 2358 ζηλοῦντες.
707 2273 889 2339 δεινότατοι
907 2274 970 2360 γάρ
989 2272 1054 2341 ἐστ’
1076 2274 1156 2361 ἀφε-

151 2379 269 2446 λέσθαι
288 2375 349 2465 μὲν
367 2376 418 2446 ὅτ’
439 2379 520 2465 ὑμῖν
538 2379 688 2465 ὑπάρχει,
710 2375 767 2445 καὶ
787 2381 912 2464 νόμους
933 2377 1008 2466 περὶ
1030 2383 1159 2448 τούτων

149 2495 278 2571 θεῖναι,
300 2488 343 2551 όν
364 2509 413 2563 τις
435 2484 646 2572 άστυνομιίσχ
670 2483 721 2562 δλς
743 2484 764 2570 ἢ
786 2486 826 2551 τδ
848 2495 999 2571 τοιαῦτα,
1022 2503 1157 2574 στρατη-

150 2607 222 2680 γεῖν
245 2589 277 2658 δ’
298 2589 350 2658 άελ
372 2593 450 2669 τοὺς
472 2591 594 2668 αὐτοὺς
612 2591 679 2657 ἐάν.
715 2589 771 2662 παλ
789 2592 826 2658 τὸ
846 2587 1001 2676 μὲντοὺς
1020 2577 1157 2661 ἐπὶτῶν

150 2699 301 2789 πράξεων
319 2700 417 2776 ὄντας
435 2704 514 2774 ι’σως
530 2699 597 2783 ἔχει
618 2699 800 2783 πρόφασιν·
818 2699 856 2764 τὸ
875 2693 913 2762 δδ
931 2701 1009 2776 τοὺς
1024 2699 1160 2786 ἄλλους,

152 2811 187 2874 οδ
201 2816 335 2875 ποιοῦσι
353 2800 414 2890 μὲν
434 2801 545 2887 οὐδέν,
568 2804 679 2890 χώραν
701 2799 733 2869 δ’
756 2802 929 2870 ἀτέλεστον
947 2806 1080 2891 ἔχουσιν
1099 2807 1157 2872 αὐ-

151 2909 204 2978 τοὶ
225 2909 456 2997 τετελεσμένοι,
479 2913 595 2996 μωρία.
637 2908 720 2975 ἀλλὰ
749 2907 805 2976 καὶ
826 2909 920 2996 ὑμῶν
944 2911 1070 2995 αὐτῶν,
1093 2911 1159 2977 είσλ

153 3016 183 3084 δ’
202 3019 263 3084 οὐκ
281 3018 400 3103 όλάγοι,
417 3017 597 3104 προσάγειν
614 3017 686 3101 χρή.
724 3013 766 3080 δυ
784 3016 847 3102 γὰρ
871 3017 980 3103 ὥσπερ
1005 3019 1037 3082 εί
1058 3019 1159 3101 ζυγὸν

153 3124 272 3209 ῖστῆτε,
294 3119 440 3210 πρόσεισ’
469 3121 504 3199 ὃς
527 3119 569 3187 ἂν
592 3119 682 3198 άξιος
703 3113 725 3208 ᾖ
748 3143 808 3188 του
831 3123 910 3206 μετὰ
932 3119 1022 3188 ταῦτ’
1050 3123 1159 3202 αὐτός.

620 3301 685 3366 Na.

224 3425 269 3490 Τὸ
287 3418 348 3508 μδν
372 3415 398 3485 ό)
421 3421 540 3508 ἄνδρες
554 3417 727 3505 Ἀθηναῖοι
743 3415 912 3488 πεπεικόδ’
934 3419 1052 3488 ἑαυτὸν
1070 3424 1159 3508 ἔχειν
1316 3507 1317 3522 χ

152 3556 184 3598 τι
199 3527 370 3616 συμφόρου
384 3529 488 3594 εἰπεῖν
506 3526 715 3613 άνίστασθαι,
732 3526 788 3594 καὶ
805 3527 908 3594 καλὸν
921 3525 976 3592 καὶ
988 3533 1158 3612 προσῆκον
1316 3523 1317 3599 λ
