2650 3918
200 175 268 240 322
506 179 578 230 ιιει
601 174 904 249 [mnemon]

201 342 295 422 λησι,
323 347 362 423 τῇ
392 331 430 403 δὲ
451 339 622 424 φιλοτιμίᾳ
650 335 711 402 οὐκ
736 336 934 420 ήνατπιοίπο
956 344 1025 412 τοίς
1045 335 1214 401 Λακεδαι·

160 466 186 506 ει
200 447 347 528 μονίοις,
369 444 425 508 ἵνα
447 444 492 527 μή
515 448 739 528 φθονηθῶσιν
760 441 826 508 ὑπὸ
847 451 915 507 τῶν
937 441 1131 527 συμμάχων·
1154 438 1210 526 ἐφ’
1225 441 1295 492 1378

201 540 251 625 οἷς
272 546 438 633 φυσηθεὶς
463 551 659 626 Παυσανίας
681 547 700 614 ὁ
727 559 793 613 τῶν
815 547 1089 631 Λακεδαιμονίων
1116 550 1212 630 βασι-

202 655 277 729 λεὺς
299 652 482 740 ἐπέγραψεν
510 651 565 720 ἐπὶ
591 655 650 720 τὸν
672 654 813 740 τρίποδα
839 653 899 718 τόν
921 651 959 718 ἐν
981 656 1147 737 Δελφοῖς,
1169 650 1211 717 δν

201 759 236 823 οἰ
251 756 410 844 Ἕλληνες
432 760 469 825 οί
492 759 780 847 συμμαχεσάμενοι
806 759 868 842 τήν
890 760 1075 823 Πλαταιᾶσι
1102 757 1211 844 μάχην

199 861 256 929 καλ
277 865 338 949 τήν
361 864 398 930 ἐν
420 870 588 950 Σαλαμῖνι
616 868 802 950 ναυμαχίαν
824 864 1093 948 ναυμαχήσαντες
1113 869 1210 947 κοινή

200 970 415 1054 ποιησάμενοι
454 969 623 1054 ἀνέθηκαν
659 969 825 1055 ἀριστεῖον
856 977 902 1056 τῷ
931 964 1115 1034 Ἀπόλλωνι
1146 965 1210 1034 ἀπὸ

199 1086 267 1141 τῶν
289 1075 486 1162 βαρβάρων,

298 1179 449 1264 Ἑλλήνων
471 1183 607 1267 άρχημός,
629 1182 692 1256 ἐπεὶ
714 1183 838 1267 στρατὸν
860 1183 946 1246 όλεσε
968 1183 1105 1263 Μήδων,

346 1282 522 1355 Παυσανίας
546 1281 649 1368 Φοίβιμ
671 1274 765 1361 μνῆμ’
788 1279 918 1360 ἀνέθηκε
939 1279 1021 1360 τόδε,

201 1392 377 1472 ὡςαὺτοῦ
406 1403 467 1458 τοῦ
495 1415 530 1457 τε
560 1394 661 1478 ἔργου
689 1391 786 1467 ὄντος
813 1387 869 1456 καλ
896 1401 957 1482 τοῦ
987 1389 1214 1474 ἀναθήματος,

161 1496 283 1579 εεάλλῖ
300 1499 342 1564 οὐ
367 1507 486 1564 ’κοινοῦ
512 1508 579 1562 τῶν
607 1496 801 1582 συμμάχων·
829 1494 1056 1581 ὀργισθέντων
1083 1491 1121 1564 δὲ
1144 1507 1213 1562 τῶν

196 1600 382 1686 Ἑλλήνων,
409 1603 445 1668 οἰ
461 1606 642 1682 Πλαταιεῖς
663 1601 866 1687 λαγχάνουσι
896 1603 992 1686 δίκην
1013 1611 1083 1678 τοῖς
1104 1604 1213 1667 Λακε-

201 1708 388 1790 δαιμονίοις
399 1710 446 1784 εἰς
458 1709 536 1784 τοὺς
549 1703 790 1792 Ἀμφικτύονας
807 1711 922 1795 χιλίων
939 1707 1109 1772 ταλάντων
1127 1703 1213 1793 ὑπὲρ

199 1821 267 1877 τῶν
297 1812 494 1899 συμμάχων,
523 1810 578 1878 καὶ
600 1812 791 1897 ἠνάγκασαν
819 1813 940 1890 αὐτοὺς
967 1811 1213 1891 ἐκκολάψαντας

200 1917 241 1981 τά
263 1915 388 2001 ἐλεγεῖα
410 1917 588 2003 ἐπιγράψαι
609 1919 668 1997 τὰς
688 1922 802 1997 πόλεις
822 1920 880 1997 τάς
901 1919 1129 1995 κοινωνούσας
1150 1927 1212 1985 τοῦ

199 2024 311 2108 ἔρχου.
339 2024 454 2109 διόπερ
467 2023 579 2100 αὐτοῖς
592 2023 654 2110 οὐχ
671 2025 790 2108 ήκιστα
801 2025 1048 2111 παρηκολούθει
1065 2023 1087 2110 ἡ
1105 2027 1213 2111 ἔχθρα

199 2127 331 2215 ἡπαρά
353 2131 627 2214 Λακεδαιμονίων
656 2128 712 2195 καλ
734 2129 771 2196 ἐκ
796 2140 857 2196 τοῦ
884 2127 1002 2214 μένους
1028 2139 1088 2196 τοῦ
1115 2133 1212 2215 βασι-

201 2238 301 2301 λείου.
345 2233 402 2301 καλ
423 2234 460 2302 ἐν
482 2231 544 2320 μὲν
570 2243 616 2322 τῷ
641 2238 782 2320 παρόντι
804 2235 866 2302 οὐκ
887 2231 979 2323 εἰχον
1000 2234 1114 2312 αὐτοῖς
1135 2235 1154 2302 ὅ
1175 2259 1210 2302 τι

199 2342 387 2426 χρήσωνται
415 2341 451 2406 oc
476 2342 754 2426 Λακεδαιμόνιοι,
784 2339 925 2426 ὕστερον
952 2335 990 2408 δὲ
1018 2340 1063 2416 ὡς
1091 2344 1209 2426 πεντή-

200 2469 301 2532 κοντα
323 2448 430 2511 ἔτεσιν
447 2443 643 2532 Ἀρχίδαμος
664 2445 683 2511 ὁ
707 2443 914 2530 Ζευξιδάμου
936 2446 1210 2530 Λακεδαιμονίων

200 2553 354 2634 βασιλεὺς
376 2553 509 2637 εἰρήνης
531 2551 632 2634 οὔσης
650 2550 857 2637 ἐνεχείρησεν
878 2550 989 2616 αὐτῶν
1010 2555 1209 2636 καταλαβεῖν

161 2655 262 2740 ωτήν
278 2660 385 2723 πόλιν.
418 2656 535 2743 ἔπραξε
558 2653 596 2722 δὲ
617 2654 708 2722 ταῦτ’
734 2656 770 2722 ἐκ
793 2660 914 2742 Θηβῶν
937 2654 982 2722 δι’
1006 2657 1210 2744 Εάρυμάχου

200 2770 261 2827 τοῦ
283 2763 489 2829 Λεοντιάδου
516 2767 814 2848 βοιωταρχοῦντος,
843 2761 1047 2841 ἀνοιξάντων
1069 2763 1127 2839 τὰς
1148 2763 1209 2828 πύ-

201 2871 261 2943 λας
281 2874 339 2949 τής
356 2868 475 2944 νυκτὸς
491 2869 704 2933 Ναυκλείδου
722 2865 777 2933 καλ
799 2868 910 2933 ἄλλων
932 2879 1033 2933 τινων
1056 2864 1126 2952 μετ’
1151 2868 1209 2934 αὐ·

200 2982 272 3056 τοῦ,
294 2970 501 3038 πεισθέντων
522 2976 696 3059 χρήμασιν.
733 2975 928 3058 αἰσθόμενοι
951 2970 982 3037 δ’
1009 2972 1046 3039 οἰ
1064 2977 1208 3040 Πλαται-

201 3091 248 3157 είς
266 3080 365 3145 ἔνδον
382 3080 480 3156 ὄντας
497 3082 575 3156 τοὺς
590 3082 756 3164 Θηβαίους
771 3087 830 3162 τής
846 3080 965 3156 νυκτὸς
982 3076 1037 3144 καὶ
1056 3077 1209 3163 ἐξαπίνης

199 3185 313 3252 αὑτῶν
334 3186 395 3270 τήν
416 3188 516 3252 πόλιν
539 3184 576 3250 ἐν
598 3186 714 3271 εἰρήνη
736 3182 1006 3270 κατειλημμένην,
1028 3187 1209 3271 προσεβοή-

200 3298 289 3357 θουν
315 3287 371 3356 καλ
397 3287 492 3357 αὐτοὶ
518 3286 573 3355 καὶ
601 3289 845 3355 συνετάττοντο.
889 3287 944 3354 καλ
968 3289 1080 3374 ἐπειδὴ
1103 3287 1209 3375 ήμόρα

202 3395 329 3480 ἐγένετο
360 3394 416 3462 καὶ
448 3391 539 3460 εἰδον
566 3396 608 3462 οὐ
635 3398 780 3473 πολλοὺς
806 3397 904 3472 όντας
930 3397 1008 3471 τοὺς
1031 3399 1209 3480 Θηβαίους,

202 3500 285 3567 άλλά
314 3504 392 3578 τοὺς
420 3501 569 3584 πρώτους
599 3499 708 3566 αὐτῶν
734 3502 1001 3586 εἰσεληλυθότας·
1030 3499 1121 3587 ὕδωρ
1145 3497 1207 3586 γάρ
1217 3520 1282 3570 13⁷9
1306 3533 1307 3536 ¹
