2650 3918
530 192 720 248 ΕΡΩΤΙΚΟΣ.
1068 194 1132 258 347

120 351 378 429 ὑπεναντιώσεις
403 353 486 438 πρὸς
512 352 638 436 ἄλληλα
665 349 801 438 λαβούσ’
827 352 849 438 ἡ
878 355 958 441 τύχη
986 355 1069 439 πρὸς
1096 355 1134 421 τὸ

122 456 202 526 δέον
220 455 344 524 ἅπανθ’
362 454 601 543 ὁμολογούμεν’
618 456 800 544 ἀπέδωκεν,
818 460 927 548 ὥσπερ
945 458 1048 546 εύχὴν
1066 457 1135 524 ἐπι-

9 565 12 578 ’
121 568 280 649 τελοῦσα,
305 563 327 648 ἦ
352 565 561 650 παράδειγμα
587 576 656 642 τοῖς
682 566 794 642 ἀλλοις
820 565 992 646 ὑποδεῖξαι
1013 569 1135 651 βουλη-

120 676 240 754 θεῑσα,
263 666 334 736 ἀλλ’
361 669 403 739 ού
424 671 567 754 θνητὴν,
589 670 634 746 ὡς
656 677 796 755 είθιστο,
818 673 922 756 φύσιν
944 681 1134 739 συνιστᾶσα.

80 798 107 842 15
122 777 154 841 εί
174 771 237 860 μὲν
266 770 329 844 οὖν
358 767 432 844 οἷόν
453 773 481 841 τ’
508 771 552 860 ἣν
578 773 753 862 ἐφικέσθαι
779 784 826 864 τῷ
854 781 942 866 λόγφ
968 787 1029 844 τοῦ
1056 777 1134 844 κάλ-

121 886 203 959 λους
224 891 285 948 τοῦ
308 891 382 965 σού,
404 880 425 966 ἢ
447 876 536 948 τοῦτ’
562 875 606 964 ἦν
628 883 819 966 μόνοντῶν
842 892 911 947 σῶν
933 879 1135 967 ἀξιέπαινον,

121 983 223 1055 οὐδὲν
254 985 297 1052 ἀν
327 991 526 1072 παραλιπεῖν
558 983 696 1074 ᾠόμεθα
724 988 796 1052 δεῖν
828 985 1040 1064 ἐπαινοῦντες
1067 999 1134 1054 τῶν

7 1147 8 1188 3
109 1095 316 1180 προσόντων
339 1108 406 1159 σοι·
429 1101 494 1160 νῦν
517 1086 555 1157 δλ
578 1089 727 1176 δέδοικα,
754 1093 799 1176 μὴ
821 1096 905 1179 πρός
925 1115 959 1158 τε
981 1092 1022 1157 τὰ
1043 1091 1129 1158 λοίπ’

7 1213 8 1222 ’
68 1211 72 1219 ’
122 1198 316 1286 ἀπειρηκόσι
343 1199 544 1284 χρησώμεθα
569 1208 641 1274 τοῖς
667 1196 858 1284 ἀκροαταῖς,
885 1195 1037 1284 καὶπερὶ
1059 1200 1134 1265 τού-

81 1333 107 1376 ιι
121 1328 181 1374 τον
204 1305 311 1390 μάτην
333 1304 601 1390 τερθρευώμεθα.
640 1314 709 1380 πῶς
730 1304 794 1387 γάρ
817 1304 860 1370 ἀν
881 1326 931 1381 τις
953 1304 1134 1390 ὑπερβάλοι

120 1420 166 1500 τςό
196 1415 284 1499 λόγφ
314 1410 375 1496 τὴν
405 1410 468 1494 σὴν
498 1410 596 1493 ὅφιν,
624 1403 664 1494 ἧς
691 1405 768 1494 μηδ’
795 1407 935 1496 δτέχνη
961 1413 1134 1493 πεποίηται

120 1528 187 1584 τῶν
210 1519 318 1602 ἔργων
335 1526 405 1592 τοῖς
422 1513 570 1602 ἀρίστοις
587 1515 803 1601 δημιουργοῖς
825 1515 964 1581 δύναται
986 1515 1211 1602 ύπερτεῖ-ιιοο

118 1648 190 1702 ναις
215 1620 270 1688 καὶ
292 1623 488 1707 θαυμαστὸν
511 1618 625 1690 οὐδέν·
653 1622 695 1687 τὰ
717 1617 865 1707 μὲνγὰρ
888 1619 1044 1708 ἀκίνητον
1067 1624 1133 1708 ἔχει

120 1729 181 1812 την
212 1733 378 1815 θεωρίαν,
409 1724 486 1794 ὥστ’
516 1728 644 1812 όίδηλον
675 1721 761 1795 εἶναι
791 1730 827 1793 τί
849 1723 922 1794 ποτ’
953 1726 996 1794 δν
1027 1737 1134 1816 ψυχῆς

115 1838 323 1921 μετασχόντα
351 1836 490 1920 φανείη,
519 1841 583 1902 σοῦ
612 1829 649 1899 δὲ
675 1835 713 1899 τὸ
741 1842 799 1916 τῆς
824 1835 957 1918 γνώμης
982 1829 1067 1918 η’θος
1095 1834 1132 1900 ίν

119 1951 222 2009 πᾶσιν
236 1933 286 2018 οἷς
299 1951 404 2016 ποιεῖς
421 1940 568 2024 μεγάλην
590 1936 787 2025 εὐπρέπειαν
805 1937 978 2018 ἐπαυξάνει
999 1949 1053 2028 τῷ·
1069 1943 1133 2006 σώ-

121 2072 207 2133 ματι.
251 2044 327 2130 περὶ
356 2041 418 2131 μὲν
447 2039 510 2114 οὖν
539 2053 599 2112 τοῦ
628 2045 770 2124 κάλλους
798 2044 904 2110 πολλὰ
926 2047 1133 2131 παραλιπὼν,

118 2150 255 2221 τοσαῦτ’
281 2148 450 2218 ἐπαινέσαι
473 2152 547 2237 ἔχω.

79 2287 107 2330 ιτ
188 2255 274 2344 Περὶ
289 2253 327 2324 δὲ
339 2265 397 2339 της
410 2257 629 2343 σωφροσύνης
641 2257 818 2326 κάλλιστον
839 2253 901 2342 μὲν
914 2254 1002 2324 τοῦτ’
1025 2254 1128 2343 ἔχοιμ’

121 2363 164 2430 ἀν
190 2365 314 2447 εἰπεῖν,
346 2361 397 2429 ότι
422 2370 480 2446 τῆς
507 2361 636 2446 ἡλικίας
664 2371 722 2446 τῆς
750 2365 903 2447 τοιαύτης
931 2363 1133 2447 εὐδιαβόλως

119 2469 269 2557 ἐχούσης,
293 2465 348 2537 σοὶ
369 2472 496 2552 μᾶλλον
520 2466 728 2537 ἐπαινεῖσθαι
751 2467 967 2553 συμβέβηκεν.
1004 2469 1131 2555 οὐγὰρ

121 2579 226 2662 μόνον
249 2571 350 2642 οὐδὲν
373 2573 625 2660 ἐξαμαρτάνειν,
655 2571 816 2640 ἀλλὰκαὶ
839 2575 1089 2660 φρονιμώτερον
1110 2573 1131 2660 ἢ

119 2683 200 2752 κατὰ
227 2682 289 2767 τὴν
316 2681 407 2768 ώραν
435 2682 491 2763 ξῆν
518 2677 713 2766 προῄρησαι.
758 2677 813 2746 καὶ
835 2681 955 2746 τούτου
977 2677 1132 2765 μέγιστον

120 2791 295 2876 τεκμήριον
312 2787 335 2872 η
352 2788 436 2874 πρὸς
451 2789 530 2863 τοὺς
548 2784 748 2871 ἀνθρώπους
766 2786 893 2870 ὁμιλία·
916 2791 1049 2852 πολλῶν
1066 2789 1130 2874 γὰρ

121 2890 390 2981 ἐντυγχανόντων
420 2909 474 2960 σοι
505 2890 560 2958 καὶ
588 2892 800 2969 παντοδαπὰς
829 2893 946 2977 φύσεις
975 2892 1130 2979 ἐχόντων,

122 2999 169 3064 ἔτι
199 2995 236 3063 δὲ
264 2996 524 3084 προσαγομένων
553 2995 708 3064 ἁπάντων
735 2995 789 3063 ἐπὶ
815 2999 874 3074 τὰς
902 2995 1028 3064 ἑαυτῶν
1050 3014 1130 3064 συν-

122 3106 248 3188 ηθείας,
268 3103 354 3170 οὕτω
372 3109 480 3182 καλῶς
497 3102 658 3191 προέστης
674 3113 741 3169 τῶν
758 3104 930 3189 τοιούτων,
948 3104 1030 3170 ώστε
1048 3103 1130 3169 πάν·

83 3238 109 3278 ιε
121 3233 177 3288 τας
198 3210 260 3294 την
282 3211 364 3295 πρὸς
385 3206 422 3276 σὲ
444 3214 560 3296 φιλίαν
582 3210 788 3295 ἠγαπηκότας
811 3210 906 3296 ἔχειν.
951 3209 970 3275 δ
993 3220 1129 3294 σημεῖον

121 3327 187 3382 τών
219 3312 362 3394 ἐνδόξως
396 3312 451 3382 καὶ
487 3317 733 3402 φιλανθρώπως
765 3317 822 3398 ξῆν
856 3313 1129 3401 προαιρουμένων

122 3418 219 3488 ἐστίν.
264 3423 371 3486 καίτοι
397 3415 484 3498 τινές
505 3420 733 3506 ηὐδοκίμησαν
754 3421 818 3505 ἤδη
841 3431 908 3486 τῶν
926 3443 960 3485 τε
984 3423 1129 3504 συμβου·

122 3526 329 3612 λευσάντων,
365 3525 410 3604 ὡς
445 3525 487 3590 οὐ
516 3529 579 3612 χρὴ
610 3527 668 3604 τάς
698 3535 765 3592 τῶν
800 3526 968 3610 τυχόντων
1000 3524 1129 3606 ὁμιλίας
