2656 3926
488 195 680 246 ΕΠΙΣΤΟΔΗ
697 195 743 248 IV.
762 196 795 250 V.
1078 189 1144 256 425

84 370 112 408 12
137 349 262 436 άφελῆς
283 350 338 418 καί
360 355 543 439 παρρησίας
565 356 698 438 μεστὸς,
720 354 762 421 οὐ
782 357 929 420 παύεται.
973 351 1029 418 καί
1051 347 1140 418 ταῦτ’

137 457 200 523 οὐκ
223 457 265 523 ἂν
287 461 431 544 ἔγραψα,
460 461 493 524 εί
519 461 563 544 μῆ
593 470 726 546 κινῆσαι
754 462 815 545 τῆν
842 459 879 526 ἐν
904 459 986 545 ὑμῖν
1012 461 1145 544 μνήμην

135 575 204 628 τῶν
226 568 420 649 προσόντων
443 565 531 654 αὐτῷ
551 577 660 632 κακῶν
679 566 874 650 ἐβουλόμην.
919 565 1021 652 δγδιρ
1039 567 1144 630 εἰπεῖν

136 671 180 734 ἄν
198 693 248 746 τις
265 669 402 755 ὀκνῆσαι
419 669 474 736 καί
493 671 617 757 γράψαι
634 669 805 756 φυλάξαιτ’
832 670 886 755 άν,
907 667 999 755 οἶμαι
1022 666 1059 736 δὲ
1081 669 1144 734 κάν

137 773 324 842 ἀκούσαντα
337 778 549 863 δυσχερᾶναι,
561 775 651 845 ταῦτ’
665 777 729 843 ἀπὸ
743 779 870 844 τούτων
879 775 1039 861 μνησθεὶς
1052 772 1145 842 οἶδεν

136 879 272 958 ἕκαστος
288 882 383 967 ὑμῶν
400 884 508 949 πολλὰ
525 881 581 949 καὶ
600 884 693 949 δεινά
710 882 765 950 καί
783 883 902 970 αἰσχρὰ
918 883 1025 972 τούτῳ
1042 899 1144 967 προσ-

136 989 228 1070 όντα,
248 986 325 1053 ὥστ’
344 987 420 1072 ἐμοί
439 1011 473 1054 τε
493 985 596 1072 μηδὲν
616 985 749 1068 ἀναιδὲς
767 991 933 1073 εἰρῆσθαι,
951 986 1007 1053 καὶ
1024 997 1143 1055 τοῦτον

134 1091 314 1178 ὑπόμνημα
343 1105 410 1160 τῶν
444 1092 564 1162 ἑαυτοῦ
597 1107 708 1162 κακῶν
741 1093 891 1181 ὀφθέντα
918 1103 1020 1160 πᾶσιν
1049 1089 1143 1158 εἶναι.

135 1198 309 1284 εὐτυχεῖτε.

536 1327 744 1338 -ιι--ι--ιι

617 1503 655 1565 E.

333 1639 475 1716 ΠΡΟΣ
501 1639 947 1717 ΗΡΑΚΛΕΟΔΩΡΟΝ.

222 1792 477 1847 monam:
494 1793 779 1846 Ηεοπλποοωεωι
796 1794 847 1846 εν
864 1793 1053 1846 mmm.

204 1933 288 1999 οὕθ’
317 1934 405 2012 ὅπως
427 1937 489 2021 χρῆ
507 1937 674 2001 πιστεύειν
693 1927 743 2013 οἷς
760 1935 946 2019 ἀπήγγελλέ
961 1957 1017 2018 μοι
1034 1938 1143 2000 Μενε-

135 2042 267 2126 κράτης,
290 2037 366 2104 οὔθ’
395 2039 483 2116 ὅπως
510 2039 660 2104 άπιστεῖν
688 2043 760 2125 ἔχω.
807 2044 869 2125 ἔφη
892 2042 955 2125 γὰρ
975 2037 1143 2122 Ἐπίτιμον

137 2147 344 2229 ἐνδεδεῖχθαι
366 2139 428 2228 μὲν
450 2143 505 2209 καί
526 2144 674 2230 ἀπῆχθαι
697 2142 752 2210 ὑπ’
770 2141 922 2230 Ἀράτου,
944 2141 981 2210 σὲ
1005 2141 1035 2208 δ’
1058 2144 1143 2227 άγω-

136 2256 285 2331 νίζεσθαι
308 2250 363 2316 καὶ
386 2250 540 2317 ἁπάντων
568 2252 656 2340 αὐτῷ
680 2253 909 2338 χαλεπώτατον
932 2248 1026 2318 εἶναι.
1071 2249 1142 2317 δέο-
1153 2265 1220 2316 1490

137 2384 194 2444 μαι
217 2360 259 2442 δή
283 2375 344 2424 σου
367 2369 449 2444 προς
471 2359 556 2435 Διὸς
582 2356 692 2436 ξενίου
721 2356 777 2424 καλ
799 2358 932 2425 πάντων
953 2369 1020 2424 τῶν
1041 2364 1144 2441 θεῶν,

111 2469 181 2551 ιμῆ
196 2489 234 2548 με
253 2467 455 2550 καταστήσῃς
472 2462 569 2547 άηδεῑ
585 2462 641 2529 καὶ
658 2465 757 2552 δεινςό
776 2463 894 2549 μηδενὶ
911 2472 1076 2550 περιπετῆ.
1105 2458 1144 2528 εὖ

136 2574 199 2658 γὰρ
219 2578 307 2654 ίσθι,
334 2568 433 2656 χωρὶς
459 2580 519 2636 τοῦ
547 2567 659 2654 μέλειν
686 2593 743 2653 μοι
770 2578 827 2653 τῆς
845 2567 1014 2653 Ἐπιτίμου
1042 2586 1144 2652 σωτη-

137 2683 219 2764 ρίας,
242 2675 297 2744 καί
320 2678 454 2760 νομίσαι
481 2676 628 2760 μεγάλην
655 2674 697 2741 δν
720 2675 911 2760 συμφοράν,
934 2681 969 2740 εί
986 2698 1018 2741 τι
1039 2674 1143 2740 πάθοι

137 2784 192 2850 καὶ
215 2786 334 2850 τούτου
357 2785 400 2847 σὺ
423 2785 592 2858 συναίτιος
613 2787 693 2866 είης,
716 2781 914 2867 αἰσχύνομαι
935 2783 1013 2857 τοὺς
1035 2798 1143 2845 συνει-

139 2891 234 2966 δότας
256 2913 313 2974 μοι
335 2889 414 2965 τοὺς
435 2891 566 2970 λόγους,
589 2887 647 2963 οὓς
670 2886 733 2969 ἐγὼ
756 2885 831 2972 περὶ
854 2895 916 2952 σοῦ
937 2888 1019 2970 πρὸς
1042 2887 1144 2951 ἅπαν-

138 3018 194 3070 τας
207 2993 406 3081 ἀνθρώπους
424 2996 551 3077 ἔλεγον,
570 2994 731 3070 πεπεικὼς
745 2991 887 3078 ἐμαυτὸν
901 2991 1010 3076 ἀληθῆ
1024 2990 1144 3076 λέγειν,

113 3099 200 3166 τούκ
222 3099 258 3164 ἐκ
280 3109 339 3165 τοῦ
360 3096 615 3184 πεπλησιακέναι
636 3115 688 3165 σοι
705 3110 823 3184 πεῖραν
842 3102 938 3184 ἔχων,
961 3095 1032 3162 ἀλλ’
1055 3099 1142 3182 ὁρῶν

139 3205 188 3272 ὅτι
220 3203 317 3288 δόξης
348 3205 572 3292 ἐπιτυγχάνων
603 3203 657 3270 καί
693 3207 846 3272 παιδείαν
878 3202 1058 3289 ἀπεδέχου,
1088 3201 1142 3267 καὶ

109 3371 112 3380 .
139 3321 238 3378 ταῦτα
256 3312 317 3394 τῆν
336 3309 399 3376 ἀπὸ
418 3320 474 3395 τῆς
492 3310 673 3387 Πλάτωνος
691 3313 872 3397 διατριβῆς,
889 3309 972 3394 ῆπερ
992 3305 1081 3375 ἐστὶν
1100 3309 1143 3384 ὡς

139 3419 270 3503 άληθῶς
292 3426 358 3481 τῶν
382 3412 443 3500 μὲν
469 3415 758 3500 πλεονεκτημάτων
780 3415 835 3482 καὶ
859 3426 926 3481 τῶν
946 3411 1021 3499 περὶ
1042 3421 1143 3478 ταῦτα

139 3523 350 3609 σοφισμάτων
368 3521 441 3606 ἔξω,
462 3531 521 3586 τοῦ
539 3523 710 3605 βελτίστου
729 3517 767 3586 δὲ
784 3517 839 3585 καί
856 3529 916 3585 τοῦ
935 3516 1141 3582 δικαιοτάτου
