2654 3926
436 115 536 166 ΠΡΟΣ
554 115 803 170 MAKAPTATON.
1083 114 1123 179 31
1175 128 1179 136 =

64 271 252 358 ιιἉγνίου.
298 282 400 340 ταῦτα
429 274 517 362 αὐτῷ
550 274 643 358 ὑμεῖς
671 271 696 340 ὦ
722 275 840 360 ἄνδρες
870 274 1019 341 δικασταὶ
1045 275 1126 343 ὑπο-

103 380 313 464 λαμβάνετε,
344 378 399 445 τιαὶ
431 380 481 445 δτι
512 382 571 446 τὸν
602 382 704 445 παῖδα
735 378 868 447 τουτονὶ
900 381 1126 466 Εὐβουλίδην,

102 488 167 552 τὸν
191 487 409 571 Εὐβουλίδου
433 487 526 569 υίόν,
548 482 683 569 Ἁγνίου
707 483 753 570 δ’,
777 481 817 552 οὐ
841 485 930 551 ἐστιν
954 486 971 551 ὁ
995 491 1125 574 κλῆρος,

105 591 254 671 ἀνεψιοῦ
273 594 376 657 παῖδα
395 593 477 677 πρὸς
494 594 627 676 πατρός,
640 591 722 656 ὀὐτε
742 594 936 676 Θεόπομπος
955 592 1125 677 ὁΜακαρ-

105 698 211 763 τάτου
231 699 336 783 πατὴρ
356 693 427 762 οὐτ’
450 698 549 772 ἄλλος
568 693 678 773 οὐδεὶς
695 698 825 761 πώποτε
849 695 1037 780 ἀνθρώπων
1060 695 1125 762 ένί-

105 820 222 886 ιιησεν.
267 801 346 868 νυνὶ
374 798 404 866 δ’
432 799 522 867 ἐστὶν
549 802 567 868 ὁ
595 801 687 884 άγδον
718 801 773 867 καὶ
795 801 816 884 ἡ
840 803 1029 867 διαδικασία
1050 801 1125 886 περὶ

106 919 170 975 τοῦ
197 909 324 993 κληρου
354 917 414 974 τοῦ
436 904 572 990 Ἁγνίου
599 916 644 995 τῷ
668 907 882 991 Εὐβουλίδου
911 908 980 972 υίελ
1006 907 1126 997 τουτῳὶ

108 1012 166 1078 καὶ
187 1013 400 1101 Μακαρτάτῳ
421 1011 542 1101 τουτῳὶ
569 1020 614 1100 τῷ
640 1015 838 1097 Θεοπόμπου
861 1013 943 1078 νίεί·
971 1012 1025 1079 καὶ
1048 1013 1124 1080 ὁπό-

109 1144 206 1204 τερος
235 1120 363 1184 τούτων
393 1120 582 1204 δικαιότερα
611 1117 720 1202 λέγειν
749 1117 837 1196 δόξει
864 1116 919 1183 καὶ
946 1120 1027 1184 κατὰ
1049 1123 1126 1196 τούς

110 1210 238 1310 νόμους
270 1229 407 1309 μᾶλλον,
439 1225 543 1307 δῆλον
572 1224 624 1289 ὅτι
655 1225 762 1312 τούτῳ
792 1223 886 1308 ὑμεῖς
914 1225 950 1288 οί
977 1223 1126 1289 δικασταὶ

77 1359 99 1398 ω
111 1334 358 1417 προσθήσεσθε.
396 1327 640 1414 Ἁναγίγνωσκε
669 1331 726 1406 τὰς
755 1333 936 1416 μαρτυρίας
961 1331 1019 1406 τδς
1045 1329 1125 1396 ὐπο-

112 1441 268 1520 λοίπους,
297 1447 428 1522 πρῶτον
456 1431 516 1520 μὲν
546 1421 597 1501 ὁτι
619 1436 639 1520 η
665 1435 847 1521 Φυλομάχη
870 1435 890 1519 ἡ
914 1445 973 1502 τοῦ
991 1434 1126 1519 Ἁγνίου

112 1543 210 1628 τηθὶς
232 1543 358 1628 ἀδελφὴ
387 1537 431 1626 ἦν
461 1541 645 1628 ὁμοπατρία
667 1539 723 1607 καὶ
746 1542 929 1627 ὁμομητρία
951 1550 996 1629 τῷ
1020 1540 1126 1606 Πολέ-

114 1675 200 1734 μωνι
217 1658 264 1736 τῷ
283 1646 418 1732 Ἁγνίου
436 1651 550 1732 πατρί·
575 1650 684 1713 ἔπειτα
702 1648 759 1724 τὰς
776 1648 877 1724 άλλας
899 1635 1034 1724 ἁπάσας
1047 1647 1126 1713 ἀνα-

114 1759 277 1840 γνώσεται
298 1755 356 1832 τδς
377 1751 453 1840 περὶ
474 1762 535 1819 τοῦ
557 1751 683 1837 γένους.

519 1946 723 1998 ΜΑΡΤΤΡΙΑΙ.

227 2079 428 2157 Μαρτνροῦσι
456 2073 580 2154 δημόται
602 2067 678 2134 εἶναι
704 2074 840 2160 Φιλάγρῳ
871 2079 911 2161 τῷ
934 2073 1125 2154 Εὐβουλίδου

160 2173 247 2253 πατρί
273 2172 324 2234 ναὶ
350 2170 509 2252 Πολέμωνι
535 2175 583 2256 τῷ
601 2169 688 2250 πατρὶ
714 2175 755 2256 τῷ
775 2167 913 2253 Ἁγνίου,
940 2170 990 2232 καὶ
1017 2169 1126 2232 εἰδέναι

163 2271 345 2350 Φυλομάχην
359 2268 413 2347 τὴν
432 2265 540 2348 μητέρα
557 2265 612 2345 την
625 2266 815 2346 Εὐβουλίδου
834 2265 1030 2347 νομιζομένην
1043 2267 1126 2330 άδελ-

161 2367 225 2448 φην
244 2361 320 2429 εἶναι
338 2365 517 2446 Πολέμωνος
535 2372 588 2425 τού
606 2362 714 2443 πατρὸς
732 2372 785 2425 τοῦ
802 2359 923 2446 Ἁγνίου
946 2361 1126 2445 ὁμοπατρίαν

160 2464 211 2527 καὶ
233 2461 424 2544 ὁμομητρίαν,
446 2461 496 2523 καὶ
514 2458 641 2541 μηδενὸς
663 2456 777 2523 πώποτ’
802 2459 929 2524 ἀκοῦσαι
952 2457 992 2535 ὡς
1012 2461 1126 2544 γένοιτο
1138 2471 1203 2522 1061

162 2558 292 2639 ἀδελφὸς
315 2557 471 2638 Πολέμωνι
494 2561 534 2643 τῷ
551 2553 681 2639 Ἁγνίου.

567 2749 679 2798 ΑΛΛΗ.

231 2864 447 2940 Μαρτυρούσιν
465 2859 635 2937 Οἰνάνθην,
658 2856 713 2936 την
731 2857 839 2940 μητέρα
857 2869 909 2922 τοῦ
927 2865 1050 2923 πάππου
1073 2869 1126 2923 τοῦ

163 2957 276 3020 ἑαυτῶν
293 2958 510 3037 Στρατωνίδου,
533 2953 663 3034 ἀνεψιὰν
683 2949 760 3017 εἶναι
777 2955 810 3018 ἐν
830 2957 1045 3037 πατραδέλφων
1063 2961 1126 3020 Πο-

164 3053 271 3136 λέμωνι
288 3058 329 3139 τῷ
346 3052 433 3133 πατρὶ
452 3056 491 3138 τῷ
509 3047 640 3133 Ἁγνίου,
658 3051 706 3113 καί
726 3049 847 3116 άαούειν
868 3063 921 3117 τοῦ
943 3054 1051 3136 πατρὸς
1074 3064 1127 3118 τοῦ

165 3151 292 3230 ἑαυτῶν,
322 3151 366 3213 ὁτι
392 3145 550 3228 Πολέμωνι
576 3147 704 3226 ἀδελφὸς
732 3149 830 3224 οὐδεὶς
856 3150 970 3233 γένοιτο
999 3151 1127 3232 πώποτε,

165 3253 203 3336 τῷ
228 3248 316 3331 πατρί
342 3252 382 3333 τῷ
404 3243 540 3328 Ἁγνίου,
567 3245 682 3325 ἀδελφὴ
712 3245 743 3309 δὲ
773 3249 934 3329 Φυλομάχη
965 3246 1127 3328 ὁμοπατρία

166 3346 213 3409 καί
235 3345 411 3429 ὁμομητρία,
437 3341 458 3423 ἡ
482 3343 576 3425 μήτηρ
598 3341 618 3423 ἡ
642 3343 836 3425 Εὐβουλίδου
863 3353 917 3408 τοῦ
944 3344 1052 3427 πατρὸς
1074 3354 1127 3407 τοῦ

169 3444 344 3526 Φυλομάχης
365 3452 417 3524 τῆς
441 3441 600 3506 Σωσιθέου
622 3443 770 3526 γυναικός.
