2658 3922
207 235 281 300 214*
526 234 597 287 LIV.
619 232 897 285 ΔΗιιοεοωαονε

206 401 340 479 νήσθαι.
388 399 500 478 οίομαι
529 389 561 458 δ’
585 393 681 476 ὑμῶν
710 389 820 469 ένίους
846 391 1048 476 θαυμάζειν,
1080 393 1115 456 τί
1140 388 1214 457 ποτ’

207 499 298 566 ἐστίν
321 499 342 564 ἃ
364 500 447 583 πρὸς
467 507 569 564 ταῦτα
587 498 743 581 τολμήσει
760 498 882 562 Κόνων
900 494 1019 580 λέγειν.
1053 496 1219 582 βούλομαι

208 608 250 691 δή
273 615 443 692 προειπεῖν
465 603 559 689 ὑμῖν,
580 603 603 669 ἃ
625 603 689 686 ἐγὼ
710 600 878 687 πέπυσμαι
900 601 1009 687 λέγειν
1031 601 1133 668 αὐτὸν
1155 623 1219 668 πα-

208 711 445 797 ρεσκευάσθαι,
472 709 536 776 άπὸ
564 717 621 793 τῆς
647 708 775 793 ύβρεως
801 705 857 774 καὶ
883 719 950 773 τῶν
977 705 1219 794 πεπραγμένων

207 819 246 882 τὸ
272 814 396 903 πρᾶγμ’
421 812 533 900 ἄγοντ’
558 817 606 892 εἰς
632 815 758 898 γέλωτα
784 812 839 880 καὶ
866 811 1033 899 σκώμματ’
1063 813 1220 899 ἐμβαλεῖν

169 943 196 982 ιι
208 923 442 1008 πειράσεσθαι,
466 919 522 987 καί
549 920 637 1005 έρείν
665 920 710 997 ὡς
736 917 822 985 είσίν
848 918 885 986 έν
907 928 946 1004 τῇ
968 921 1063 985 πόλει
1086 918 1219 1004 πολλοὶ,

99 1046 102 1050 ’
208 1032 319 1094 καλῶν
337 1027 496 1112 κάγαθῶν
514 1025 648 1112 ἀνδρῶν
665 1025 760 1109 υίείς,
783 1029 819 1091 οἳ
832 1029 1001 1105 παίζοντες
1018 1015 1063 1090 οἷ’
1086 1025 1221 1112 άνθρω-

207 1154 265 1198 ποι
286 1131 358 1199 νέοι
381 1136 497 1218 σφίσιν
520 1131 633 1208 αὐτοῖς
653 1130 839 1215 έπωνυμίας
859 1135 1064 1216 πεποίηνται,
1084 1127 1142 1196 καὶ
1161 1153 1221 1196 κα-

208 1245 305 1306 λοῦσι
331 1241 408 1315 τοὺς
434 1233 496 1323 μὲν
527 1237 753 1322 ἰθυφάλλους,
783 1238 861 1313 τοὺς
895 1231 926 1302 δ’
958 1237 1222 1321 αὐτοληκύθους,

208 1343 309 1430 έρῶσι
341 1339 371 1408 δ’
398 1341 434 1408 έκ
465 1343 593 1408 τούτων
625 1339 765 1428 ἑταιρῶν
795 1339 901 1425 τινές,
930 1339 986 1410 καί
1013 1343 1055 1426 δή
1082 1340 1139 1409 καὶ
1159 1344 1221 1408 τὸν

207 1451 284 1516 υἰὸν
307 1449 366 1514 τὸν
389 1445 509 1513 ἑαυτοῦ
531 1442 618 1513 εἶναι
641 1448 768 1514 τούτων
791 1446 866 1532 ἕνα,
888 1444 944 1514 καί
965 1447 1123 1525 πολλάκις
1144 1447 1220 1535 περὶ

209 1551 338 1639 ἑταίρας
355 1551 411 1618 καί
427 1551 598 1637 εἰληφέναι
615 1551 673 1619 καί
691 1551 872 1619 δεδωκέναι
893 1553 1031 1638 πληγάς,
1052 1551 1109 1621 καί
1124 1550 1217 1620 ταῦτ’

208 1653 295 1724 εἶναι
325 1656 412 1723 νέων
443 1655 641 1742 ἀνθρώπων.
684 1656 770 1741 ἡμᾶς
796 1654 834 1723 δὲ
860 1658 984 1736 πάντας
1013 1661 1091 1736 τοὺς
1123 1657 1220 1726 ἀδελ-

209 1765 295 1848 φοὺς
315 1765 496 1847 παροίνους
518 1761 579 1847 μέν
600 1787 693 1840 τινας
714 1761 771 1829 καὶ
791 1763 951 1852 ὑβριστὰς
972 1765 1222 1850 κατασκευάσει,

171 1890 197 1932 ω
210 1867 405 1952 ἀγνώμονας
431 1863 469 1932 δὲ
495 1866 551 1933 καὶ
577 1869 723 1955 πικρούς.
764 1868 829 1953 έγὼ
858 1866 889 1935 δ’
921 1865 948 1936 ὦ
980 1870 1099 1956 ἄνδρες
1129 1872 1221 1938 δικα-

210 1971 284 2038 σταί
309 1977 457 2059 χαλεπῶς
483 1971 533 2059 ἐφ’
561 1965 612 2052 οἷς
636 1972 791 2040 πέπονθα
817 1973 998 2061 ἐνηνοχώς,
1029 1974 1091 2062 οὐχ
1120 1971 1222 2061 ἦττον

209 2074 303 2152 τοῦτ’,
324 2076 579 2164 ἀγανακτήσαιμ’
607 2078 650 2146 δν
676 2078 733 2146 καὶ
758 2080 962 2168 ὑβρισθῆναι
984 2078 1168 2168 νομίσαιμ’,
1189 2084 1224 2150 εἰ
1323 2105 1324 2112 “

210 2176 284 2251 οἷόν
309 2181 337 2248 τ’
364 2185 487 2268 εἰπεῖν,
517 2187 550 2250 εἰ
578 2181 671 2250 ταῦτ’
700 2184 811 2269 άληθή
843 2184 932 2263 δόξει
959 2188 1080 2254 Κόνων
1107 2187 1223 2255 ούτοσλ
1319 2263 1323 2296 4

209 2289 319 2375 λέγειν
341 2287 416 2374 περὶ
438 2290 548 2375 ἡμῶν,
570 2288 626 2356 καὶ
647 2292 790 2376 τοσαύτη
817 2313 867 2368 τις
893 2292 1011 2374 άγνοια
1036 2290 1114 2379 παρ’
1139 2293 1222 2379 ὑμῖν

211 2397 314 2482 ἐστιν,
336 2393 435 2480 ὥσθ’,
458 2396 571 2473 ὁποῖος
589 2397 632 2462 άν
649 2420 699 2475 τις
718 2396 853 2474 ἕκαστος
870 2393 957 2463 εἰναι
974 2407 1033 2484 φῇ,
1055 2396 1077 2483 ή
1099 2399 1118 2466 δ
1139 2405 1223 2484 πλη·
1232 2421 1297 2472 ιεοε

211 2506 285 2568 σίον
308 2502 412 2569 αὐτὸν
433 2502 629 2587 αἰτιάσηται,
651 2513 801 2579 τοιοῦτος
821 2504 1075 2588 νομισθήσεται,
1102 2514 1162 2571 τού
1184 2502 1224 2572 δὲ

210 2605 287 2673 καθ’
309 2607 435 2693 ἡμέραν
457 2611 535 2693 βίου
557 2605 697 2674 καὶτῶν
716 2608 981 2693 ἐπιτηδευμάτων
1004 2607 1080 2693 μηδ’
1107 2610 1223 2678 ὁτιοῦν

173 2735 198 2775 ω
212 2715 301 2777 ἔσται
332 2724 401 2789 τοῖς
432 2717 576 2798 μετρίοις
607 2715 735 2799 όφελος.
780 2713 873 2798 ήμείς
904 2715 967 2801 γάρ
999 2715 1076 2782 οὔτε
1106 2736 1224 2800 παροι-

211 2828 347 2894 νούντες
364 2815 441 2884 οὐθ’
463 2819 652 2904 ὑβρίζοντες
669 2816 726 2884 ὑπ’
747 2819 885 2896 οὐδενὸς
908 2818 1097 2906 ἀνθρώπων
1119 2819 1224 2907 ἑωρά-

212 2930 314 3008 μεθα,
342 2920 410 2989 οὔτ’
439 2925 594 3008 άγνωμον
622 2921 723 2991 οὐδὲν
749 2925 923 3010 ήγούμεθα
948 2938 1072 3012 ποιεῖν,
1094 2929 1126 2992 εἰ
1145 2926 1225 3012 περὶ

212 3024 259 3096 ὧν
276 3026 452 3114 ἠδικήμεθ’
470 3028 627 3114 ἀξιοῦμεν
645 3031 726 3096 κατὰ
744 3033 822 3107 τοὺς
839 3034 964 3115 νόμους
983 3033 1079 3115 δίκην
1097 3036 1222 3118 λαβεῖν.

213 3135 411 3221 ἰθυφάλλοις
442 3131 480 3200 δδ
511 3134 566 3201 καὶ
598 3136 840 3221 αὐτοληκύθοις
871 3147 1108 3224 συγχωροῦμεν
1135 3134 1224 3205 εἶναι

211 3252 279 3319 τοίς
301 3240 388 3308 υίέσι
410 3252 478 3318 τοίς
499 3243 637 3326 τούτου,
664 3240 720 3309 καὶ
748 3239 844 3327 ἔγωγ’
870 3244 1008 3330 εύγομαι
1033 3254 1103 3321 τοίς
1128 3250 1224 3322 θεοῖς

212 3351 260 3426 εἰς
276 3351 420 3414 Κόνωνα
442 3345 497 3412 καὶ
518 3350 596 3425 τοὺς
617 3349 701 3424 υἰεῑς
723 3351 800 3426 τοὺς
821 3350 942 3418 τούτου
964 3347 1020 3416 καὶ
1042 3359 1144 3416 ταῦτα
1166 3351 1223 3416 καὶ

174 3472 198 3513 ιι
211 3455 251 3520 τὰ
283 3450 414 3522 τοιαῦθ’
449 3453 576 3518 ἅπαντα
611 3452 797 3540 τρέπεσθαι.
847 3450 941 3522 οὗτοι
975 3456 1038 3540 γάρ
1071 3457 1157 3521 εἰσιν
1189 3457 1227 3523 οί

212 3565 382 3637 τελοῦντες
399 3557 561 3643 ἀλλήλους
579 3567 624 3647 τῷ
645 3559 832 3648 ἰθυφάλλῳ,
854 3559 909 3626 καὶ
927 3570 1063 3626 τοιαῦτα
1083 3569 1222 3627 ποιοῦν-
