2654 3926
453 186 552 238 ΠΡΟΣ
570 187 819 240 MAKAPTATON.
1093 182 1136 248 23

135 345 344 428 καταβάλλειν
366 346 521 430 βούλεται
543 356 603 412 τοῦ
630 347 755 431 κλήρου
776 357 838 412 τοῦ
855 344 991 430 Ἁγνίου
1012 344 1033 429 ή
1055 345 1136 410 κατὰ

133 447 225 532 γένος
240 450 260 534 ή
278 451 360 516 κατά
384 453 555 535 διαθήκας,
578 451 639 516 οὐκ
663 450 819 536 ἐτόλμησε
841 455 1137 537 παρακαταβαλεῖν,

135 553 202 621 ἀλλ’
227 556 324 634 αὐτὸς
346 554 450 646 ἑαυτῷ
473 556 625 624 ἐδίκασεν
644 557 694 622 ὅτι
713 558 903 642 οὐδαμόθεν
926 557 1013 645 αὐτῷ
1036 572 1137 642 προσ-

106 671 208 746 δήκεν
229 658 332 728 οὐδὲν
353 672 415 728 τοῦ
441 665 565 748 κλήρου
587 671 647 728 τοῦ
669 660 813 745 Ἁγνίου.
856 661 994 748 ἐχούσης
1021 659 1058 728 δὲ
1080 672 1137 747 τῆς

137 769 249 852 μητρὸς
270 777 330 834 τοῦ
352 769 471 845 παιδὸς
492 766 627 834 τουτουί
650 770 709 834 τὸν
731 773 871 854 κλήρου,
894 767 1006 853 έπειδή
1029 767 1136 853 ἐνίκη·

136 889 187 939 σεν
208 873 245 938 έν
267 882 312 960 τῷ
337 874 535 963 δικαστηρίῳ
560 874 705 950 ἅπαντας
726 877 805 950 τοὺς
827 873 1136 960 ἀμφισβητήσαντας

19 995 21 1070 η
135 977 237 1064 ἑαυτή,
259 979 364 1055 οὕτως
386 978 450 1046 είσῖ
472 978 585 1065 μιαροὶ
608 975 716 1063 οὗτοι,
743 978 797 1045 καί
825 980 886 1046 οάκ
915 987 1041 1046 οῖονται
1064 981 1136 1046 δεῖν

19 1071 20 1112 δ
133 1085 202 1150 οὔτε
228 1095 298 1162 τοῖς
324 1087 440 1169 νόμοις
471 1097 540 1162 τοῖς
565 1083 735 1170 ὑμετέροις
761 1090 940 1151 πείθεσθαι
967 1087 1042 1152 οὔτε
1068 1097 1136 1163 τοῖς
1147 1100 1214 1152 ιοῖε

131 1197 328 1273 γνωσθεῖσιν
362 1190 399 1256 έν
430 1200 475 1279 τῳ
509 1193 708 1279 δικαστηρίῳ
715 1240 726 1275 ,
762 1189 846 1257 ἀλλά
876 1192 982 1256 πάντα
1013 1194 1135 1276 τρόπον

131 1295 367 1383 ἐπιχειροῦντες
393 1294 575 1382 ἀφελέσθαι
601 1297 702 1362 πάλιν
729 1298 790 1381 τήν
817 1307 957 1380 γυναῖκα
979 1297 1038 1362 τὸν
1059 1301 1136 1380 κλή-

107 1415 188 1488 7ρον
220 1403 260 1469 δν
291 1407 386 1491 ὑμεῖς
421 1403 502 1488 αὐτῇ
540 1401 769 1487 ἐψηφίσασθε,
804 1405 1047 1486 συνομόσαντες
1081 1399 1136 1467 καὶ

129 1512 297 1594 συνθήκας
323 1508 508 1595 γράψαντες
534 1510 616 1594 πρὸς
647 1508 810 1592 ἀλλήλους
836 1506 892 1574 καὶ
917 1507 1135 1592 καταθέμενοι

127 1615 212 1700 παρὰ
233 1617 376 1704 Μηδείῳ
394 1612 591 1702 Ἁγνουσίῳ,
617 1616 811 1698 Θεόπομπος
833 1614 852 1680 ὁ
874 1612 1008 1681 τουτουὶ
1030 1615 1135 1699 πατὴρ

127 1722 350 1806 Μακαρτάτου
372 1717 427 1786 καί
450 1720 612 1785 Γλαύκων
634 1717 690 1785 καὶ
712 1722 861 1796 Γλαῦκος
882 1719 901 1785 ὁ
923 1717 1075 1804 ἡττηθεὶς
1095 1721 1134 1786 τὸ

126 1829 304 1912 πρότερον,
332 1823 389 1892 καὶ
420 1823 533 1910 ἕτερόν
558 1846 636 1890 τινα
665 1836 732 1892 τῶν
762 1825 954 1910 ἐπιτηδείων
980 1823 1134 1911 τέταρτον

125 1936 369 2019 προσλαβόντες
382 1928 591 2018 (Εάπόλεμος
604 1925 646 2014 ήν
665 1931 753 2018 αὐτῷ
773 1929 904 2017 ὄνομα),
922 1927 1015 1998 οὗτοι
1033 1932 1135 1998 ἀπαν-

125 2063 176 2116 τες
193 2047 290 2124 κοινή
309 2037 604 2121 ἐπιβουλεύσαντες
616 2035 899 2121 προσεκαλέσαντο
916 2038 978 2121 τήν
995 2047 1135 2119 γυναῖκα

126 2147 206 2230 ατρὸς
236 2146 297 2211 τὸν
328 2146 471 2230 ἀρηοντα
504 2144 552 2220 είς
588 2143 797 2208 διαδικασίαν
828 2151 888 2208 τοῦ
919 2144 1044 2228 κλήρου
1076 2153 1136 2209 τοῦ

121 2247 267 2332 Ἁγνίου,
289 2249 474 2335 φάσκοντες
495 2250 554 2314 τὸν
576 2250 683 2331 νόμον
705 2249 853 2315 κελεύειν
874 2249 962 2334 παρὰ
984 2256 1045 2314 τοῦ
1068 2246 1136 2314 ἀπι-

126 2353 367 2440 δεδικασμέυου
389 2352 444 2422 καὶ
470 2357 603 2439 ἔχοντος
629 2355 688 2418 τὸν
715 2357 838 2438 κλῆρον
865 2359 1136 2438 προσκαλεῖσθαι,

100 2460 184 2526 Βέάν
220 2483 270 2537 τις
305 2461 464 2544 βούληται
500 2458 729 2544 ἀμφισβητεῖν.
773 2455 829 2523 καὶ
859 2456 972 2543 ἐπειδή
1004 2454 1085 2543 ήγεν
1116 2460 1135 2526 ὁ

125 2567 237 2652 ἅρχων
260 2566 309 2642 είς
329 2567 367 2631 τὸ
391 2567 605 2650 δικαστήριον
623 2561 679 2629 καὶ
696 2565 764 2628 ἔδει
786 2561 1017 2649 ἀγωνίζεσθαι,
1039 2565 1079 2630 τά
1100 2589 1135 2632 τε

124 2673 209 2737 ἀλλα
228 2665 271 2754 ήν
289 2669 401 2748 αὐτοῖς
417 2671 544 2736 ἀπαντα
562 2666 845 2752 κατεσκευασμένα
867 2671 915 2748 είς
931 2672 990 2736 τὸν
1012 2670 1136 2756 ἀγῶνα,

125 2775 178 2842 καὶ
201 2777 240 2842 τὸ
263 2775 373 2863 ὕδωρ,
393 2778 477 2862 πρὸς
499 2775 517 2841 δ
541 2777 609 2841 ἔδει
636 2773 872 2859 ἀγωνίζεσθαι,
899 2778 1135 2863 τετραπλάσιον

124 2883 220 2967 ήμῶν
242 2883 373 2966 έλαβον.
410 2880 443 2961 ἐξ
466 2881 611 2965 ἀνάγκης
638 2881 702 2966 γὰρ
729 2875 772 2964 ήν
795 2875 821 2946 ὦ
845 2882 964 2968 ἀνδρες
986 2882 1135 2950 δικασταὶ

125 2998 170 3076 τῷ
193 2989 331 3073 ἀρχοντι
354 2983 504 3072 ἀμφορέα
528 2983 653 3075 ἑκάστῳ
672 2984 781 3072 έγχέαι
803 2996 869 3054 τῶν
892 2985 1136 3073 ἀμφισβητούν-

103 3109 203 3177 ντοιν,
222 3091 275 3159 καί
295 3103 383 3180 τρεῖς
400 3100 479 3178 χοᾶς
495 3099 540 3178 τῷ
560 3089 687 3180 ὑστέρῳ
706 3094 803 3180 λόγῳ.
840 3093 922 3159 ὥστε
941 3092 1136 3178 συνέβαινεν

127 3197 198 3284 ἐμοὶ
220 3208 266 3287 τῳ
290 3193 376 3285 ὑπέρ
400 3205 456 3281 τής
477 3199 635 3280 γυναικὸς
657 3195 898 3287 ἀγωνιζομένῳ,
921 3200 965 3283 μή
988 3200 1038 3266 ὅτι
1060 3200 1135 3288 περὶ

126 3315 185 3372 τοῦ
208 3304 328 3389 γένους
350 3301 494 3370 καὶτῶν
516 3303 626 3369 ἀλλον
654 3296 701 3368 ὧν
729 3327 786 3386 μοι
812 3313 956 3390 προσῆκε
979 3307 1136 3390 διηγήσα-

128 3418 207 3476 σθαι
237 3421 309 3488 τοῖς
341 3409 508 3485 δικασταῖς
539 3408 584 3485 ὡς
619 3407 683 3491 ἐγὼ
716 3407 917 3494 έβουλόμην,
952 3407 1024 3476 ἀλλ’
1059 3409 1131 3480 οὐδ’

128 3515 406 3604 ἀπολογήσασθαί
431 3538 487 3598 μοι
517 3512 680 3598 ἐξεγένετο
715 3510 794 3580 οὐδὲ
826 3517 1010 3582 πολλοστὸν
1039 3514 1137 3598 μέρος
