2658 3922
482 222 581 274 ΠΡΟΣ
599 223 823 278 ΚΑΛΛΙΚΔΕΔ.
949 239 953 244 ’
1094 221 1158 289 227

148 379 248 447 ἐστίν.
292 383 400 448 καίτοι
431 381 559 448 τούτων
589 381 806 469 ὑπαρχόντων
838 385 887 461 τίς
918 382 961 450 ἀν
988 386 1036 451 ἐτι
1062 387 1161 468 λόγος

75 483 88 518 ⁸
148 489 360 573 ίσχυρότερος
398 482 424 554 ὦ
464 488 585 573 ἄνδρες
619 483 793 573 Ἀθηναῖοι
831 487 978 574 γένοιτο;
1017 490 1057 557 τά
1095 492 1159 576 γάρ

147 596 228 678 ἔργα
260 602 413 680 φανερῶς
448 591 617 679 ἐξελέγχει.
662 598 722 661 καί
751 618 809 680 μοι
837 591 918 680 λαβὲ
945 595 1052 675 πάσας
1081 594 1160 664 νυνὶ

147 699 205 776 τάς
226 701 417 786 μαρτυρίας,
439 697 495 765 καὶ
518 697 601 784 λέγε.

551 893 756 948 MAPTTPIAI.

108 1030 135 1072 ιδ
211 1011 357 1083 ’,ἀκούετ’
384 1011 410 1082 ὦ
433 1017 554 1102 ἀνδρες
572 1013 747 1102 Ἀθηναῖοι
773 1027 841 1084 τῶν
867 1029 1066 1106 μαρτυριῶν.
1102 1014 1153 1108 ἀρ’

147 1121 228 1206 ὑμῖν
250 1123 389 1190 δοκοῦσι
411 1123 597 1210 διαρρήδην
623 1135 820 1210 μαρτυρεῖν,
845 1122 902 1190 καὶ
927 1128 1050 1211 χωρίον
1072 1121 1159 1191 εἶναι

148 1226 299 1315 δένδρων
317 1231 438 1314 μεστὸν
457 1227 512 1296 καὶ
529 1225 668 1314 μνήματ’
692 1231 779 1316 ἐχειν
797 1231 872 1296 τινὰ
889 1229 945 1296 καὶ
961 1226 1053 1297 πάλλ’
1076 1231 1158 1318 άπερ

146 1333 202 1401 καὶ
224 1345 294 1412 τοῖς
315 1338 482 1412 πλείστοις
504 1338 637 1421 χωρίοις
660 1333 882 1420 συμβέβηκεν,
908 1334 964 1402 καὶ
984 1337 1085 1403 πάλιν
1107 1337 1158 1404 δτι

146 1441 424 1530 περιῳκοδομήθη
447 1442 484 1508 τὸ
507 1447 632 1528 χωρίον
656 1443 775 1520 ζῶντος
796 1437 858 1527 μὲν
881 1443 929 1508 ἔτι
949 1452 1010 1510 τοῦ
1031 1443 1158 1510 τούτων

146 1551 283 1638 πατρός,
319 1546 381 1615 οὐκ
417 1545 717 1633 ἀμφισβητούντων
749 1543 781 1613 δ’
817 1547 893 1614 οὔτε
925 1549 1053 1616 τούτων
1084 1549 1153 1617 οὔτ’

147 1655 250 1720 άλλου
271 1663 340 1720 τῶν
362 1655 523 1736 γειτόνων
546 1651 698 1733 οὐδενός;

106 1774 133 1814 1⁶
205 1757 318 1838 ’Ἄξιον
343 1753 374 1824 δ’
401 1752 427 1822 ὦ
451 1759 570 1843 ἀνδρες
597 1757 748 1826 δικασταὶ
774 1756 930 1848 καὶπερὶ
956 1771 1024 1828 τῶν
1045 1763 1157 1828 ἀλλων

147 1860 194 1932 ὧν
216 1871 325 1953 είρηκε
348 1867 537 1948 Καλλικλῆς
564 1862 712 1931 ἀκοῦσαι.
758 1863 813 1931 καὶ
836 1864 1003 1946 σκέψασθε
1024 1880 1157 1957 πρῶτον
1167 1885 1235 1935 1276

146 1971 219 2058 μέν,
240 1978 275 2039 εῖ
291 1995 342 2048 τις
362 1970 457 2055 ὑμῶν
481 1967 617 2055 ἑόρακεν
639 1969 661 2054 ή
684 1969 955 2055 ἀκήκοε-πώποτε
976 1973 1052 2061 παρ’
1075 1976 1157 2042 ὁδὸν

146 2078 316 2164 χαράδραν
339 2071 453 2142 οὖσαν.
494 2070 586 2159 οἶμαι
615 2077 678 2162 γάρ
706 2076 742 2142 ἐν
769 2077 857 2164 πάση
884 2087 923 2164 τῇ
946 2080 1036 2167 χώρα
1058 2082 1156 2165 μηδε·

147 2187 226 2267 μίαν
244 2177 346 2251 εἶναι·
364 2190 425 2248 τοῦ
438 2180 502 2265 γὰρ
517 2178 604 2248 ἕνεκ’
622 2183 676 2266 άν,
694 2181 713 2248 ὃ
733 2184 789 2249 διδ
806 2184 964 2268 τήςδδοῦ
981 2194 1038 2270 τῆς
1056 2188 1157 2272 δημο-

148 2291 221 2364 σίας
252 2289 366 2371 ἐμελλε
398 2286 590 2370 βαδιεῖσθαι
626 2289 831 2373 φερόμενον,
866 2288 972 2379 τοάτφ
1003 2291 1060 2357 διδ
1088 2304 1156 2360 τῶν

106 2408 133 2448 ιτ
147 2394 244 2459 ἰδίων
275 2395 406 2479 χωρίων
437 2391 607 2478 χαράδραν
639 2391 775 2478 ἐποίησέ
803 2416 865 2473 τιςς
898 2397 1007 2462 ἐπειτα
1037 2401 1088 2475 τίς
1114 2397 1158 2464 ἀν

145 2499 241 2584 ὑμῶν
257 2496 326 2565 ἐἴτ’
354 2496 391 2565 ἐν
418 2495 509 2586 ἀγρῷ
538 2498 581 2582 νή
605 2493 666 2564 Δί’
693 2494 754 2564 εἴτ’
781 2498 819 2566 ἐν
845 2500 936 2566 άστει
962 2502 1000 2568 τὸ
1023 2503 1079 2568 διά
1100 2515 1158 2591 της

146 2607 229 2672 ὁδοῦ
258 2601 337 2690 ῥέον
365 2601 460 2688 ὕδωρ
488 2605 537 2680 είς
564 2604 602 2670 τὸ
628 2608 753 2691 χωρίον
775 2602 797 2690 ή
818 2608 879 2691 τήν
901 2608 1010 2673 οἰκίαν
1033 2606 1153 2690 δέξαιτ’

145 2711 188 2778 διν
212 2709 359 2794 [αὑτοῦ];
386 2707 462 2776 ἀλλ’
489 2709 551 2776 οὐκ
573 2709 654 2777 αὐτὸ
681 2711 895 2796 τούναντίον,
921 2711 983 2779 κάν
1004 2715 1160 2801 βιάσηταί

146 2814 236 2901 ποτ’,
258 2815 481 2903 ἀποφράττειν
509 2816 652 2893 άπαντες
677 2814 734 2882 καὶ
760 2819 1016 2905 παροικοδομεῖν
1037 2823 1157 2889 είάθα·

146 2935 222 3008 μἐν;
255 2918 353 3000 οὗτος
382 2924 500 2988 τοίνυν
533 2919 623 3000 ἀξιοῖ
651 2919 687 3008 μ’
723 2921 760 2990 ἐκ
790 2931 848 3008 τής
882 2925 965 2991 ὁδοῦ
997 2927 1034 2994 τὸ
1063 2927 1156 3016 ὕδωρ

146 3027 378 3113 εἰσδεξάμενον
401 3030 449 3104 είς
470 3029 508 3095 τὸ
536 3026 682 3112 ἐμαυτοῦ
708 3031 849 3116 χωρίον,
872 3029 957 3096 ὅταν
977 3033 1014 3098 τὸ
1036 3034 1156 3100 τούτου

146 3131 334 3223 παραλλάξη
357 3137 493 3219 χωρίου,
515 3134 616 3200 πάλιν
635 3136 683 3211 είς
699 3136 761 3221 τήν
779 3135 862 3202 ὁδὸν
885 3135 1065 3221 ἐξαγαγεῖν.
1101 3141 1156 3207 οὐ-

145 3251 229 3308 κοῦν
250 3240 351 3306 πάλιν
369 3239 387 3305 δ
407 3239 486 3323 μετά
508 3242 629 3306 τοῦτόν
651 3264 709 3325 μοι
731 3251 888 3326 γεωργῶν
910 3253 976 3309 τῶν
998 3247 1157 3327 γειτόνων

147 3345 293 3430 ἐγκαλεῖ·
323 3346 359 3411 τὸ
388 3344 451 3429 γὰρ
476 3339 561 3430 ὑπὲρ
588 3345 708 3412 τούτου
736 3348 865 3413 δίκαιον
892 3348 996 3431 δήλου
1023 3349 1073 3414 ὅτι
1099 3350 1156 3415 κά-

108 3466 133 3508 18
146 3449 434 3538 κείνοιςδπάρξει
462 3460 542 3519 πᾶσι
565 3449 684 3535 λέγειν.
723 3451 807 3519 ἀλλὰ
829 3454 895 3538 μήν
918 3459 953 3519 εί
970 3449 1001 3536 γ’
1027 3457 1075 3530 είς
1095 3455 1156 3536 τήν
1256 3455 1257 3458 ’

147 3555 228 3623 ὁδὸν
255 3557 385 3642 ὀκνήσω
412 3559 450 3624 τὸ
476 3557 568 3644 ὕδωρ
595 3557 738 3644 ἐξάγειν,
767 3555 788 3644 ή
815 3581 881 3626 που
912 3560 1043 3643 σφόδρα
1073 3563 1155 3639 δαρ-

943 3663 997 3712 16*
