2656 3926
172 163 238 228 400
392 159 671 214 ΔΗΜΟΣΘΕΝΟΤΣ
689 161 876 216 ΠΡΟΟΙΜΙΑ.
897 161 966 213 LVI.

173 318 262 389 εἷναί
281 344 338 405 μοι
361 323 464 405 δοκεῖ,
486 322 524 387 τὸ
548 317 585 386 δὲ
607 322 651 405 μὴ
670 318 895 404 βουλομένους
916 317 1052 385 ἀκούειν
1075 318 1190 403 βιάζε-

174 435 267 513 σθαι,
288 432 455 504 παντελῶς
474 422 570 511 ἔγωγ’
592 429 730 513 αἰσχρὸν
746 426 890 511 ἡγοῦμαι
910 421 1032 508 [εἶναι].
1069 430 1190 508 οῖομαι

174 532 220 618 δ’,
243 533 302 602 ἐὰν
324 530 504 617 ἀθελήσητέ
519 556 576 618 μοι
594 535 773 600 πεύθεσθαι
790 535 945 618 τήμερον,
967 528 1023 598 καλ
1044 531 1084 596 τὰ
1106 528 1189 615 βέλ-

173 656 266 707 τιστα
288 643 414 724 μᾶλλον
436 640 521 723 ὑμᾶς
543 636 679 704 ἑλέσθαι
698 639 915 723 δυνήσεσθαι,
936 634 993 704 καὶ
1015 639 1093 714 τοὺς
1114 647 1188 702 τῶν

147 745 424 829 αιἰναβαινόντπν
451 746 572 827 λόγους
597 748 730 830 βραχεῖς
755 747 915 829 ποιήσειν.
951 746 986 808 τί
1009 735 1072 810 οὖν
1099 758 1188 826 συμ·
1301 763 1302 770 ³

173 850 339 934 βουλεύοις
363 861 496 935 πρῶτον
519 846 580 934 μὲν
598 843 624 914 ὦ
643 850 763 936 ἄνδρες
778 843 951 935 Ἀθηναῖοι
972 847 1048 936 περὶ
1070 848 1187 914 αὐτῶν
1301 907 1302 910 ,

175 949 221 1021 ὧν
246 967 395 1022 σκοπεῖτε
421 957 481 1022 τὸν
507 957 668 1040 παριόντα
695 953 804 1039 λέγειν
827 955 953 1035 ἀξιοῦν.
988 954 1185 1037 πολλὰγὰρ

173 1063 258 1128 ἀλλα
284 1085 333 1138 τις
360 1059 402 1126 ἀν
428 1059 600 1146 περιέλθοι
626 1069 671 1149 τῷ
700 1064 788 1151 λόγφ
811 1059 866 1126 καλ
887 1057 981 1127 πόλλ’
1009 1059 1051 1126 ἀν
1074 1055 1182 1127 ἀστεῖ’

172 1174 273 1251 εῖποι,
295 1168 403 1244 ἀλλος
424 1189 459 1233 τε
476 1164 532 1232 καὶ
551 1168 660 1254 ὥσπερ
678 1168 806 1234 τούτων
824 1169 907 1233 ἔνιοι
925 1169 1045 1233 δεινῶν
1064 1168 1185 1232 όντων.
1197 1183 1266 1233 1462

174 1270 246 1338 ἀλλ’
273 1274 304 1338 εἰ
325 1268 386 1358 μὲν
410 1272 565 1358 βημάτων
587 1270 673 1358 ἥκετ’
697 1272 927 1357 ἀκουσόμενοι,
949 1281 1049 1338 ταῦτα
1071 1269 1184 1356 λε’γειν

173 1377 228 1444 καὶ
250 1377 386 1445 ἀκούειν
408 1379 485 1464 χρή·
508 1381 540 1444 ελ
556 1373 588 1443 θ’
608 1375 692 1465 ὑπὲρ
710 1378 911 1465 πραγμύτων
928 1377 1084 1464 αἱρέσεως
1100 1381 1184 1462 βου-

173 1487 380 1569 λευσόμενοι,
403 1484 485 1549 αύτά
507 1481 584 1551 καθ’
607 1485 691 1551 αὑτὰ
712 1496 861 1571 παραινῶ
883 1484 923 1550 τὰ
944 1480 1113 1570 πράγμαθ’
1136 1483 1184 1560 ὡς

174 1589 313 1673 μάλιστα
335 1593 474 1675 κρίνειν,
496 1589 679 1675 ἀφελόντας
696 1589 770 1657 ὅσοι
787 1592 883 1674 λόγοι
900 1589 1087 1675 πεφύκασιν
1109 1586 1183 1669 ἐξα·

148 1703 289 1760 επατᾶν.
325 1694 362 1760 ἓν
385 1689 446 1779 μὲν
469 1690 652 1762 οὖντοῦτο
675 1693 777 1780 λέγω,
804 1696 960 1782 δεύτερον
984 1693 1029 1780 δ’,
1051 1694 1070 1761 ὅ
1092 1711 1181 1768 τισιν

172 1797 360 1883 παράδοξον
382 1805 461 1877 ῖσοις
487 1802 578 1866 ἔσται
603 1801 686 1886 πρὸς
711 1802 749 1868 τὸ
775 1803 855 1879 τοὺς
880 1804 1001 1885 λόγους
1027 1799 1181 1878 ἀλύπους

172 1899 274 1989 εἶναι,
297 1917 488 1984 σιωπῶντας
509 1906 654 1973 ἀκούειν.
694 1906 770 1995 περὶ
792 1904 854 1992 μὲν
875 1909 938 1994 γάρ
960 1915 1021 1974 τοῦ
1042 1903 1131 1973 ταῦτ’
1158 1906 1180 1991 ἣ

172 2023 265 2078 κεῖνα
288 2011 480 2100 συμφέρειν,
503 2011 558 2080 καὶ
580 2011 689 2100 πότερ’
712 2013 754 2081 ἀν
777 2015 982 2100 δικαιότερον
1003 2009 1174 2100 προέλοιθ’

173 2115 320 2202 ἡπόλις,
343 2117 412 2186 οὔτ’
435 2118 500 2186 εἰσὶ
517 2124 612 2205 λόγοι
629 2118 747 2189 πολλοὶ
770 2120 814 2206 μὴ
837 2118 1052 2206 βουλομένοις
1073 2119 1178 2205 μύκην

174 2222 382 2310 ἀδολεσχεῖν,
405 2227 481 2293 οὔτε
503 2227 604 2293 πάλιν
626 2249 675 2304 τις
697 2225 739 2292 ἀν
762 2225 882 2304 αὐτοὺς
903 2228 1007 2292 εἰπεῖν
1030 2228 1111 2312 ἔχοι·
1135 2224 1180 2302 ὡς

174 2325 212 2394 δὲ
234 2327 290 2396 καλ
312 2332 442 2398 δίκαιον
465 2331 599 2400 ἀκούειν
622 2330 677 2398 καὶ
698 2333 781 2418 πρὸς
798 2333 858 2398 τόν
874 2330 1076 2418 θορυβοῦντ’
1099 2330 1177 2396 ἀπο-

174 2439 353 2521 κρίνασθαι
380 2436 436 2504 καὶ
465 2441 566 2521 λόγον
596 2437 633 2503 ἐκ
662 2440 764 2521 λόγον
798 2436 924 2522 λέγειν,
953 2435 1064 2516 οὐδεὶς
1090 2437 1179 2514 ὅστις

175 2539 249 2625 ούχλ
272 2540 398 2608 δύναιτ’
420 2543 472 2608 ἀν.
518 2541 554 2608 ἐκ
577 2543 619 2627 δὴ
641 2551 701 2609 τοῦ
718 2546 881 2630 θορυβεῖν
899 2543 960 2608 ούκ
982 2541 1178 2608 ἀπαλλάττε-

175 2653 238 2712 σθε
260 2649 381 2732 λόγων,
403 2647 487 2714 ἀλλὰ
509 2647 564 2714 καὶ
586 2646 750 2734 περὶτῶν
773 2644 875 2715 οὐδὲν
897 2650 944 2726 εἰς
965 2653 1079 2735 χρείαν
1102 2646 1176 2714 επα-

174 2750 369 2836 ναγκάζεσθ’
397 2752 539 2821 ἀκούειν.
584 2749 689 2840 ἡμὲν
717 2750 779 2821 οὖν
807 2753 868 2840 ἐμὴ
895 2755 1010 2840 γνώμη
1033 2752 1109 2841 περὶ
1130 2747 1176 2820 ὧν

174 2855 371 2942 βουλεύεσθ’
396 2856 449 2944 ἥδ’
477 2859 576 2926 ἐστίν.
