2658 3914
310 156 407 208 RATA
424 155 551 208 ενεεν.
569 157 633 207 ΚΑΙ
649 157 800 210 mmm.
818 157 930 209 Ψενε.
1071 155 1132 219 121

119 319 301 402 προτεραίᾳ
324 314 361 380 ἐν
383 324 429 403 τῷ
452 316 568 404 πύργςο
593 311 637 400 ήν
659 313 715 380 καλ
737 314 799 382 ούκ
822 318 937 402 ἔτυχεν
960 315 1021 395 ἔξω
1044 317 1136 400 ὄντα,

122 421 237 506 ἐπειδή
262 420 292 487 δ’
320 421 383 505 ἐγὼ
406 417 531 506 ήλθον,
560 421 616 487 διὰ
637 423 699 507 τήν
721 425 836 508 χρείαν
857 420 1062 508 κατηνέχθη,
1085 421 1136 488 έκ-

122 528 236 612 βαλὼν
265 529 326 612 τήν
355 528 467 610 θύραν
495 527 600 611 ήνπερ
629 526 685 592 καὶ
708 537 749 614 τῇ
778 532 957 616 προτεραίᾳ
980 526 1136 612 ἐξέβαλον

123 644 230 710 κακῶς
262 633 494 717 ἐνεστηκυῖαν,
527 631 629 720 ρ’ίχετό
658 657 723 718 μον
753 634 866 718 λαβὼν
894 634 935 699 τδι
963 635 1082 718 σκεύη·
1109 628 1136 722 ᾧ

125 741 200 805 οῦτε
229 741 327 824 δίκην
354 739 538 824 ὠφλήκειν,
570 739 645 804 ούτε
673 741 890 833 συμβόλαιον,
904 734 948 823 ἦν
977 763 1035 824 μοι
1056 742 1139 826 πρὸς

81 867 110 907 οε
124 844 228 911 αὐτὸν
241 843 351 911 ούδέν.
388 843 573 921 ἐκτίνοντος
591 840 632 908 δέ
643 868 708 928 μον
726 853 771 932 τςθ
786 845 963 934 Θεοφήμῳ,
981 837 1008 934 ,ὦ
1028 843 1138 932 ὠφλή-

123 975 196 1017 κειν
209 951 270 1034 τήν
284 952 393 1035 δίκην,
416 950 529 1032 ἐπειδή
548 947 693 1027 ἐξέτινον
711 954 845 1015 πολλῶν
862 953 1038 1034 παρόντων
1056 975 1138 1038 μαρ-

123 1057 235 1142 τύρων
253 1059 360 1142 χιλίας
378 1051 439 1140 μέν
458 1052 513 1120 καλ
536 1052 653 1120 ἑκατὸν
676 1055 824 1141 δραχμὰς
847 1055 929 1139 (τήν
947 1058 1138 1141 καταδίκην,

124 1163 330 1246 ὀγδοήκοντα
354 1157 391 1228 δέ
414 1159 469 1226 καὶ
487 1159 607 1227 ἑκατὸν
626 1161 793 1248 δραχμὰς>
815 1158 871 1225 καλ
893 1172 981 1246 τρεῖς
1002 1160 1057 1226 καὶ
1081 1159 1133 1228 δύ’

125 1268 233 1353 ὀβολὼ
252 1267 314 1352 τήν
335 1266 531 1352 ἐπωβελίαν,
547 1266 727 1352 τριάκοντα
746 1261 783 1330 δέ
800 1266 840 1331 τὰ
857 1278 1039 1352 πρυτανεῖα
1057 1264 1138 1354 (τῶν

124 1375 187 1460 γὰρ
211 1375 323 1440 ἄλλων
346 1369 447 1439 οὐδὲν
470 1372 558 1461 αύτᾳῦ
582 1371 754 1456 ἐπιτιμίων
772 1365 914 1458 ὦφλον),
937 1372 1050 1456 λαβὼν
1071 1376 1139 1438 τοί·

123 1506 189 1547 νυν
211 1477 288 1567 παρ’
315 1479 398 1565 ἐμοῦ
420 1477 474 1543 ἐπὶ
496 1486 534 1564 τῇ
558 1475 698 1565 τραπέζῃ
720 1480 827 1563 χιλίας
848 1480 1037 1563 τριακοσίας
1060 1475 1139 1543 δέκα

124 1598 211 1672 τρεῖς
242 1581 298 1652 δύ’
325 1568 433 1670 Ιὀβολὼ
463 1586 500 1651 τὸ
531 1585 664 1668 σύμπαν
693 1584 892 1669 κεφάλαιον,
921 1581 1140 1659 ἀπαιτοῦντος

126 1691 207 1777 ἐμοῦ
234 1691 273 1758 τύ
299 1714 334 1758 τε
361 1693 511 1777 πρόβατα
537 1688 593 1755 καὶ
619 1690 659 1755 τὰ
681 1689 876 1776 ύνδρύποδα
898 1688 1015 1755 καὶτὰ
1038 1689 1138 1774 σκεύη

125 1798 147 1864 ἃ
165 1797 303 1882 ἡρπάκει
321 1821 398 1882 μον,
421 1796 482 1863 οὐκ
505 1799 567 1882 ἔφη
587 1795 775 1862 ἀποδώσειν
798 1820 867 1881 μοι,
889 1797 921 1861 εί
942 1798 987 1881 μή
1009 1819 1059 1872 τις
1080 1795 1139 1861 αύ-

125 1905 185 1971 τὸν
208 1903 328 1990 ἀφήσει
350 1900 406 1969 καὶ
431 1905 510 1979 τοὺς
536 1898 605 1987 μετ’
632 1901 737 1968 αὐτοῦ
759 1913 826 1967 τῶν
849 1901 1061 1986 ἐγκλημάτων
1084 1897 1139 1966 καλ

83 2013 203 2088 ωτοὺς
232 2011 400 2095 μάρτυρας
425 2019 493 2075 τῶν
521 2009 828 2094 ψευδομαρτυριῶν.
873 2017 975 2073 ταῦτα
999 2003 1217 2073 Mna-1159

125 2113 327 2202 κριναμένον
345 2115 461 2198 αὐτοῦ,
483 2113 651 2199 μάρτυρας
668 2109 729 2198 μέν
752 2111 957 2196 ἐποιησάμην
979 2122 1037 2197 τῆς
1059 2111 1139 2178 ἀπο-

125 2225 265 2308 κρίσεως
287 2222 366 2296 τοὺς
382 2220 559 2304 παρόντας,
580 2219 642 2302 τήν
662 2215 699 2284 δέ
722 2219 820 2302 δίκην
843 2215 996 2300 ἐξέτεισα,
1018 2217 1139 2302 ὑπερή-

126 2348 230 2411 μερον
252 2325 315 2409 γὰρ
334 2324 396 2390 οὐκ
414 2322 508 2411 ρ’ίμην
533 2324 604 2388 δεῖν
623 2322 766 2407 ἐμαυτὸν
788 2319 884 2388 εἶναι.
928 2323 1080 2406 Εὔεργον
1104 2319 1135 2388 δ’

126 2426 200 2498 οὐδ’
227 2427 321 2516 ήδειν
344 2431 583 2513 εἰσεληλυθότα
605 2452 670 2512 μον
692 2430 740 2505 εἰς
761 2429 823 2512 τήν
846 2430 954 2494 οίκίαν
976 2429 1078 2514 ταύτη
1100 2437 1138 2514 τῇ

125 2534 243 2624 ήμέρᾳ,
265 2531 338 2601 ἀλλ’
361 2533 478 2600 αὐτίκα
491 2533 512 2617 ἡ
527 2535 602 2617 δίκη
622 2532 827 2618 ἐξετέτειστο,
845 2531 901 2599 καλ
918 2529 1007 2619 εἶχεν
1025 2535 1043 2600 ὁ
1059 2537 1139 2600 Θεό-

126 2666 235 2729 φημος
257 2643 297 2708 τοί
318 2664 355 2706 τε
376 2643 525 2727 πρόβατα
548 2637 603 2705 καὶ
624 2641 665 2705 τὰ
684 2639 878 2726 ἀνδράποδα
899 2637 955 2706 καλ
976 2639 1017 2704 τίι
1040 2641 1145 2725 σκεύη,

126 2750 166 2814 τδι
189 2757 228 2835 τῇ
250 2750 429 2834 προτεραίᾳ
458 2747 713 2831 περιγενόμενα,
739 2744 795 2812 καλ
816 2747 955 2830 ἄγγελος
976 2739 1064 2830 ήλθέ
1083 2770 1140 2831 μοι

127 2857 308 2930 λιθοκόπος
325 2876 385 2936 τις,
407 2854 445 2918 τὸ
463 2854 604 2935 πλησίον
622 2860 735 2936 μνῆμα
758 2850 983 2936 ἐργαζόμενος,
1006 2851 1057 2917 ότι
1078 2854 1139 2917 ποί-

127 2965 181 3026 λιν
204 2965 327 3045 οἴχεται
354 2959 503 3042 Εὔεργος
528 2957 569 3021 τὰ
595 2956 761 3023 ὑπόλοιπά
787 2982 853 3043 μον
875 2958 976 3042 σκεύη
1000 2957 1139 3043 ἐκφορή-

87 3091 113 3129 ee
128 3082 187 3142 σας
210 3063 246 3130 ἐκ
267 3073 325 3148 τῆς
348 3066 466 3140 οίκίας·
488 3064 571 3148 πρὸς
592 3061 633 3127 ὃν
652 3060 754 3128 οὐδέν
776 3087 833 3148 μοι
854 3072 988 3148 πρᾶγμα
1010 3058 1062 3147 ην.
1094 3065 1139 3142 ὡς

127 3164 189 3236 οὖν
211 3169 322 3254 ἀληθή
346 3167 443 3253 λέγω,
464 3167 520 3233 καὶ
542 3167 593 3233 ὅτι
615 3177 655 3255 τή
678 3165 739 3254 μὲν
759 3173 938 3256 προτεραίᾳ
959 3169 1139 3255 εἰλήφεσάν

126 3300 192 3361 μον
214 3277 255 3341 τδι
278 3274 433 3361 ἐνέχυρα,
455 3283 494 3360 τή
524 3272 553 3340 δ’
580 3275 738 3364 ὑστεραίᾳ
760 3275 954 3360 ἐκομίσαντο
976 3275 1014 3340 τὸ
1038 3273 1139 3360 ἀργύ-

127 3405 201 3465 ρων
230 3380 306 3468 παρ’
334 3382 416 3467 ἐμοῦ
443 3382 564 3464 (καίτοι
586 3393 655 3459 πῶς
682 3381 741 3466 διν,
768 3383 800 3447 εί
827 3383 871 3467 μή
894 3379 1139 3464 πεπορισμένον

126 3510 160 3552 τε
187 3482 231 3570 ἦν
260 3485 315 3551 καὶ
345 3486 557 3572 ἐπηγγέλκειν
585 3487 697 3564 αὐτοῖς
704 3535 714 3570 ,
740 3487 845 3563 εύθὺς
871 3486 913 3552 ἂν
941 3481 1139 3568 ἀπέλαβονς)
