2650 3918
480 179 577 232 RATA
594 179 757 232 ΝΕΑΙΡΔΣ.
1061 176 1126 241 315

107 349 182 405 τῶν
204 337 419 424 ἠσεβημένων
445 338 640 423 ποιούμενοι
666 335 721 404 καὶ
743 337 935 416 κολάζοντες
955 338 1034 422 τούς
1055 337 1127 419 ήδι·

109 448 263 530 κηκότας.
295 447 332 512 τὸ
347 445 409 530 γὰρ
424 444 562 531 ἀρχαῖον
581 439 607 509 ὦ
626 445 746 531 άνδρες
760 440 932 528 Ἀθηναῖοι
950 445 1127 512 δυναστεία

112 552 152 618 ἐν
175 561 215 638 τῇ
238 555 333 618 πόλει
354 546 413 636 ήν,
442 549 498 618 καὶ
520 551 539 635 ἡ
563 553 713 636 βασιλεία
735 560 802 616 τῶν
825 547 876 616 ἀεὶ
897 550 1126 634 ὑπερεχόντων

113 659 172 723 διὰ
185 659 223 724 τὸ
238 658 447 744 αὐτόχθονας
467 652 565 742 εἶναι,
586 657 645 734 τὰς
663 653 700 724 δὲ
718 659 840 733 θυσίας
861 655 987 734 ἁπάσας
1001 656 1019 722 ὁ
1032 659 1127 740 βασι-

113 767 192 842 λεὺς
219 765 317 848 ἔθυε,
346 762 401 830 καὶ
430 763 488 841 τὰς
510 763 708 848 σεμνοτάτας
732 760 790 830 καὶ
813 762 975 850 ἀρρήτους
996 762 1016 846 ή
1040 761 1126 845 γννή

62 885 96 928 '15
113 871 220 936 αὐτοῦ
242 869 355 956 ἐποίει,
378 872 523 953 είκότως,
545 873 720 954 βασίλιννα
742 863 836 935 ούσα.
873 868 985 952 ἐπειδὴ
1009 864 1046 934 δὲ
1061 871 1127 952 θη·

113 979 193 1054 σεύς
220 973 405 1065 συνῴκισεν
435 970 557 1052 αὐτοὺς
585 973 640 1042 καὶ
668 977 890 1063 δημοκρατίαν
918 974 1049 1058 ἐποίησε
1071 971 1126 1039 καὶ

112 1081 134 1165 ἡ
153 1084 249 1159 πόλις
265 1083 531 1168 πολυάνθρωπος
549 1079 689 1166 ἐγένετο,
711 1083 770 1148 τὸν
793 1078 854 1167 μὲν
872 1079 1008 1166 βασιλέα
1026 1075 1127 1145 οὐδὲν

113 1183 215 1271 ήττον
238 1187 256 1254 ὁ
280 1189 384 1272 δῆμος
405 1185 518 1274 ᾑρεῖτο
537 1187 574 1253 ἐκ
590 1191 777 1273 προκρίτων
799 1184 867 1253 κατ’
895 1184 1127 1271 ἀνδραγαθίαν

113 1305 326 1380 χειροτονῶν,
348 1294 409 1378 τήν
428 1289 466 1358 δὲ
483 1301 625 1378 γυναῖκα
643 1292 746 1358 αὐτοῦ
764 1287 870 1378 νόμον
888 1293 1005 1359 ἔθεντο
1023 1288 1127 1375 ἀστήν

113 1394 201 1465 εἶναι
224 1397 280 1465 καὶ
307 1400 351 1483 μὴ
376 1396 650 1484 ἐπιμεμειγμένην
673 1395 772 1488 ἑτέρῳ
795 1396 910 1484 ἀνδρί,
939 1396 1023 1464 ἀλλὰ
1045 1419 1127 1480 παρ-

112 1504 220 1572 θένον
242 1515 376 1589 γαμεῖν,
404 1505 460 1570 ἵνα
478 1505 570 1570 κατὰ
593 1504 633 1570 τὰ
654 1494 774 1590 πάτρια
796 1506 919 1590 θύηται
941 1505 980 1570 τὰ
1003 1506 1127 1590 ἀρρητα

114 1611 188 1697 ίερὰ
206 1607 289 1696 ὑπὲρ
308 1620 366 1695 τῆς
383 1614 527 1697 πόλεως,
543 1609 599 1678 καὶ
616 1611 656 1676 τὰ
674 1613 872 1696 νομιζόμενα
889 1615 1041 1698 γίγνηται
1058 1622 1127 1688 τοῖς

112 1725 209 1796 θεοῖς
230 1717 384 1802 εὐσεβῶς,
405 1715 461 1783 καὶ
484 1713 589 1803 μηδὲν
607 1718 805 1802 καταλύηται
828 1713 911 1802 μηδὲ
932 1726 1127 1802 καινοτομή-

71 1843 99 1882 ⁷6
114 1848 178 1890 ται.
214 1822 270 1890 καὶ
288 1833 407 1891 τοῦτον
426 1825 486 1891 τὸν
504 1827 611 1909 νόμον
628 1824 813 1910 γράψαντες
832 1821 869 1889 έν
887 1826 988 1910 στήλη
1011 1826 1126 1910 λιθίνη

114 1933 256 2015 ἔστησαν
286 1929 323 1996 έν
353 1937 398 2018 τῷ
427 1929 507 2018 ίερρῖ
534 1939 596 1996 τοῦ
618 1931 790 1996 Διονύσου
817 1930 905 2015 παρὰ
931 1932 991 1996 τὸν
1012 1933 1126 2014 βωμὸν

115 2036 153 2103 ἐν
182 2039 326 2120 Λίμναις
356 2032 426 2121 (καί
447 2035 529 2120 αύτη
552 2035 573 2119 ή
597 2037 698 2120 στήλη
728 2037 777 2100 ἔτι
806 2033 861 2102 καὶ
887 2043 951 2102 νῦν
980 2035 1126 2119 ἕστηκεν,

115 2141 278 2227 ἀμυδροῖς
295 2139 484 2226 γράμμασιν
499 2137 656 2218 Ἀττικοῖς
671 2142 818 2226 δηλοῦσα
827 2141 875 2206 τά
892 2139 1128 2229 γεγραμμένα),

114 2245 301 2332 μαρτυρίαν
322 2245 566 2328 ποιούμενος-ό
594 2247 697 2330 δήμος
718 2241 802 2333 ὑπὲρ
831 2255 889 2333 τής
911 2247 1014 2312 αὑτοῦ
1036 2247 1127 2312 εὐσε-

115 2355 208 2437 βείας
234 2350 317 2435 πρὸς
342 2351 401 2415 τὸν
428 2351 511 2416 θεὸν
538 2347 593 2415 καὶ
623 2353 901 2437 παρακαταθήκην
923 2355 1201 2421 καταλείπωνιεῖι

115 2469 186 2534 τοῖς
208 2453 489 2540 ἐπιγιγνομένοις,
511 2456 562 2522 ὅτι
584 2458 645 2542 τήν
667 2480 704 2540 γε
726 2464 796 2546 θεῶ
820 2467 960 2540 γυναῖκα
983 2458 1127 2542 δοθησο-

114 2562 221 2649 μένην
239 2560 295 2629 καὶ
312 2564 518 2648 ποιήσουσαν
535 2563 576 2628 τὰ
595 2563 667 2648 ίερὰ
684 2565 840 2648 τοιαύτην
858 2561 1014 2648 ἀξιοῦμεν
1031 2559 1126 2630 εἶναι.

116 2667 172 2736 ’καὶ
195 2670 251 2735 διὰ
280 2679 383 2735 ταῦτα
405 2667 442 2734 έν
471 2677 516 2756 τῶ
540 2667 743 2759 ἀρχαιοτάτῳ
773 2670 848 2758 ίερῶ
872 2677 932 2737 τοῦ
955 2671 1126 2762 Διονύσου

116 2773 172 2842 καὶ
195 2770 365 2864 ἁγιωτάτῳ
389 2772 425 2840 έν
448 2777 597 2860 Λίμναις,
613 2778 769 2860 ἔστησαν,
796 2776 852 2841 ἵνα
875 2777 919 2860 μὴ
941 2774 1060 2843 πολλοὶ
1081 2780 1126 2843 εί-

118 2884 201 2948 δῶσι
223 2882 263 2946 τὰ
286 2878 508 2966 γεγραμμένα·
536 2880 619 2960 ἁπαξ
643 2882 706 2968 γὰρ
728 2891 788 2947 τοῦ
811 2880 965 2948 ἐνιαυτοῦ
988 2881 1125 2950 ἑκάστου

117 2987 305 3072 ἀνοίγεται,
340 2996 379 3074 τή
417 2987 584 3074 δωδεκάτη
616 2997 677 3054 τοῦ
713 2987 979 3075 ἀνθεστηριῶνος
1014 2993 1126 3076 μηνός.

79 3111 103 3152 ιι
116 3089 201 3180 ὑπὲρ
223 3097 338 3159 τοίνυν
362 3092 466 3178 ἁγίων
487 3092 691 3179 καὶσεμνῶν
711 3094 820 3180 ίερῶν,
843 3089 890 3160 ὧν
912 3095 948 3160 oc
966 3099 1125 3180 πρόγονοι

7 3243 9 3268 2,
117 3201 212 3286 ἁμῶν
244 3199 330 3265 ούτω
362 3205 468 3277 καλῶς
497 3198 552 3288 καὶ
584 3206 837 3286 μεγαλοπρεπῶς
866 3199 1126 3287 ἐπεμελήθησαν,

8 3295 9 3308 ’
117 3305 211 3384 ἀξιον
240 3302 295 3371 καὶ
323 3305 408 3389 ὑμᾶς
438 3306 622 3373 σπουδάσαι
651 3300 678 3372 δι
708 3307 826 3393 ἄνδρες
851 3303 1040 3392 Ἀθηναῖοι,
1070 3307 1125 3373 καὶ

117 3414 196 3490 Ὶτούς
227 3410 373 3494 ἀσελγῶς
404 3407 464 3494 μὲν
495 3421 784 3498 καταφρονοῦντας
817 3423 884 3478 τῶν
915 3416 1028 3496 νόμων
1059 3424 1125 3478 τῶν

117 3516 297 3602 ὑμετέρων,
320 3516 463 3594 ἀναιδῶς
483 3514 514 3582 δ’
531 3518 730 3602 ήσεβηκότας
743 3520 790 3595 είς
807 3520 884 3594 τοὺς
900 3519 1013 3599 θεούς,
1031 3517 1125 3595 ἀξιον
