2654 3926
209 167 252 232 30
518 169 601 222 που.
626 165 907 219 mmmm

207 330 315 413 ψευδῆ
345 328 600 414 μεμαρτυρηκὼς
630 324 744 392 οὑτοσὶ
773 323 962 413 Στέφανος,
991 325 1075 392 ἀλλά
1102 322 1159 391 καὶ
1185 323 1219 403 έξ

209 428 257 499 ὧν
284 432 435 519 πεποίηχ’
470 434 489 501 δ
517 436 767 519 παρασχόμενος
796 433 918 518 αὐτόν,
946 432 986 499 τδ
1014 427 1215 518 πεπραγμέν’

209 538 323 628 έκείνρν
355 539 518 623 βούλομαι
554 540 637 624 πρὸς
667 538 752 622 ὑμᾶς
787 539 900 603 εἰπεῖν.
946 537 1026 625 ὅπερ
1058 535 1088 603 δ’
1124 532 1220 603 εἶπον
1325 627 1326 632 ¹

208 643 389 731 ἀρχόμενος
414 655 475 711 τοῦ
502 647 621 728 λόγου,
648 642 746 722 δείξω
773 646 976 731 κατηγόρους
1002 641 1221 728 γιγνομένους

207 748 328 826 αὐτοὺς
347 747 482 815 ἑαυτῶν.
513 751 574 834 τήν
592 750 656 834 γδιρ
674 750 782 835 δίκην,
801 748 838 816 έν
851 744 873 836 ᾗ
887 747 978 817 ταῦτ’
996 748 1221 835 ἐμαρτυρήθη,

207 856 441 941 παρεγράψατο
462 859 622 941 Φορμίων
643 858 727 942 πρός
749 879 789 939 με
812 857 856 941 μή
879 858 1100 941 εἰσαγώγιμον
1122 850 1220 940 εἶναι,

167 980 194 1019 41
208 962 252 1038 ὡς
274 958 415 1047 ἀφέντος
437 959 519 1047 ἐμοῦ
546 973 614 1027 τῶν
642 961 854 1045 ἐγκλημάτων
881 961 992 1028 αὐτόν.
1033 970 1131 1028 τοῦτο
1153 963 1300 1028 vol-1114

206 1089 271 1132 νυν
302 1066 366 1150 ἐγὼ
397 1062 458 1151 μέν
487 1062 563 1133 οῖδα
591 1068 715 1146 ψεῦδος
744 1069 801 1150 όν,
828 1063 884 1132 καὶ
914 1064 1033 1151 ἐλέγξω
1064 1063 1111 1151 δ’,
1139 1065 1220 1131 ὅταν

208 1174 299 1238 εἰσίω
321 1174 405 1260 πρὸς
425 1173 504 1248 τοὺς
526 1181 628 1238 ταῦτα
650 1175 949 1259 μεμαρτυρηκότας·
972 1172 1078 1262 τούτῳ
1102 1168 1132 1238 δ’
1159 1171 1220 1258 οὐχ

208 1270 282 1345 οἷόν
310 1301 346 1344 τε
374 1275 463 1344 τοῦτ’
497 1279 611 1344 εἰπεῖν.
661 1279 693 1342 εί
722 1281 838 1344 τοίνυν
875 1277 985 1362 ἀληθῆ
1016 1276 1215 1344 πιστεύσαιτ’

208 1380 379 1468 εἶναιτὴν
402 1386 534 1470 ἀφεσιν,
560 1382 647 1449 οὕτω
675 1380 730 1448 καὶ
757 1379 885 1468 μάλιστ’
912 1383 954 1450 ἀν
982 1379 1079 1461 οὗτος
1100 1379 1225 1470 φανείη

207 1491 316 1573 ψευδῆ
348 1489 603 1576 μεμαρτυρηκὼς
635 1486 690 1554 καὶ
724 1487 1025 1574 κατεσκευασμένης
1059 1490 1221 1574 διαθήκης
1325 1551 1326 1554 ,

209 1596 333 1681 μάρτυς
354 1596 507 1680 γεγονώς.
544 1599 593 1672 τίς
614 1595 677 1681 γὰρ
707 1595 811 1673 οὕτως
838 1596 971 1681 δίφρων,
998 1593 1074 1661 ὥστ’
1101 1597 1221 1682 ἀφεσιν

209 1696 270 1785 μέν
293 1699 445 1768 ἐναντίον
468 1701 645 1788 μαρτύρων
672 1703 892 1785 ποιήσασθαι,
918 1710 979 1767 τοῦ
1001 1705 1140 1786 βεβαίαν
1162 1701 1221 1768 αδ-

208 1814 253 1895 τῷ
283 1808 345 1891 τήν
373 1806 567 1892 ἀπαλλαγήν
595 1803 701 1891 εἶναι,
733 1808 791 1885 τάς
820 1804 857 1872 δέ
886 1809 1057 1892 συνθήκας
1081 1804 1137 1872 καὶ
1162 1808 1221 1885 τδς

209 1913 370 1997 διαθήκας
401 1912 456 1980 καί
489 1909 596 1998 τᾶλλ’,
628 1909 712 2000 ὑπὲρ
744 1908 793 1978 διν
824 1911 964 1979 έποιείτο
995 1912 1056 1996 τήν
1087 1913 1220 1999 ἀφεσιν,

167 2038 195 2078 42
210 2017 428 2105 σεσημασμέν’
456 2019 550 2087 ἐᾶσαι
571 2018 650 2086 καθ’
677 2015 781 2086 αὑτοῦ
807 2026 954 2098 κείσθαι;
978 2018 1101 2085 οὐκοῦν
1124 2017 1219 2084 έναν-

208 2129 262 2191 τία
297 2121 358 2210 μέν
393 2125 414 2210 ἡ
450 2128 649 2214 παραγραφή
685 2136 766 2204 πᾶσι
801 2136 871 2202 τοῖς
906 2122 1220 2212 μεμαρτυρημένοις,

209 2231 343 2298 έναντία
365 2229 412 2318 δ’,
433 2232 476 2316 ἣν
499 2231 649 2317 ἀνέγνων
672 2232 753 2317 ὑμῖν
776 2233 862 2318 ἀρτι,
885 2234 1060 2316 μίσθωσις,
1081 2232 1159 2317 τήδε
1180 2239 1220 2316 τῇ

209 2339 367 2425 διαθήκη·
400 2335 500 2405 οὐδέν
533 2334 570 2404 δέ
600 2349 668 2404 τῶν
703 2335 942 2424 πεπραγμένων
974 2332 1044 2404 οὔτ’
1079 2337 1221 2419 εὔλογον

209 2438 287 2510 οὔθ’
305 2443 433 2508 διπλοῦν
452 2439 530 2508 οὔθ’
548 2442 818 2527 ὁμολογούμενον
837 2440 917 2508 αὐτὸ
937 2439 1041 2530 ἑαυτῷ
1060 2444 1220 2528 φαίνεται.

208 2546 245 2614 έκ
268 2545 305 2613 δέ
327 2550 448 2616 τούτου
476 2558 537 2615 τοῦ
563 2551 689 2635 τρόπου
715 2547 823 2613 πάντα
849 2546 1061 2633 πεπλασμένα
1087 2543 1142 2611 καὶ
1163 2569 1219 2611 κα·

208 2651 436 2740 τεσκευασμέν’
465 2653 638 2739 έλέγχεται.

167 2777 195 2818 ⁴³
270 2758 325 2837 Ὡς
356 2757 417 2846 μέν
448 2763 564 2826 τοίνυν
597 2757 687 2825 ἐστὶν
724 2757 834 2844 ἀληθή
866 2760 906 2825 τὰ
937 2755 1220 2846 μεμαρτυρημένα,

209 2861 278 2932 οὔτ’
306 2865 409 2933 αὐτὸν
430 2875 551 2932 τοῦτον
574 2862 645 2932 οὔτ’
672 2866 776 2931 ἄλλον
794 2860 877 2950 ὑπὲρ
895 2865 1017 2932 τούτου
1036 2863 1140 2943 δείξαι
1163 2865 1221 2930 δυ-

208 2975 372 3057 νήσεσθαι
396 2974 524 3055 νομίζω.
561 2970 672 3038 ἀκούω
700 2968 730 3037 δ’
758 2969 860 3042 αὐτὸν
887 2974 1040 3038 τοιοῦτόν
1069 2994 1101 3036 τι
1123 2991 1222 3056 παρε-

209 3077 393 3144 σκευάσθαι
425 3075 551 3161 λέγειν,
582 3077 626 3154 ὡς
657 3077 866 3164 προκλήσεώς
897 3074 988 3142 ἐστιν
1020 3076 1221 3159 ὑπεύθυνος,

210 3179 285 3268 οὐχὶ
308 3186 503 3269 μαρτυρίας,
529 3179 583 3247 καὶ
612 3183 709 3248 δυοίν
732 3181 820 3271 αὐτῷ
844 3184 1002 3268 προσήκει
1026 3182 1143 3248 δοῦναι
1166 3184 1221 3248 λό-
1325 3191 1326 3196 ’

209 3311 284 3371 γον,
311 3287 352 3352 οὐ
379 3288 514 3354 πάντων
540 3298 606 3353 τῶν
633 3284 886 3374 γεγραμμένων,
913 3293 977 3353 εἴτε
1004 3286 1221 3372 προύκαλεῖτό

211 3414 251 3477 με
282 3402 384 3459 ταῦτα
412 3397 571 3480 Φορμίων
594 3393 615 3478 ή
638 3396 698 3480 μή,
730 3390 785 3459 καὶ
816 3394 849 3457 εί
878 3393 922 3477 μή
955 3391 1116 3478 ἐδεχόμην
1142 3392 1221 3477 έγιό·

210 3505 312 3563 ταῦτα
341 3493 402 3582 μέν
430 3499 494 3585 γάρ
524 3497 634 3576 ἁπλῶς
667 3499 766 3576 αὐτὸς
798 3496 1082 3585 μεμαρτυρηκέναι
1111 3501 1222 3584 φήσει,
