2658 3914
202 205 265 270 128
478 207 600 262 vam.
625 206 928 279 [Δωωουοωυοεε]

200 380 304 450 χρήται
324 369 399 452 πρὸς
426 370 496 445 τοὺς
521 369 711 451 νενικηκότας
736 369 787 433 καί
808 370 897 445 αύτδς
919 368 969 432 καὶ
990 367 1009 432 δ
1030 371 1214 452 Καλλίστρα-

200 488 266 546 τος,
296 466 457 542 δεδωκότος
486 477 572 530 τοῦτο
599 478 653 531 τοῦ
681 468 785 548 νόμον.
829 467 880 529 καί
908 465 1129 549 ἀμφισβητοῦσι
1157 477 1213 529 τοῦ

201 563 311 646 κλήρου
334 564 470 646 καθάπερ
488 562 518 638 ἐξ
537 563 638 646 ἀρχῆς,
660 563 748 644 δμέν
769 575 823 628 τού
844 562 974 645 ἡμίσεος,
997 561 1064 627 δ’δέ
1085 562 1136 626 καί
1157 574 1213 626 τοῦ

202 659 281 722 ὅλου.
316 660 456 742 πρότερος
482 659 515 724 δὲ
541 661 634 744 λέγων
659 656 896 744 Ὀλυμπιόδωρος
921 667 992 747 νικᾷ
1017 662 1070 724 τὸν
1091 667 1213 744 κλῆρον.

201 755 325 833 νικήσας
343 754 375 818 δὲ
393 755 444 820 καί
460 757 560 840 λαβὼν
578 760 657 840 όλον,
679 759 735 822 ούκ
752 757 868 839 ἐμμένει
888 764 953 832 ταῖς
974 759 1142 838 συνθήκαις
1163 753 1214 834 αἷς

201 851 231 925 ἐξ
250 851 340 934 ἀρχῆς
358 851 524 936 ἐποιήσατο,
549 853 619 918 ούδέ
637 858 742 918 δίδωσι
758 855 794 918 τὰ
810 853 917 935 ήμίσεα
938 860 978 941 τῷ
995 856 1212 942 Καλλιστράτῳ.

175 948 220 1018 οδ
243 945 271 1012 δ’
296 951 387 1014 αὐτόν
414 951 535 1014 ἀπαιτεῖ
555 951 605 1014 καί
630 963 691 1015 τῶν
716 952 919 1034 ἑβδομήκοντα
945 961 1028 1032 μνῶν
1049 962 1109 1016 τῶν
1131 953 1212 1035 παρὰ

201 1057 255 1109 τοῦ
272 1050 453 1131 Μοσχίωνος
469 1050 503 1112 τδ
520 1051 612 1130 ήμισυ
634 1049 685 1111 καί
707 1060 759 1130 τής
782 1049 853 1129 όλης
876 1049 988 1130 οὐσίας,
1009 1055 1073 1124 ταῖς
1095 1050 1209 1130 συνθή-

64 1214 69 1218 ,
201 1169 268 1220 καις
281 1146 507 1229 ἰσχυριζόμενος,
524 1147 575 1209 καί
591 1146 684 1229 λέγων
697 1146 748 1208 καλ
768 1145 801 1208 ἐν
817 1157 854 1233 τῇ
871 1147 1019 1231 τελευταίῳ
1037 1148 1105 1234 δίκη
1119 1166 1211 1210 συνα-

201 1245 388 1325 γωνίσασθαι
404 1251 445 1330 τῷ
465 1239 702 1330 Ὀλυμπιοδώρῳ,
724 1241 775 1304 καί
798 1241 1048 1326 συγκεχωρηκέναι
1069 1245 1120 1307 καί
1141 1245 1211 1319 τοὺς

202 1341 308 1422 λόγους
330 1342 423 1402 εἰπεῖν
446 1341 499 1416 οὓς
521 1340 654 1422 ἐβούλετο
672 1341 722 1403 καί
745 1341 892 1423 μάρτυρας
912 1339 1114 1422 παρασχέσθαι
1135 1358 1212 1421 ψευ-

203 1441 280 1520 δεῖς,
309 1438 380 1519 ούς,
408 1439 436 1500 εί
464 1438 504 1517 μή
534 1449 622 1524 κοινή
651 1436 702 1500 καί
731 1437 950 1520 συντεθειμένοι
972 1438 1046 1519 πρὸς
1068 1438 1211 1519 ἀλλήλους

203 1534 397 1616 ήγωνίζοντο,
426 1535 536 1619 ῥᾳδίως
562 1533 601 1596 διν
627 1533 755 1616 ἐλέγξαι,
783 1534 834 1597 καί
855 1536 911 1598 οόκ
932 1535 1015 1598 ἐᾶσαι
1035 1535 1088 1598 τόν
1108 1531 1212 1617 Ὀλυμ-

203 1630 352 1713 πιόδωρον
374 1641 493 1711 νικήσαι
514 1631 570 1710 τήν
592 1632 690 1711 δίκην.

267 1845 463 1931 Ἀναγκαῖον
489 1854 567 1925 ίσως
585 1845 675 1914 ἐστὶν
693 1842 719 1914 ὦ
738 1849 857 1934 ἀνδρες
875 1849 1037 1933 δικασταί,
1058 1845 1114 1914 καὶ
1135 1851 1214 1927 τοὺς
1222 1863 1287 1914 1167

204 1955 248 2040 μή
267 1955 428 2032 εἰωθότας
445 1949 529 2040 μηδέ
547 1953 754 2040 δυναμένους
773 1958 878 2020 εἰπεῖν
896 1953 1034 2020 εἰσιέναι
1052 1957 1099 2032 είς
1122 1957 1213 2022 δικα-

205 2063 359 2145 στήριον,
389 2057 522 2124 ἐπειδάν
545 2059 610 2126 ὑπό
639 2083 729 2138 τινος
752 2058 947 2144 ἀδικῶνται,
973 2061 1080 2137 άλλως
1101 2083 1135 2126 τε
1158 2060 1214 2126 καλ

204 2163 263 2251 ὑφ’
291 2159 338 2232 ὧν
368 2165 484 2249 ήκιστα
515 2175 681 2251 προσήκεν
713 2165 920 2251 ἀδικεῖσθαι,
951 2157 1025 2232 οἷον
1056 2163 1111 2231 καί
1140 2165 1213 2252 ἐμοὶ

203 2272 281 2339 νυνὶ
300 2274 483 2356 συμβαίνεκ
519 2271 561 2337 ού
579 2275 782 2356 βουλόμενος
799 2272 862 2358 γάρ
881 2266 907 2337 δ)
926 2273 1046 2357 ἀνδρες
1063 2271 1214 2338 δικασταὶ
1313 2305 1314 2376 ρ

204 2378 425 2463 ἀγωνίζεσθαι
437 2380 519 2462 πρὸς
533 2374 804 2464 Ὀλυμπιόδωρον
819 2380 943 2445 οἰκεῖον
957 2379 1036 2444 ὄντα
1050 2375 1105 2444 καὶ
1118 2378 1214 2443 ἀδελ·
1313 2381 1314 2476 J

203 2485 272 2568 φήν
298 2483 418 2549 τούτου
446 2485 547 2568 έχων,
573 2483 781 2569 ήνάγκασμαι
809 2483 865 2549 διὰ
891 2485 928 2550 τὸ
951 2480 1065 2568 μεγάλ’
1091 2483 1214 2551 ἀδικεῖ·

178 2595 285 2658 εσθαι
307 2588 372 2654 ὑπὸ
396 2573 524 2656 τούτου.ι
570 2592 602 2656 εί
623 2587 684 2676 μέν
707 2586 769 2658 οὖν
799 2592 843 2676 μή
867 2589 1084 2675 ἀδικούμενος
1107 2585 1132 2656 ὦ
1156 2592 1214 2656 άν-

205 2696 281 2780 δρες
303 2695 464 2778 δικασταί,
487 2694 570 2760 ἀλλά
590 2697 715 2774 ψεῦδός
736 2719 768 2762 τι
791 2695 938 2778 ἐγκαλῶν
956 2693 1213 2786 Ὀλυμπιοδώρῳ

204 2800 331 2866 τούτων
353 2823 385 2864 τι
408 2799 560 2885 ἐποίουν,
587 2800 609 2884 ἢ
632 2814 701 2879 τοϊς
728 2800 924 2884 ἐπιτηδείοις
950 2813 1020 2878 τοῖς
1047 2801 1137 2887 ἐμοῖς
1158 2801 1214 2868 καὶ
1313 2791 1314 2798 ¹

201 2902 470 2992 Ὀλυμπιοδώρου
498 2908 542 2991 μή
572 2905 699 2973 ἐθέλων
727 2904 927 2992 ἐπιτρέπειν,
954 2907 975 2992 ή
998 2909 1101 2976 ἀλλον
1123 2912 1213 2986 τινὸς
1313 2941 1314 3000 ρ

204 3022 271 3078 τῶν
294 3012 432 3077 δικαίων
455 3011 686 3098 ἀφιστάμενος,
709 3007 747 3077 εύ
772 3019 840 3078 ίστε
863 3012 914 3078 ὅτι
935 3013 1025 3079 πάνυ
1048 3013 1090 3080 ἀν
1111 3011 1211 3102 ήσχυ-
1313 3007 1314 3036 ³

204 3120 311 3202 νόμην
334 3116 389 3183 καὶ
412 3117 562 3202 ἐνόμιζον
590 3117 632 3183 δν
655 3118 797 3203 ἐμαυτὸν
820 3123 950 3204 φαῦλον
973 3114 1059 3189 εἶναι
1081 3120 1213 3206 ἀνθρώ·
1313 3189 1314 3196 ,

204 3242 282 3288 πον·
310 3232 374 3288 νῦν
402 3217 433 3286 δ’
458 3223 535 3288 ούτε
563 3223 662 3307 μικρὰ
691 3221 926 3306 ἐλαττούμενος
952 3223 1017 3290 ὑπὸ
1041 3221 1212 3309 Ὀλυμπιο-

205 3328 332 3410 δώρου,
360 3328 435 3394 ούτε
464 3329 662 3412 διαλλακτήν
685 3326 806 3394 οὐδένα
829 3329 979 3415 φεύγων,
1006 3328 1077 3396 οὔτ’
1103 3327 1146 3396 αὖ
1169 3333 1212 3415 μδ

206 3433 264 3496 τὸν
287 3436 355 3497 Δία
376 3434 436 3497 τὸν
458 3429 612 3516 μέγιστον
635 3430 731 3517 ἑκών,
754 3429 827 3498 ἀλλ’
854 3435 899 3510 ὡς
922 3427 994 3501 οἷόν
1017 3459 1051 3501 τε
1074 3436 1213 3519 μάλιστα

207 3537 308 3619 άκων,
330 3537 536 3621 ήνάγκασμαι
554 3537 619 3604 ὑπὸ
637 3539 757 3606 τούτου
776 3539 996 3623 ἀγωνίζεσθαι
1012 3542 1135 3626 ταύτην
1154 3543 1213 3628 τήν
