2658 3914
194 183 259 275 170
519 213 551 264 L.
578 208 883 280 [Δεκοεοεεονε]

153 387 179 428 ⁸2
192 393 291 456 μενος
313 369 412 448 αύτδς
438 371 475 436 τὸ
505 373 637 456 χωρίον.
682 366 961 457 παραταξαμένων
983 364 1022 436 δὲ
1042 371 1208 453 Μαρωνι-
1310 417 1311 444 ,

191 487 258 542 τῶν
285 475 366 560 ήμίν
396 484 468 553 ταῖς
491 473 613 542 ναυσὶν
641 472 726 560 ὑπὲρ
757 486 819 543 τοῦ
845 478 969 562 χωρίου
998 475 1119 542 τούτου
1148 472 1207 540 καί
1310 489 1311 506 λ

191 583 381 666 μελλόντων
403 583 645 668 ναυμαχήσειν,
672 580 728 647 καί
750 593 817 648 τῶν
840 591 1048 668 στρατιωτῶν
1070 579 1207 667 ἀπειρη-

190 690 310 772 κότων,
331 691 439 754 πλοῦν
460 690 569 755 πολὺν
586 689 818 754 πεπλευκότων
839 676 894 753 καί
917 693 1016 754 πλοῖα
1039 685 1206 754 ἑλκόντων

191 790 227 858 ἐκ
247 792 361 858 Θάσου
380 795 427 870 είς
444 794 616 879 Στρύμην,
639 796 688 858 ἔτι
710 790 748 859 δὲ
765 805 925 880 χειμῶνος
947 795 1044 870 όντος
1065 791 1121 859 καὶ
1142 803 1205 859 τοῦ

190 902 316 986 χωρίου
335 897 505 984 ἀλιμένου,
528 897 583 965 καὶ
602 898 738 984 ἐκβῆναι
756 899 818 966 οῦκ
836 899 876 966 δν
894 895 974 966 οὐδὲ
991 900 1205 983 δειπνοποιή-

191 1011 327 1091 σασθαι,
348 1008 506 1089 πολεμίας
522 1012 580 1088 τῆς
597 1005 706 1092 χώρας
728 1005 831 1090 ούσης
852 1003 907 1071 καὶ
928 1003 1206 1092 περικαθημένων

190 1112 301 1202 ιιύκλμ
323 1113 362 1180 τὸ
379 1123 487 1199 τεῖχος
503 1109 559 1178 καὶ
577 1108 682 1190 ξένων
704 1114 925 1197 μισθοφόρων
947 1109 1002 1177 καὶ
1025 1110 1204 1197 βαρβάρων

190 1221 398 1305 προσοίκων,
429 1218 611 1302 ἀναγκαῖον
642 1213 686 1301 ήν
718 1214 772 1283 ἐπ’
808 1217 954 1304 ἀγκύρας
984 1216 1204 1284 ἀποσαλεύειν

191 1325 253 1410 τήν
275 1326 379 1392 νύκτα
401 1325 601 1411 μετεώρους,
623 1323 757 1401 ἀσίτους
778 1322 834 1389 καὶ
857 1323 1058 1410 ἀγρύπνους,
1079 1329 1203 1409 φυλατ-
1312 1348 1313 1394 ι

190 1429 350 1516 τομένους
376 1431 421 1514 μή
448 1437 506 1514 τής
531 1431 651 1507 νυκτὸς
679 1429 760 1515 ήμῑν
783 1429 965 1496 ἐπιθῶνται
987 1431 1025 1496 αί
1043 1433 1204 1516 Μαρωνι·
1312 1421 1313 1426 ¹

151 1552 177 1594 τε
190 1547 257 1602 τῶν
287 1537 440 1622 τριήρεις.
486 1537 534 1601 ἔτι
565 1531 603 1600 δέ
631 1537 754 1620 συνέβη
785 1544 843 1620 τῆς
870 1537 990 1614 νυκτδς
1018 1537 1088 1624 θρηι
1110 1539 1203 1613 ἔτους

189 1641 283 1728 ὕδωρ
314 1639 369 1706 καὶ
401 1641 543 1727 βροντάς
571 1639 627 1707 καί
653 1642 778 1726 ἀνεμων
809 1640 913 1726 μέγαν
942 1641 1101 1726 γενέσθαι
1129 1639 1197 1726 (ὑπ’

190 1746 292 1824 αὐτάς
320 1745 384 1832 γάρ
411 1746 589 1812 Πλειάδων
618 1748 732 1824 δύσεις
761 1747 797 1814 σί
823 1751 938 1834 χρόνοι
968 1743 1060 1816 οὗτοι
1089 1743 1201 1833 ήσαν),

191 1850 224 1930 ἐξ
248 1845 296 1918 ὧν
317 1854 393 1918 τίνα
419 1853 481 1919 ούκ
508 1857 620 1920 οίεσθε
643 1849 669 1919 ὦ
693 1854 813 1941 ἀνδρες
841 1853 992 1920 δικασταὶ
1014 1866 1083 1932 τοῖς
1105 1871 1199 1940 στρα-
1210 1868 1276 1917 1214

190 1959 321 2036 τιύταις
347 1957 497 2044 ἀθυμίαν
525 1959 691 2044 ἐμπεσεῑν;
719 1963 827 2045 πόσην
850 1958 890 2026 δέ
917 1983 974 2045 μοι
997 1962 1077 2046 μετὰ
1100 1969 1200 2026 ταῦτα
1313 1959 1314 1988 ³

191 2061 368 2144 ἀπόλειψιν
395 2063 554 2150 γενέσθαι
580 2065 697 2150 πάλιν,
724 2076 791 2132 τῶν
818 2064 964 2152 ἀρχαίων
992 2077 1125 2132 ναυτῶν
1147 2089 1200 2131 τα-

191 2170 473 2257 λαιπωρουμένων
499 2167 561 2257 μέν
587 2173 710 2256 πολλά,
737 2170 980 2258 ὠφελουμένων
1008 2168 1047 2237 δὲ
1068 2170 1200 2258 βραχέα,

191 2276 253 2343 ὅσα
270 2276 335 2362 ἐγὼ
354 2279 520 2363 δυναίμην
538 2275 663 2368 ἑκάστω
682 2279 910 2362 δανειζόμενος
928 2276 1104 2365 ἐπαρκέσαι
1120 2279 1201 2363 πρὸς

191 2375 218 2472 ηδ
245 2386 408 2469 πρότερον
440 2379 531 2470 είχον
562 2380 639 2468 παρ’
675 2382 768 2468 ἐμοῦ,
804 2381 874 2448 ἐπεὶ
903 2382 922 2449 ὅ
954 2407 991 2466 γε
1023 2386 1201 2470 στρατηγὸς

191 2486 271 2556 οὐδὲ
293 2491 331 2556 τὸ
350 2484 403 2576 ἐφ’
424 2488 551 2576 ἡμέραν
568 2489 681 2566 αὐτοῖς
697 2489 825 2575 τροφήν
849 2490 967 2576 διαρκῆ
990 2488 1114 2556 ἐδίδου.
1147 2487 1200 2556 καὶ

190 2595 255 2678 ήδη
282 2606 370 2681 τρεῖς
398 2604 499 2680 μῆνες
526 2594 858 2681 ἐπετετριηράρχηντό
887 2619 962 2679 μοι,
988 2593 1044 2660 καὶ
1071 2594 1200 2662 οὐδέπω

191 2694 288 2777 οὗτος
319 2695 399 2785 ήκεν
429 2699 482 2766 ε’πί
513 2702 575 2786 τήν
603 2710 708 2786 ναῦν,
739 2697 815 2766 ἀλλ’
842 2699 1052 2786 ἐμισθούμην
1079 2703 1201 2779 ναύτας

192 2803 266 2872 ἀντὶ
289 2815 355 2871 τῶν
378 2804 620 2891 ἀπολιπόντων,
643 2807 873 2890 δανειζόμενος
894 2804 1064 2893 ἀργύριον.

152 2930 179 2971 τι
257 2914 364 3000 Μόνῳ
382 2915 498 2979 τοίνυν
515 2913 621 3002 τούτῳ
638 2924 706 2978 τῶν
723 2914 835 2978 ἀλλων
858 2913 1025 2999 διαδόχων
1048 2913 1109 2980 οὐκ
1131 2917 1200 2980 ἐστι

190 3019 357 3104 πρόφασις
378 3017 621 3104 ὑπολειπομένη
628 3069 638 3104 ,
667 3020 753 3084 διότι
776 3018 817 3085 ού
840 3019 941 3084 πάλαι
962 3014 1042 3102 ήκεν
1065 3018 1118 3085 ἐπὶ
1139 3021 1200 3105 τήν

190 3132 286 3189 ναῦν.
322 3123 341 3190 δ
363 3124 427 3211 γάρ
449 3124 634 3210 Εὐκτήμων
657 3125 675 3191 δ
697 3127 995 3210 πεντηκόνταρχος,
1016 3125 1060 3202 ὡς
1083 3125 1118 3192 ἐκ
1140 3135 1199 3191 τοῦ

186 3227 430 3314 Ἑλλησπόντου
454 3229 618 3316 ἀπεστάλη
642 3232 754 3297 οίκαδε
777 3229 980 3315 ἀσθενήσας,
1007 3229 1120 3315 ἐπειδὴ
1143 3255 1198 3297 κα-

191 3332 346 3401 τέπλευσε
359 3332 415 3401 καί
427 3338 549 3421 ήκονσε
563 3346 683 3402 τοῦτον
701 3332 775 3421 ἐμοὶ
788 3335 948 3421 διάδοχον
965 3340 1199 3420 καθεστηκότα,

192 3440 288 3517 είδδος
309 3444 368 3507 τόν
385 3465 420 3508 τε
439 3446 562 3529 χρόνον
581 3440 738 3525 ἑξήκοντά
760 3463 817 3525 μοι
838 3449 896 3524 τῆς
917 3445 1128 3527 τριηραρχίας
1144 3441 1198 3508 καί

192 3547 256 3629 ήδη
289 3545 603 3634 ἐπιτριηραρχοῦντά
640 3569 698 3630 με,
733 3547 933 3629 παραλαβὼν
966 3549 1105 3612 Δεινίαν
1141 3550 1199 3614 τὸν
