2650 3918
205 197 272 264 294
402 220 405 226 .
505 198 576 248 mx.
605 194 910 266 [ΔΗαοΣοιιυοννγ

174 356 259 424 εκαὶ
280 359 374 443 ήμείς
396 358 544 434 ἅπαντες.
590 358 638 422 ἔτι
661 352 698 422 δέ
720 354 776 421 καὶ
793 356 814 440 ή
834 353 927 442 ἑτέρα
947 354 1097 440 ῶυγάτηρ
1121 349 1230 418 ἀνέκ-

149 461 152 466 ’
205 466 300 540 δοτος
330 466 465 547 ἔμελλεν
495 465 644 528 ἔσεσθαι·
673 465 723 538 τίς
752 463 816 548 γάρ
845 461 888 527 ἀν
916 482 995 528 ποτε
1022 457 1097 544 παρ’
1126 459 1228 544 ὀφεί-

204 575 321 646 λοντος
343 577 387 656 τῷ
413 569 561 658 δημοσίῳ
588 565 644 634 καὶ
672 566 877 654 ἀποροῦντος
899 569 1017 650 ἐλαβεν
1040 567 1224 652 άπροικον;

204 675 329 740 οὐκοῦν
351 676 554 759 τηλικούτων
577 685 687 740 κακῶν
706 679 810 750 αἴτιος
832 673 913 757 ήμίν
934 681 1035 738 πᾶσιν
1057 670 1225 756 ἐγίγνετο,

204 777 304 846 οὐδὲν
332 783 462 848 πώποτε
496 777 555 867 ὑφ’
588 780 683 864 ήμῶν
716 777 923 864 ἠδικημένος.
964 788 1034 855 τοίς
1062 773 1125 861 μὲν
1154 769 1224 842 οὖν

205 887 373 965 δικασταῖς
401 899 470 964 τοῖς
499 889 571 953 τότε
602 886 756 953 δικάσασι
785 887 913 969 πολλήν
942 885 1039 971 χάριν
1068 882 1151 948 κατά
1183 904 1223 965 γε

204 989 292 1058 τοῦτ’
316 996 392 1079 ἔχω,
416 993 467 1058 ὅτι
484 992 526 1058 οὐ
543 994 714 1078 περιεῖδον
732 991 833 1058 αὐτὸν
852 987 1119 1076 ἀναρπασθέντα,
1141 984 1218 1054 ἀλλ’
1231 1004 1285 1054 1348

205 1097 362 1184 ε’τίμησαν
391 1098 573 1183 ταλάντου,
604 1098 687 1163 ὥστε
719 1098 909 1182 δυνηδήναι
939 1095 1080 1162 ἐκτεῖσαι
1109 1097 1221 1179 μόλις·

203 1205 310 1294 τούτῳ
345 1201 383 1271 δέ
417 1206 551 1281 δικαίως
583 1205 643 1270 τὸν
678 1203 780 1269 αὐτὸν
814 1205 935 1288 ἔρανον
964 1201 1220 1287 ἐνεχειρήσαμεν

177 1309 398 1377 εάποδοῶναι.
435 1309 490 1376 καὶ
513 1311 576 1397 γὰρ
600 1309 641 1376 οὐ
664 1313 770 1394 μόνον
790 1310 892 1396 ταύτη
911 1308 1063 1392 ἐζήτησεν
1086 1305 1220 1372 ἀνελεῖν

203 1416 299 1500 ήμάς,
321 1416 405 1484 ἀλλά
427 1416 483 1483 καὶ
505 1416 544 1482 ἐκ
564 1425 622 1500 τῆς
638 1417 796 1501 πατρίδος
813 1416 916 1482 αὐτὸν
935 1415 1103 1500 ἐβουλήθη
1122 1412 1220 1498 ἐκβα-

204 1526 284 1587 λεῖν.
321 1521 496 1605 ἐπενέγκας
518 1522 581 1604 γάρ
601 1520 690 1608 αὐτῷ
710 1523 818 1586 αἰτίαν
838 1523 958 1604 ψευδῆ,
981 1519 1026 1596 ὡς
1044 1515 1222 1604 Ἀφίδναζέ

203 1649 282 1693 ποτε
305 1627 504 1712 ἀφικόμενος
531 1625 584 1692 ἐπὶ
612 1625 777 1712 δραπέτην
804 1625 908 1692 αὑτοῦ
937 1629 1039 1710 ζητῶν
1066 1623 1218 1704 πατάξειε

204 1741 345 1814 γυναῖκα
367 1730 422 1797 καὶ
444 1731 481 1797 ἐκ
502 1741 559 1816 τής
586 1737 714 1816 πληγῆς
739 1735 963 1816 τελευτήσειεν
984 1731 1005 1816 ή
1028 1731 1218 1817 ἀνδρωπος,

203 1837 531 1922 παρασκευασάμενοι
554 1835 755 1922 ἀνθρώπους
777 1837 920 1915 δούλους
941 1833 997 1902 καὶ
1018 1838 1218 1904 κατασκευά-

205 1957 320 2019 σαντες
342 1942 386 2020 ὡς
405 1945 592 2028 Κυρηναῖοι
610 1949 737 2028 εἴησαν,
759 1955 919 2028 προεῖπον
942 1942 1030 2030 αὐτῷ
1054 1941 1107 2008 ἐπὶ
1125 1948 1217 2009 Παλ·
1303 1931 1304 1956 ³

165 2070 190 2110 ιο
205 2049 309 2135 λαδίφ
332 2050 450 2133 φόνου.
496 2046 551 2114 καὶ
574 2050 665 2132 ἔλεγε
687 2051 749 2133 τήν
777 2051 873 2133 δίκην
896 2046 1068 2135 Στέφανος
1091 2049 1216 2134 οὑτοσί,
1303 2101 1304 2132 ,

204 2154 444 2238 διομοσάμενος
471 2155 516 2232 ῶς
542 2157 686 2221 ἔκτεινεν
709 2151 958 2239 Ἀπολλόδωρος
988 2156 1050 2239 τήν
1075 2167 1215 2238 γυναῖκα
1303 2193 1304 2202 1

205 2261 404 2348 αὐτοχειρίᾳ,
427 2259 583 2338 ἐξώλειαν
606 2260 695 2348 αὐτῷ
718 2258 774 2326 καί
797 2258 886 2344 γένει
908 2257 964 2326 καὶ
986 2263 1075 2348 οίκίηι
1097 2261 1214 2344 ἐπαρα-
1303 2249 1304 2254 ¹

185 2368 356 2453 σάμενος,
380 2367 401 2434 δ
424 2363 494 2434 οὔτ’
517 2365 646 2450 ἐγένετο
665 2363 736 2432 οὔτ’
759 2362 848 2440 εἶδεν
867 2363 936 2432 οὔτ’
960 2367 1103 2450 ήκουσεν
1122 2367 1214 2433 οὐδε-

202 2476 261 2550 νὸς
287 2470 409 2539 πώποτ’
441 2471 641 2558 ἀνθρώπων.
686 2469 889 2558 ἐξελεγχθεὶς
917 2468 948 2538 δ’
975 2470 1139 2557 ἐπιορκῶν
1160 2471 1213 2538 καὶ

203 2581 311 2662 ψευδῆ
330 2581 438 2644 αἰτίαν
458 2576 635 2664 ἐπιφέρων,
652 2575 709 2644 καὶ
722 2579 912 2662 καταφανής
929 2580 1107 2662 γενόμενος
1124 2601 1212 2663 μεμι-

204 2682 377 2767 σδωμένος
394 2683 459 2750 ὑπὸ
478 2686 745 2770 Κηφισοφῶντος
766 2681 822 2748 καὶ
836 2680 1116 2767 Ἀπολλοφάνους,
1135 2681 1207 2750 ὥστ’

204 2787 353 2866 ἐξελάσαι
373 2786 625 2874 Ἀπολλόδωρον
647 2789 668 2873 ή
692 2789 853 2874 ἀτιμῶσαι
879 2787 1039 2874 ἀργύριον
1062 2791 1211 2875 εἰληφώς,

204 2893 317 2976 ὀλίγας
342 2897 475 2980 ψήφους
502 2897 694 2980 μεταλαβὼν
725 2895 762 2961 ἐκ
792 2898 1035 2980 πεντακοσίων,
1066 2893 1211 2979 ἀπήλδεν

203 2999 413 3085 ἐπιωρκηκὼς
434 2998 490 3065 καὶ
512 3000 611 3079 δόξας
633 3003 778 3087 πονηρὸς
800 2997 895 3067 εἶναι.

164 3128 189 3168 11
270 3111 431 3173 Σκοπείτε
456 3108 497 3190 δή
517 3105 612 3174 αὐτοὶ
630 3103 656 3172 ὦ
676 3109 796 3192 ἀνδρες
815 3105 965 3174 δικασταὶ
988 3107 1024 3173 ἐκ
1046 3119 1114 3174 τῶν
1132 3110 1211 3176 είκά-

202 3235 269 3279 των
291 3216 498 3296 λογιζόμενοι
520 3215 602 3297 πρὸς
629 3213 715 3297 ὑμᾶς
741 3213 878 3296 αὐτούς,
904 3217 940 3279 τί
963 3211 1005 3280 διν
1028 3213 1211 3301 ἐχρησάμην
1303 3205 1304 3282 ζ

202 3317 331 3407 ἐμαυτῷ
355 3317 410 3384 καὶ
433 3327 471 3404 τῇ
494 3316 628 3401 γυναικὶ
650 3317 706 3384 καὶ
727 3328 766 3404 τή
790 3318 934 3406 ἀδελφή,
957 3325 992 3384 εί
1009 3341 1041 3384 τι
1060 3317 1210 3386 Ἀπολλο-

203 3427 299 3515 δώρφ
322 3422 445 3510 συνέβη
470 3431 593 3489 παῶείν
616 3418 663 3489 ὧν
687 3423 860 3510 Στέφανος
882 3422 997 3492 οὑτοσὶ
1021 3423 1209 3509 ἐπεβούλευ-

203 3545 260 3595 σεν
283 3530 387 3616 αὐτῷ,
410 3529 431 3614 ή
455 3529 492 3596 ἐν
518 3538 563 3617 τῷ
591 3528 740 3618 προτέρῳ
763 3528 784 3613 ή
808 3528 845 3594 ἐν
871 3540 917 3620 τῷ
946 3528 1072 3618 ὑστέρῳ
1095 3529 1207 3614 ἀγῶνις
