2658 3922
456 175 554 228 ΠΡΟΣ
573 175 806 228 ωιτηουτ.
1067 166 1132 233 189

119 344 229 412 κακῶς
246 357 299 400 τιν
301 331 516 420 ’ἐτόλμησαν
539 338 696 419 είπειν,ο
676 325 984 418 οίςνάγαπητὸνῆ
1006 329 1050 415 μη
1072 328 1134 396 πά-

120 456 241 526 σχουσι
263 451 371 517 κακῶς
393 439 514 518 αὐτοῖς.

77 563 105 602 ²1
193 549 261 613 Τοῦ
293 550 409 612 τοίνυν
439 548 577 625 τούτους
612 546 748 625 ἀδίκους
784 542 870 612 εἶναι
900 540 956 610 καὶ
985 549 1135 629 θρασεῖς,

121 648 259 728 οὐδένες
279 649 374 736 ὑμῶν
397 654 484 718 εἰσιν
507 653 704 740 αἰτιώτεροι·
732 651 821 738 παρὰ
843 651 907 737 γὰρ
930 661 997 717 τῦν
1020 649 1135 732 λεγόν·

120 778 208 840 των,
238 755 296 834 οῦς
319 754 382 823 ἔστ’
408 755 464 824 ἐπὶ
485 765 597 847 μισθῷ
628 767 725 824 τοῦτο
755 757 975 842 πράττοντας,
1003 753 1135 820 πυνθά-

120 867 223 927 νεσθε
241 864 339 928 ποῖόν
358 860 422 929 τιν’
445 861 584 931 ἕκαστον
608 865 661 930 δεῖ
675 865 834 948 νομίζειν,
857 861 918 928 οὐκ
936 859 1031 928 αὐτοὶ
1048 867 1135 926 θεω-

121 978 218 1054 ρειτε.
260 971 368 1035 καίτοι
397 979 467 1046 πῶς
495 967 557 1035 οῦκ
585 970 711 1036 ἄτοπον
718 1017 729 1053 ,
757 969 895 1045 τούτους
927 961 988 1052 μὲν
1015 965 1135 1044 αὐτοὺς

122 1073 368 1159 πονηροτάτους
389 1083 456 1139 τῶν
478 1077 624 1139 πολιτῶν
641 1069 800 1158 νομίζειν,
822 1075 901 1149 τοὺς
920 1068 950 1137 δ’
972 1070 1037 1137 ὑπὸ
1060 1072 1134 1138 τοῦ·

79 1196 109 1238 ευ
122 1201 191 1244 των
221 1175 480 1261 ἐπαινουμένους
511 1180 674 1264 χρηστοὺς
703 1177 874 1262 ἡγεῖσθαις
905 1174 960 1243 καλ
990 1175 1053 1262 γάρ
1084 1198 1136 1242 τοι

123 1285 232 1350 πάντα
251 1280 294 1350 δι’
317 1282 428 1350 αὐτῶν
449 1293 636 1368 ποιοῦνται,
658 1281 715 1350 καὶ
736 1286 842 1369 μόνον
865 1283 926 1370 οὐχ
948 1282 1014 1349 ὑπὸ
1036 1283 1135 1366 κηρυ-

122 1415 181 1467 κος
202 1394 352 1456 πωλοῦσι
374 1388 414 1454 τά
435 1390 548 1473 κοινά,
575 1388 631 1456 καί
659 1398 862 1475 στεφανοῦν,
886 1388 929 1483 Ιδν
956 1387 999 1454 ἀν
1026 1387 1138 1465 αὐτοῖς

125 1499 227 1582 δοκῇ,
255 1493 311 1562 καὶ
334 1496 379 1580 μὴ
402 1505 589 1581 στεφανοῦν
618 1497 810 1580 κελεύουσι,
838 1491 1058 1582 κυριωτέρως
1080 1492 1139 1560 αὑ·

124 1605 204 1679 τοὺς
233 1611 302 1670 τῶν
332 1599 500 1687 ὑμετέρων
532 1601 707 1686 δογμάτων
738 1601 962 1678 καθιστάντες.
1007 1599 1072 1685 ἐγὼ
1101 1598 1135 1665 δ’

124 1709 207 1793 ὑμῖν
230 1702 256 1772 ὦ
279 1708 400 1792 ἀνδρες
413 1704 587 1791 Ἀθηναῖοι
604 1716 768 1793 παραινῶ,
790 1707 835 1791 μη
857 1719 966 1774 ποιεῖν
987 1707 1049 1790 την
1070 1717 1138 1773 τῶν

126 1813 316 1879 ἀναλίσκειν
344 1812 533 1879 ἐθελόντων
559 1816 750 1898 φιλοτιμίαν
783 1809 837 1879 ἐπὶ
862 1821 902 1898 τῇ
928 1824 995 1879 τῶν
1022 1815 1137 1897 λιμόν-

126 1944 194 1986 των
210 1917 392 2007 πλεονεξίᾳ.
427 1919 459 1984 εί
476 1914 513 1985 δὲ
531 1920 588 2005 μη,
611 1917 759 1998 διδάξετε
781 1918 917 2002 πάντας,
938 1919 978 1984 τὰ
996 1915 1057 2004 μὲν
1074 1915 1134 2005 ὑφ’

71 2059 73 2064 .
125 2025 221 2111 ὑμῶν
242 2021 497 2110 προσταττόμεν’
525 2024 569 2102 ὡς
591 2022 803 2091 εὐτελέστατα
826 2025 980 2108 διοικεῖν,
1001 2026 1080 2102 τοὺς
1103 2023 1133 2092 δ’

126 2127 211 2216 ὑπὲρ
232 2130 360 2196 τούτων
382 2128 526 2206 ἀναιδῶς
552 2130 600 2206 είς
626 2129 713 2215 ὑμᾶς
733 2126 961 2214 ψευσομένους
983 2129 1028 2207 ὡς
1048 2135 1139 2196 πλεί·

128 2253 228 2312 στους
249 2239 465 2318 μισθοῦσθαι.

532 2376 743 2388 --...-.—....

598 2558 670 2627 LII.

381 2699 523 2776 ΠΡΟΣ
548 2700 888 2804 ΚΑΛΛΠΙΠοΝ,

538 2889 738 2944 ΤΠΟΘΕΣΙΣ.

196 3017 309 3082 Λύκων
330 3041 385 3100 τις,
405 3018 439 3081 τὸ
461 3015 546 3100 γένος
563 3012 776 3102 Ἡρακλεώτης,
797 3030 834 3106 τη
858 3021 1015 3095 Πασίωνος
1037 3018 1139 3105 ἐχρῆτο

130 3115 264 3203 τραπέζη.
304 3109 390 3190 οὗτος
413 3114 524 3196 μέλλων
546 3115 663 3196 ἐκπλεῖν
689 3117 733 3191 είς
754 3117 891 3198 Λιβύην,
913 3117 1065 3180 κατέλιπεν
1088 3116 1140 3200 ἀρ
1150 3133 1219 3184 1235

130 3217 235 3298 γῦριον
256 3211 336 3295 παρὰ
353 3213 499 3295 Πασίωνι,
522 3210 563 3288 ὣς
580 3211 635 3294 μὲν
652 3214 776 3276 Πασίων
794 3215 852 3289 ξῦν
870 3214 947 3297 ἔλεγε
968 3213 1019 3276 καὶ
1036 3208 1141 3276 Ἀπολτ-

131 3313 260 3393 λόδωρος
281 3309 356 3392 λέγει
377 3319 449 3390 νῦν,
475 3309 674 3392 ἐντειλάμενος
700 3309 866 3373 ἀποδοῦναι
887 3311 1077 3397 Κηφισιάδῃ,
1101 3309 1142 3386 ὡς

132 3405 165 3472 δὲ
186 3406 359 3480 Κάλλιπτιός
381 3423 489 3488 φησιν,
516 3406 610 3493 ἐαυτῷ
637 3408 829 3489 χαρισάμενος
856 3408 933 3492 φίλῳ
955 3400 982 3468 τ’
1007 3405 1069 3468 ὄντι
1091 3405 1142 3467 καί

131 3503 263 3591 προξένῳ
293 3511 352 3566 τῶν
381 3503 501 3566 πάντων
529 3497 747 3587 Ἡρακλεωτῶν.
791 3501 1000 3575 ἀποθανόντος
1030 3499 1063 3562 δὲ
1089 3510 1142 3562 τοῦ
