2654 3926
203 209 246 274 54
490 210 584 262 mv.
615 207 918 279 [ΔΗαοΣοιιοουτ]

204 370 368 455 ἐγγυτάτω
391 366 480 452 γένει
502 371 610 454 ὄντας,
631 369 770 445 τούτους
792 369 853 453 την
874 371 1099 455 κληρονομίαν
1121 371 1216 453 κομί·

204 483 339 560 σασθαι,
368 475 423 542 καὶ
452 476 538 560 ὑμᾶς
567 477 612 560 μὴ
641 487 711 553 τοῖς
740 473 937 560 δυναμένοις
966 477 1083 561 άριστα
1112 496 1216 560 παρα-

204 582 451 667 σκευάσασθαι,
488 581 573 647 άλλδι
602 593 672 658 τοῖς
708 578 938 665 ἀδικουμένοις
973 591 1040 646 τῶν
1071 585 1217 646 πολιτῶν

166 709 191 752 ιι
204 691 358 772 βοηθείνς
389 692 420 755 εί
448 683 509 772 μὲν
539 683 602 764 οὖν
632 684 683 772 ἐφ’
719 687 797 772 ἡμίν
825 682 888 772 ἦν,
916 687 999 753 ὥστε
1028 686 1154 765 δείξασι
1175 687 1217 752 τδ

203 791 279 876 περὶ
296 803 356 859 τοῦ
373 792 492 877 γένους
509 790 564 858 καί
588 801 646 876 τῆς
664 792 901 878 διαμαρτυρίας
918 791 1019 876 αὐτῆς
1035 797 1217 877 καταβῆναι

204 896 259 963 καὶ
281 900 423 982 μηδενὸς
449 902 497 966 ἔτι
523 902 677 975 πλείονος
705 901 807 982 λόγου
835 899 1070 984 προσδεῖσθαι,
1097 900 1217 985 σχεδόν

204 1026 237 1068 τι
264 1015 332 1070 τῶν
360 1009 522 1089 μεγίστων
552 1002 737 1090 εἰρημένων
771 1003 832 1070 ούκ
861 1003 904 1069 δν
932 1001 1149 1090 ἠνωχλοῦμεν
1176 1005 1217 1070 τδ

204 1113 315 1175 πλείω.
352 1108 464 1194 ἐπειδη
488 1106 526 1175 δὲ
549 1105 642 1176 οὗτοι
669 1120 738 1187 τοῖς
766 1105 827 1193 μὲν
854 1111 970 1193 νόμοις
997 1108 1059 1175 οὐκ
1088 1109 1218 1197 ἐνισχυ-

206 1225 371 1302 ριοῦνται,
397 1225 443 1305 τῷ
472 1212 510 1281 δὲ
535 1213 773 1302 προειληφέναι
799 1238 832 1280 τι
858 1225 926 1280 τῶν
953 1216 1153 1300 πραγμάτων
1182 1215 1217 1281 ἐκ

205 1332 266 1387 τοῦ
295 1323 428 1387 ἄνωθεν
457 1324 582 1407 χρόνου
615 1319 670 1386 καὶ
703 1329 748 1408 τῷ
779 1319 1051 1405 ἐμβεβατευκέναι
1080 1323 1128 1398 είς
1155 1321 1217 1405 τὴν

207 1427 336 1512 οὐσίαν,
357 1429 487 1504 τούτοις
504 1431 690 1512 τεκμηρίοις
707 1427 873 1513 χρώμενοι
890 1429 1037 1512 φήσουσι
1059 1432 1217 1514 κληρονο-

208 1544 298 1617 μεῖν,
325 1533 504 1618 άναγκαίον
532 1540 610 1610 ίσως
641 1531 696 1598 καὶ
728 1531 804 1619 περὶ
830 1534 959 1599 τούτων
985 1531 1075 1599 ἐστὶν
1102 1535 1218 1632 είπείν,

206 1636 263 1704 καὶ
298 1638 403 1717 δείξαι
434 1640 573 1716 τούτους
607 1638 743 1704 πάντων
780 1638 974 1726 ἀνθρώπων
1010 1639 1219 1725 βιαιοτάτους

208 1746 315 1822 ὄντας.
946 1813 949 1818 .

169 1872 194 1914 ιι
278 1853 323 1917 Τὸ
345 1851 409 1937 γάρ
432 1849 465 1929 ἐξ
489 1849 590 1936 ἀρχῆς
608 1846 635 1916 ὦ
653 1851 775 1936 ἄνδρες
796 1847 948 1916 δικασταὶ
967 1848 1136 1916 ἐκδιδόασι
1158 1852 1219 1935 την

208 1955 357 2043 άδελφην
385 1958 447 2041 τὴν
476 1955 604 2022 ἑαυτῶν
634 1956 652 2023 6
681 1958 890 2041 Μειδυλίδης
918 1955 973 2022 καὶ
1002 1957 1021 2024 6
1047 1953 1220 2042 Ἀρχιάδης

208 2063 413 2152 Λεωστράτῳ
438 2061 645 2151 Ἐλευσινίῳ·
680 2062 760 2147 μετὰ
790 2058 828 2128 δὲ
857 2072 959 2129 ταῦτα
988 2061 1024 2128 ἐκ
1052 2063 1318 2149 θυγατρὸςιοεσ

208 2178 265 2254 τῆς
287 2169 481 2254 ἐκδοθείσης
504 2167 649 2254 ἀδελφῆς
674 2169 793 2253 ταύτης
820 2167 932 2234 αὐτῶν
958 2173 1106 2252 γίγνεται
1128 2172 1220 2236 Λεω-

207 2275 328 2361 κράτης
356 2275 374 2342 6
404 2276 510 2360 πατὴρ
539 2274 759 2360 Λεωστράτου
788 2279 942 2358 τουτουί,
977 2272 1146 2354 σκέψασθε
1177 2275 1221 2352 ὡς

208 2382 390 2458 πολλοστὸς
422 2382 469 2458 είς
502 2381 563 2464 την
596 2389 656 2446 τοῦ
682 2376 860 2466 Ἀρχιάδου
895 2377 1091 2464 συγγένειαν
1119 2395 1221 2466 προσ-

208 2491 311 2572 ηκων,
332 2482 416 2572 ὑπὲρ
439 2481 480 2553 οὗ
503 2487 564 2570 την
592 2486 832 2572 διαμαρτυρίαν
855 2489 1057 2570 πεποίηνται.
1093 2487 1221 2552 τούτων

210 2590 240 2658 δ’
268 2592 372 2669 οὕτως
395 2591 554 2678 ἐχόντων,
576 2591 594 2658 6
618 2587 679 2676 μὲν
699 2589 874 2677 Ἀρχιάδης
901 2591 962 2657 οὐκ
990 2590 1119 2677 ἐγάμει,
1142 2593 1161 2658 δ
1184 2589 1222 2658 δὲ

210 2699 417 2784 Μειδυλίδης
437 2698 456 2765 6
480 2698 623 2782 ἀδελφὸς
640 2696 756 2780 αὐτοῦ,
778 2697 909 2773 πάππος
932 2693 969 2762 δὲ
991 2695 1126 2764 τουτουὶ
1148 2699 1223 2782 ἐγη-

172 2822 198 2864 ιε
211 2828 280 2892 μεν.
316 2802 371 2870 καὶ
393 2801 524 2870 οὐδέπω
547 2804 608 2887 την
631 2803 748 2868 οὐσίαν
772 2800 946 2886 ἐνέμοντο,
973 2799 1044 2869 ἀλλ’
1072 2801 1222 2888 ἑκάτερος

211 2913 295 2998 ἔχων
317 2910 358 2976 τά
386 2907 481 2974 λκανδ
503 2908 523 2975 6
546 2904 607 2992 μὲν
629 2909 839 2992 Μειδυλίδης
865 2906 902 2973 ἐν
928 2915 973 2996 τῳ
1002 2910 1093 2976 άστει
1117 2907 1224 2994 διέμε·

210 3040 281 3100 νεν,
304 3016 323 3083 6
346 3012 376 3081 δ’
400 3011 573 3100 Ἀρχιάδης
600 3012 637 3080 ἐν
661 3018 828 3098 Σαλαμῖνι
855 3011 940 3101 ᾤκει.
982 3014 1024 3080 ού
1050 3019 1161 3103 πολλῷ
1186 3012 1224 3081 δὲ

211 3125 320 3210 χρόνῳ
352 3120 493 3207 ὕστερον
529 3119 715 3205 άποδημίας
751 3121 842 3196 τινὸς
873 3122 920 3198 είς
950 3121 1012 3203 τὴν
1042 3119 1225 3206 ὑπερορίαν

213 3227 382 3310 συμβάσης
408 3235 453 3315 τῳ
481 3226 672 3312 Μειδυλίδῃ
705 3233 751 3313 τῳ
783 3225 904 3313 πάππῳ
932 3233 977 3314 τῳ
1005 3235 1066 3292 τοῦ
1091 3229 1225 3313 πατρός,

212 3331 424 3416 ἠρρώστησεν
447 3331 465 3398 6
485 3328 674 3417 Ἀρχιάδης,
703 3328 759 3395 καὶ
781 3335 917 3419 τελευτᾷ
943 3333 1003 3396 τὸν
1025 3333 1100 3416 βίον
1123 3331 1225 3398 άπύν-
1317 3415 1318 3424 χ

212 3459 268 3512 τος
295 3446 355 3502 τοῦ
377 3438 588 3502 Μειδυλίδου
616 3437 741 3520 άγαμος
768 3436 824 3501 ὥν.
865 3440 900 3501 τί
923 3438 1043 3503 τούτου
1071 3449 1224 3521 σημείονς

215 3545 440 3625 λουτροφόρος
469 3540 647 3626 ἐφέστηκεν
679 3539 732 3606 ἐπί
764 3550 809 3630 τῳ
837 3553 896 3607 τοῦ
919 3539 1095 3629 Ἀρχιάδου
1122 3545 1225 3632 τάφῳ.
1315 3617 1316 3622 1
