2654 3926
208 182 252 247 20
499 182 597 236 mn.
626 178 929 251 [εωιοεοωαοεε]

207 342 261 409 καί
282 339 460 418 Θεοτέλους
478 343 671 426 μαρτυρίαν,
694 331 744 417 οἷς
762 334 858 416 οὗτος
876 336 1104 425 ἀπογέγραφεν
1123 338 1215 423 όφεί-

207 444 304 515 λονθ’
338 447 440 512 αὑτὸν
466 448 722 531 τετρακισχιλίας
754 445 901 531 δραχμάς
927 445 1132 530 ψευδόμενος
1158 441 1214 509 καὶ

206 553 307 618 πάλαι
321 551 547 637 ἀποδεδωκώς,
566 552 626 637 οὐχ
646 549 742 634 ἑκὼν,
760 548 842 615 ἀλλὰ
860 552 957 635 δίκην
975 550 1098 635 ὀφλών.
1128 547 1215 630 λέγε.

618 743 806 797 MAPTTPIA.

94 905 99 914 ·
167 889 194 929 εο
264 866 386 936 Ἕπειτ’
419 869 538 956 ἀνδρες
565 865 716 934 δικασταὶ
749 869 809 934 τὸν
841 868 926 934 οὕτω
955 877 1147 952 καταφανῶς
1174 865 1216 932 ἐν

207 960 329 1040 ἀπασιν
355 974 477 1053 ἀδίκως
502 972 724 1059 πεποιημένον
751 975 812 1058 την
838 972 1021 1059 ἀπόφασιν,
1051 971 1107 1039 καὶ
1132 975 1214 1058 μήτε

206 1091 274 1146 τῶν
295 1083 408 1164 νόμων
430 1084 656 1168 φροντίσαντα
682 1076 801 1165 μηδέν,
828 1081 864 1144 οἳ
889 1080 1081 1164 διωρίκασιν
1103 1077 1140 1144 ἀν
1163 1069 1216 1154 οἷς

208 1188 262 1252 δεῖ
280 1187 341 1270 την
363 1184 533 1272 ἀπόφασιν
555 1191 725 1252 ποιεῖσθαι
751 1187 901 1270 χρόνοις,
926 1186 1005 1268 μήτε
1027 1195 1094 1251 τῶν
1117 1184 1215 1249 ίδίων

207 1293 404 1376 ὁμολογιῶν,
427 1294 465 1370 ἀς
487 1293 608 1376 ὁμοίως
632 1289 909 1374 ὑπολαμβάνομεν
938 1290 1088 1376 ἰσχυράς,
1113 1287 1216 1376 χωρὶς

208 1394 245 1463 δὲ
271 1398 398 1464 τούτων
427 1397 593 1487 ἀνεῳχότα
624 1397 665 1461 τά
696 1406 813 1480 σημεῖα
844 1407 911 1460 τῶν
939 1394 1128 1479 οἰκημάτων
1158 1392 1216 1460 καὶ

208 1502 450 1589 ἐκπεφορηκότα
472 1503 530 1568 τὸν
555 1514 647 1568 σῖτον
674 1498 809 1567 καὶτὸν
832 1496 926 1567 οἶνον
949 1502 1107 1584 ἔνδοθεν,
1132 1503 1216 1586 πρὸς

208 1605 245 1674 δὲ
266 1610 397 1685 τούτοις
417 1608 478 1691 την
500 1607 585 1690 ύλην
612 1608 673 1691 την
702 1605 903 1690 τετμημένην
925 1609 1112 1692 πεπρακότα
1133 1607 1215 1689 μετά

207 1715 268 1798 την
291 1713 477 1796 ἀντίδοσιν,
499 1712 600 1778 πλέον
622 1712 643 1797 ἢ
666 1712 841 1798 τριάκοντα
863 1723 957 1796 μνῶν
980 1707 1085 1778 οὖσαν
1107 1710 1216 1796 ἀξίαν,

207 1817 263 1886 καὶ
290 1821 328 1886 τὸ
356 1818 489 1883 πάντων
516 1817 690 1902 μέγιστον,
718 1815 797 1903 χρέα
823 1818 931 1902 ψευδῆ
958 1801 1216 1885 κατεσκευακότα

207 1935 265 2010 τῆς
291 1923 489 2001 ἀντιδόσεως
516 1922 627 2006 ἕνεκα,
654 1933 774 1989 τοῦτον
801 1924 935 2000 δικαίως
956 1930 1135 2010 ψηφιεῖσθε
1159 1943 1217 1988 πε-

207 2036 368 2116 ποιῆσθαι
390 2030 451 2114 τὴν
474 2027 656 2115 ἀπόφασιν;
685 2031 841 2114 μηδαμῶς
863 2024 889 2094 ὦ
912 2030 1031 2116 ἀνδρες
1056 2030 1216 2100 δικασταί.

170 2154 195 2194 ει
209 2148 269 2202 πολ
288 2136 352 2221 γάρ
379 2132 563 2221 τραπέσθαι
591 2136 702 2218 δεησει
729 2136 949 2221 διαμαρτόντα
976 2145 1033 2219 τῆς
1057 2134 1218 2220 ὑμετέρας

207 2244 353 2326 γνώμης,
385 2240 465 2307 ὅταν
496 2241 532 2307 οί
560 2242 714 2306 πλούσιοι
749 2238 804 2306 καὶ
835 2236 939 2325 μηδὲν
974 2240 1054 2325 ὑμίν
1085 2243 1217 2308 πώποτε

207 2350 361 2433 χρήσιμοι
397 2343 634 2432 γεγενημένοι,
668 2348 775 2412 πολύν
810 2343 866 2411 καὶ
902 2356 994 2412 σῖτον
1029 2343 1084 2411 καὶ
1120 2342 1218 2414 οἶνον
1305 2369 1306 2379 ’

207 2463 379 2529 ποιοῦντες
411 2449 467 2517 καὶ
500 2461 619 2518 τοῦτον
652 2454 844 2537 τριπλασίας
875 2461 970 2536 τιμῆς
1002 2449 1023 2534 ἢ
1052 2455 1218 2539 πρότερον
1304 2497 1305 2523 ι

208 2557 444 2641 διατιθέμενοι,
466 2561 685 2623 πλεονεκτῶσι
706 2555 785 2637 παρ’
806 2556 901 2641 ύμῑνς
926 2556 945 2622 δ
963 2559 1119 2642 μηδαμῶς
1136 2557 1217 2625 νυνὶ
1303 2613 1304 2618 ,

207 2661 368 2747 γενέσθω,
390 2657 462 2726 ἀλλ’
485 2663 593 2747 ὥσπερ
612 2659 779 2748 καὶκοινῇ
797 2671 877 2727 πᾶσι
899 2665 1124 2748 βεβοηθήκατε
1146 2676 1219 2742 τοῖς

207 2767 336 2844 ἐντοῖς
358 2769 467 2852 ἔργοις
489 2765 726 2853 ἐργαζομένοις,
750 2767 836 2833 οὕτω
858 2765 914 2833 καὶ
936 2769 1006 2856 ίδίμ
1027 2769 1221 2854 βοηθήσατέ
1302 2761 1303 2811 ¹

169 2891 195 2932 ω
208 2897 264 2957 μοι
290 2882 364 2938 νῶν.
404 2869 459 2937 καὶ
486 2874 549 2958 γάρ
577 2875 609 2938 εί
633 2870 761 2956 οίκέτης
787 2873 897 2958 ὑμῶν,
928 2875 973 2959 μὴ
999 2879 1134 2960 πολίτης
1160 2871 1217 2962 ἦν,
1301 2875 1302 2955 λ

207 2979 348 3064 δρῶντες
361 2979 403 3043 ἀν
418 3001 483 3062 μον
496 2981 558 3063 την
571 2982 746 3064 φιλεργίαν
764 2977 819 3043 καὶ
836 2980 897 3063 τὴν
911 2981 958 3056 είς
970 2979 1055 3064 ύμάς
1067 2982 1217 3068 εὔνοιαν,
1229 2993 1289 3046 104⁹

208 3081 404 3150 ἀνεπαύσατ’
431 3085 474 3149 ἀν
497 3107 537 3170 με
559 3095 625 3150 τῶν
652 3083 876 3168 ἀναλωμάτων
902 3083 958 3151 καὶ
980 3084 1033 3151 ἐπὶ
1054 3089 1113 3154 τὸν
1136 3089 1216 3174 δρα·
1299 3119 1300 3138 ³

206 3191 386 3256 πετεόοντα
407 3201 474 3256 τῶν
497 3192 607 3257 ἀλλων
629 3192 758 3275 ἤλθετε.
794 3193 853 3257 τὸν
876 3191 1122 3276 αὐτὸντρόπον
1147 3194 1216 3278 [καὶ
1297 3139 1300 3243 ό

206 3299 297 3380 νῦν],
321 3295 455 3361 έπειδάν
472 3294 634 3363 ἀποτείσω
652 3297 693 3362 τά
709 3299 784 3383 τρία
801 3295 938 3363 τάλανθ’
960 3297 1042 3382 ὑμίν
1060 3298 1081 3364 ἀ
1099 3293 1215 3385 ὦφλον
1297 3265 1299 3387 ό

207 3399 261 3467 καί
285 3400 440 3486 ἀναλάβω
464 3401 621 3487 ἐμαυτόν,
643 3403 744 3469 πάλιν
766 3402 1014 3482 ἀναπαύσαντες
1034 3414 1102 3470 τῶν
1124 3427 1214 3472 τετα-

207 3510 462 3594 λαιπωρηκότων
494 3507 607 3594 ἕτερον
639 3505 688 3574 ἐπ’
725 3506 773 3593 ἔμ’
806 3508 911 3593 ἥξετε·
942 3518 1006 3577 νῦν
1038 3506 1069 3576 δ’
1104 3511 1214 3599 ἀφετε,
1296 3539 1297 3562 1

1294 3563 1297 3673 λ

1287 3677 1296 3887 λ
