2654 3926
216 157 257 222 78
526 161 608 213 XLV.
635 158 915 212 ΔΗΜΟΣΘΕΝΟΤΣ

214 317 356 404 εὀφείλει
380 314 417 384 δὲ
434 323 576 385 Πασίων
594 318 713 384 ἕνδεκα
730 319 873 384 τάλαντα
895 320 942 395 είς
963 317 1021 394 τδις
1042 337 1227 402 παρακατα-

172 442 199 484 aa
212 421 341 508 θήκας.’
377 425 468 490 ἔστιν
487 419 549 490 οὖν
568 424 658 502 ὅστις
676 424 719 491 δν
736 434 797 491 τοῦ
819 423 922 502 ξύλου
944 420 1081 488 καὶτοῦ
1103 425 1226 508 χωρίου

212 527 268 594 καὶ
296 539 364 594 τῶν
393 533 625 614 γραμματείων
653 530 818 614 τοσαύτην
846 526 1001 613 ύπίμεινε
1030 526 1146 614 φέρειν
1175 533 1228 613 μί-

213 641 358 714 σθωσιν;
390 633 512 701 ἔστιδ’
540 635 632 712 ὅστις
659 635 718 722 δν,
746 633 790 702 δι’
818 635 858 702 δν
887 635 1063 720 ὠφειλήκει
1084 645 1228 701 τοσαῦτα

212 736 359 826 χρήμαθ’
382 740 568 828 ἡτρύπεζα,
590 742 696 831 τούτῳ
718 742 759 808 τδ
782 739 868 808 λοίπ’
897 739 1087 827 ἐπέτρεψεν;
1110 742 1142 805 εί
1162 741 1227 826 γὰρ

213 843 365 929 ἐνεδίησε
386 847 556 914 τοσούτων
573 847 761 933 χρημάτων,
784 848 904 914 τούτου
929 849 1135 923 διοικοῦντος
1158 846 1227 912 ἕνε-

213 949 340 1035 δέησεν.
377 957 445 1020 ίστε
468 953 531 1037 χδρ
554 953 684 1039 πάντες,
706 952 762 1019 καλ
784 950 831 1019 ὅτ’
853 948 897 1038 ήν
920 953 939 1020 δ
960 953 1067 1038 πατήρ
1090 950 1145 1018 ἐπὶ
1166 962 1228 1020 τοῦ

212 1059 471 1142 τραπεζιτεύων,
504 1068 624 1124 τοῦτον
652 1062 846 1144 καθήμενον
874 1057 930 1126 καὶ
960 1055 1140 1126 διοικοῦντ’
1174 1056 1228 1125 ἐπὶ

211 1171 251 1248 τῃ
270 1162 422 1250 τραπέζῃ,
446 1160 522 1230 ὥστ’
545 1162 650 1253 ἐντῷ
674 1166 803 1250 μύλωνι
825 1173 992 1250 προσῆκεν
1015 1165 1118 1232 αὐτὸν
1140 1159 1228 1230 εἶναι

173 1286 201 1328 τι
213 1272 341 1354 μᾶλλον
359 1267 380 1353 ή
398 1280 465 1336 τῶν
484 1274 610 1336 λοιπῶν
627 1271 751 1356 κύριον
763 1269 931 1354 γενέσθαι.
967 1268 1039 1337 ἀλλ’
1063 1269 1105 1336 ἐῶ
1124 1279 1227 1336 ταῦτα
1239 1293 1317 1342 1112

211 1371 267 1440 καί
296 1372 387 1441 τᾶλλ’
414 1372 465 1440 ὄπ’
497 1375 540 1441 δν
568 1373 645 1462 περὶ
674 1387 742 1442 τῶν
771 1375 890 1442 ἕνδεκα
918 1376 1089 1442 ταλάντων
1118 1374 1222 1460 ἔχοιμ’

212 1483 330 1564 εἰπεῖν,
352 1481 397 1558 ὡς
419 1480 481 1547 οὐκ
504 1479 616 1567 ὥφειλ’
644 1482 810 1568 ὁπατήρ,
833 1478 905 1548 ἀλλ’
933 1478 1030 1559 οὗτος
1051 1478 1227 1569 ὑφῄρηται.

213 1582 285 1652 ἀλλ’
319 1582 360 1653 οὗ
389 1583 540 1669 ἀνέγνων
568 1589 697 1672 εἵνεκα,
729 1597 790 1654 τοῦ
822 1590 885 1673 τὴν
920 1589 1087 1673 διαθήκην
1117 1589 1226 1672 ψευδῆ

214 1689 329 1775 δείξαι,
352 1689 449 1757 τοῦθ’
473 1693 558 1777 ὑμᾶς
581 1691 769 1779 ἀναμνήσω.
806 1691 984 1780 γέγραπται
1007 1694 1071 1780 γὰρ
1094 1694 1227 1778 αὐτόθι,

213 1798 257 1882 μή
286 1795 406 1875 ἐξεῖναι
433 1793 471 1863 δὲ
497 1800 737 1883 τραπεζιτεύειν
766 1802 956 1886 Φορμίωνι,
982 1796 1041 1863 ἐὰν
1070 1799 1114 1883 μή
1141 1799 1228 1884 ἡμᾶς

213 1905 319 1990 πείσῃ.
354 1911 452 1970 τοῦτο
475 1908 590 1970 τοίνυν
608 1907 646 1971 τὸ
664 1907 798 1992 γράμμα
814 1909 982 1982 παντελῶς
999 1905 1098 1988 δηλοῖ
1117 1906 1227 1990 ψευδῆ

213 2009 274 2093 τήν
303 2009 468 2094 διαθήκην
496 2003 609 2075 οὖσαν.
649 2014 700 2088 τίς
726 2013 789 2096 ῃδιρ
817 2009 860 2076 δν
886 2008 1094 2096 ἀνθρώπων,
1121 2007 1227 2095 δμδν

212 2117 332 2199 ήμελλε
363 2116 604 2203 τραπεζιτεύων
635 2113 732 2194 οὗτος
759 2116 974 2203 ἐργάζεσθαι,
1004 2112 1103 2182 ταῦθ’
1139 2115 1228 2194 ὅπως

212 2220 293 2305 ήμῐν
324 2232 394 2298 τοῖς
425 2220 529 2287 αὑτοῦ
560 2219 692 2306 παισὶν,
724 2220 807 2288 ἀλλὰ
839 2222 884 2306 μή
915 2223 1022 2310 τούτῳ
1054 2225 1228 2308 γενήσεται

212 2326 425 2412 προύνοήθη,
452 2324 509 2392 καὶ
539 2328 595 2392 διδ
621 2337 719 2394 τοῦτο
751 2329 795 2412 μή
828 2326 951 2406 ἐξεῖναι
976 2329 1083 2418 τούτφ
1110 2351 1228 2416 τραπε-

215 2435 351 2512 ζιτεύειν
376 2436 538 2520 ἔγραψεν,
566 2435 622 2500 ἵνα
649 2434 694 2518 μή
722 2431 897 2519 ἀφιστῆται
924 2431 982 2519 ἀφ’
1013 2435 1119 2518 ήμῶν·
1147 2435 1169 2500 ἃ
1191 2431 1223 2499 δ’

213 2540 313 2616 αὐτὸς
334 2535 548 2626 εἰργασμένος
570 2540 671 2607 ἔνδον
692 2537 872 2624 κατέλειπε,
894 2537 992 2606 ταῦθ’
1019 2539 1108 2616 ὅπως
1129 2535 1227 2618 οὗτος

174 2662 200 2704 ετ
214 2646 351 2727 λήψεται
382 2645 641 2730 παρεσκεύασενι
672 2643 728 2710 καὶ
759 2652 817 2728 τῆς
847 2639 909 2729 μὲν
940 2642 1094 2731 ἐργασίας
1123 2643 1227 2730 ἐφθό-

213 2765 330 2832 νησεν,
359 2743 399 2833 ής
424 2745 525 2816 οὐδὲν
553 2751 691 2837 αἰσχρὸν
716 2743 759 2833 ήν
782 2752 995 2834 μεταδοῦναι·
1021 2752 1084 2835 τήν
1106 2747 1145 2816 δὲ
1166 2776 1227 2836 χυ-

213 2852 300 2921 ναῑκ’
323 2855 458 2939 ἔδωκεν,
481 2851 523 2924 οὗ
545 2859 656 2941 μείζον
680 2851 781 2922 οὐδὲν
804 2855 847 2922 δν
869 2855 1057 2924 κατέλειπεν
1079 2857 1226 2938 ὄνειδος;

213 2962 323 3047 τυχών
354 2984 392 3045 νε
423 2970 481 3046 τῆς
511 2959 588 3048 παρ’
623 2961 718 3046 ὑμῶν
751 2965 908 3049 δωρειᾶς,
939 2957 1005 3029 εὖθ’
1042 2963 1152 3048 ὥσπερ
1183 2963 1227 3030 δν

214 3068 335 3144 δοῦλος
366 3069 509 3154 δεσπότῃ
542 3068 675 3150 διδούς,
709 3063 782 3134 ἀλλ’
819 3067 860 3134 ού
891 3067 1103 3154 τούναντίον,
1135 3075 1228 3156 είπερ

215 3172 346 3257 ἐδίδου,
370 3175 530 3259 δεσπότης
556 3171 682 3260 οἰκέτῃ,
708 3172 900 3260 προστιθεὶς
921 3186 1042 3261 προῖκα
1065 3175 1148 3260 ὅσην
1171 3176 1228 3243 ού·

174 3297 201 3338 ιε
216 3276 284 3354 δεὶς
301 3289 368 3343 τῶν
387 3277 424 3344 ἐν
441 3287 480 3363 τῃ
499 3282 593 3345 πόλει
612 3282 772 3364 φαίνεται.
808 3282 916 3347 καίτοι
937 3281 1044 3370 τούτῳ
1065 3277 1128 3366 μὲν
1146 3281 1227 3349 αύτὸ

214 3380 302 3448 τοῦτ’
328 3381 497 3467 ἀγαπητὸν
523 3379 583 3468 ήν,
610 3386 647 3450 τὸ
674 3393 732 3470 τῆς
760 3385 937 3470 δεσποίνης
959 3383 1157 3470 ἀξιωθῆναι·
1179 3397 1225 3477 τῷ

215 3484 313 3573 πατρί
336 3484 367 3554 δ’
394 3485 474 3556 οὐδὲ
496 3490 700 3577 λαμβάνοντι
716 3498 858 3557 τοσαῦτα
875 3493 1036 3578 χρήματα,
1059 3491 1122 3557 ὅσα
1144 3492 1226 3579 φασί
