2654 3926
198 201 243 266 50
489 205 584 257 mv.
613 202 914 274 [Δωαοεοαυονε]

198 362 298 451 αὐτῷ,
321 361 376 428 καὶ
399 360 482 450 ὑπὲρ
505 364 632 429 τούτων
658 364 766 447 ψευδῆ
795 364 1035 449 διαμαρτυρίαν
1056 364 1138 449 πρὸς
1160 370 1209 450 τῷ

171 469 333 553 εάρχοντι
365 469 595 553 ποιησάμενος.
638 467 718 552 ἡμῖν
750 464 812 552 μὲν
845 469 908 553 γάρ
943 468 1124 552 ἀναγκαῖον
1152 463 1211 552 ἦν,
1225 489 1306 540 1081

197 583 258 639 τοῦ
279 575 386 658 νόμου
408 575 467 652 τάς
488 572 672 659 ἀγχιστείας
698 585 767 651 τοῖς
794 574 959 658 ἐγγυτάτω
987 572 1106 658 γένους
1128 573 1211 639 ἀπο-

198 680 362 764 διδόντος,
385 674 482 745 οὖσιν
505 681 639 756 οίκείοις
654 677 829 766 Ἀρχιάδου
847 689 907 746 τοῦ
931 678 964 757 ἐξ
988 678 1089 766 ἀρχῆς
1109 703 1210 745 κατα-

197 787 351 861 λιπόντος
378 788 437 852 τὸν
466 789 606 871 κλῆρον,
636 788 716 869 μήτε
745 788 804 853 τὸν
834 781 927 852 οίκον
957 783 1210 872 ἐξερημωθέντα

196 892 255 957 τὸν
278 889 407 957 ἐκείνου
429 892 604 976 περιιδεῖν,
626 892 707 975 μήτε
725 901 782 975 τῆς
801 892 915 969 οὐσίας
936 888 1068 975 ἑτέρους
1089 896 1210 976 κληρο-

197 998 423 1080 νομήσαντας,
450 988 500 1074 οἷς
527 994 599 1062 οὐδ’
623 997 737 1062 ὁτιοῦν
764 1000 934 1084 προσήκει·
958 991 1056 1072 οὗτος
1078 993 1108 1096 δ’
1132 997 1211 1062 οὔτε

197 1099 286 1184 γένει
315 1112 376 1168 τοῦ
404 1103 669 1186 τετελευτηκότος
701 1103 774 1180 υίὸς
807 1104 873 1186 ὥν,
902 1099 971 1168 οὔτ’
1004 1100 1212 1184 είσποιηθελς

196 1206 278 1271 κατά
307 1210 385 1284 τοὺς
413 1210 554 1292 νόμους,
588 1208 632 1283 ὡς
661 1206 725 1291 ίγὼ
756 1207 870 1293 δείξω,
904 1208 1211 1293 διαμεμαρτύρηκεν

198 1312 284 1378 ούτω
316 1315 356 1379 τά
386 1315 493 1397 ψευδῆ
525 1324 710 1397 προπετῶς,
746 1313 992 1400 ἀφαιρούμενος
1021 1312 1114 1396 ἡμῖνν
1143 1313 1210 1396 τὴν

172 1422 431 1505 εκληρονομίαν.
469 1416 584 1502 δέομαι
604 1413 636 1483 δ’
657 1418 751 1502 ὑμῶν
771 1415 796 1484 ὦ
815 1421 935 1504 ἀνδρες
958 1415 1106 1484 δικασταὶ
1128 1420 1209 1502 βοη-

197 1531 301 1607 θῆσαι
323 1533 368 1612 τῷ
391 1546 426 1589 τε
453 1521 552 1607 πατρὶ
574 1521 695 1612 τουτωί
717 1523 773 1590 καί
795 1523 884 1609 ἐμοὶ,
911 1523 970 1589 έάν
997 1521 1144 1607 λέγωμεν
1166 1524 1208 1588 τά

198 1630 321 1713 δίκαια,
342 1627 398 1694 καὶ
417 1630 462 1713 μη
480 1631 641 1714 περιιδεῖν
659 1627 800 1714 πένητας
818 1628 1017 1716 ἀνθρώπους
1035 1627 1090 1694 καί
1109 1627 1210 1695 ἀσθε-

198 1745 268 1812 νεῖς
284 1732 626 1811 καταστασιασθέντας
642 1734 707 1801 ὑπὸ
726 1734 936 1821 παρατάξεως
953 1734 1081 1801 ἀδίκου.
1116 1734 1210 1819 ἡμεῖς

199 1836 261 1924 μέν
291 1840 355 1926 γὰρ
386 1851 457 1916 ταῖς
493 1839 664 1923 ἀληθείαις
698 1842 906 1918 πιστεύοντες
937 1840 1208 1924 εἰσεληλύθαμεν,

198 1943 254 2012 καὶ
277 1945 477 2029 ἀγαπῶντες,
499 1947 542 2010 ἀν
564 1969 613 2024 τις
635 1946 720 2030 ἡμᾶς
739 1945 776 2034 έηῖ
794 1957 860 2012 τῶν
882 1949 997 2031 νόμων
1018 1944 1206 2030 τυγχάνειν·

198 2046 291 2117 οὗτοι
315 2048 351 2118 δὲ
374 2059 413 2137 τῇ
436 2060 625 2137 παρασκευῇ
643 2049 786 2129 καὶτοῖς
807 2051 1022 2136 ἀναλώμασιν
1046 2053 1207 2137 ἰσχυριζό-

198 2179 292 2242 μενοι
311 2155 584 2242 διατετελέκασιν,
603 2159 737 2233 είκύτως
756 2151 861 2241 οἶμαι·
887 2155 923 2221 ἐκ
945 2157 1008 2241 γάρ
1027 2168 1093 2222 τῶν
1111 2155 1208 2224 ἀλλο·

197 2265 299 2346 τρίων
318 2261 441 2349 ῥᾳδίως
454 2261 703 2347 ἀναλίσκουσιν,
718 2263 799 2328 ὥστε
817 2260 873 2327 καὶ
890 2264 969 2338 τοὺς
986 2271 1208 2347 συνεροῦντας
1262 2294 1265 2300 ·

198 2364 283 2451 ὑπὲρ
310 2368 420 2434 αὑτων
446 2367 501 2434 καὶ
528 2372 606 2447 τοὺς
632 2371 901 2454 μαρτυρήσοντας
926 2369 967 2432 τὰ
993 2369 1101 2453 ψευδῆ
1129 2373 1207 2434 πολ-

173 2475 279 2549 ιλούς
306 2477 515 2560 πεπορίσθαι.
557 2475 576 2542 ὁ
604 2470 641 2539 δέ
667 2475 773 2558 πατὴρ
801 2469 899 2550 οὗτος
926 2472 1104 2561 (είρήσεται
1130 2471 1206 2560 γάρ)

200 2579 267 2662 ἀμα
289 2588 346 2663 τῆς
367 2583 492 2663 πενίας,
514 2575 553 2664 ἧς
575 2580 670 2664 ὑμεῖς
692 2581 832 2656 ἀπαντες
855 2587 935 2664 ῖστε,
957 2578 1012 2645 καὶ
1034 2589 1095 2647 τοῦ
1119 2581 1207 2644 ίδιά-

199 2708 256 2766 της
286 2679 372 2749 εἶναι
402 2686 548 2772 φανεράς
584 2688 668 2771 έχων
699 2687 756 2762 τάς
792 2688 972 2771 μαρτυρίας
1004 2685 1206 2769 ἀγωνίζεται·

200 2791 344 2855 διατελεῖ
370 2790 433 2875 γάρ
465 2790 501 2857 έν
528 2795 682 2876 Πειραιεῖ
712 2790 896 2875 κηρύττων·
926 2799 1024 2857 τοῦτο
1056 2787 1086 2855 δ’
1120 2789 1206 2856 ἐστὶν

200 2895 241 2961 ού
267 2900 372 2981 μόνον
399 2897 537 2982 ἀπορίας
569 2895 783 2982 ἀνθρωπίνης
814 2898 1008 2982 τεκμήριον,
1040 2894 1124 2962 ἀλλά
1154 2893 1206 2961 καὶ

199 2999 355 3086 ἀσχολίας
373 3010 430 3086 τῆς
447 3004 495 3078 είς
516 3004 553 3068 τὸ
575 3002 878 3087 πραγματεύεσθαι·
903 3000 1028 3085 ἀνάγκη
1052 3003 1115 3087 γάρ
1133 3001 1206 3086 ἡμε-

200 3107 311 3192 ρεύειν
335 3105 371 3171 έν
394 3115 432 3191 τῇ
456 3105 562 3193 ἀγορᾷ
584 3109 643 3173 τὸν
666 3115 828 3173 τοιοῦτον.
864 3106 885 3172 ἀ
908 3107 962 3171 δεῖ
982 3105 1206 3193 λογιζομένους

201 3210 437 3296 ἐνθυμεῖσθαι,
464 3212 530 3296 ὅτι,
556 3214 588 3276 εί
613 3213 658 3296 μη
678 3216 730 3299 ’τῷ
755 3213 870 3302 δικαίῳ
898 3212 1128 3299 ἐπιστεύομεν,
1150 3212 1206 3279 οὐκ
1304 3257 1305 3289 2

199 3317 243 3380 ἀν
264 3314 336 3382 ποτ’
363 3319 565 3401 είσηλθομεν
588 3320 635 3394 είς
656 3317 751 3402 ὑμᾶς.
1303 3383 1304 3388 ,

175 3438 189 3478 ⁶
268 3419 353 3506 Περὶ
385 3419 447 3506 μέν
479 3418 541 3489 οὖν
572 3434 639 3488 τῶν
669 3425 829 3492 τοιούτων
860 3422 916 3489 καλ
946 3427 1120 3511 προῖύντος
1150 3435 1274 3498 τοῦιοεῖ

202 3527 304 3609 λόγου
327 3526 529 3615 σαφέστερον
547 3528 746 3596 ἀκούσεσθε·
772 3525 855 3617 ὑπὲρ
878 3529 979 3614 αὐτῆς
1000 3526 1039 3596 δέ
1060 3537 1117 3614 τῆς
1139 3531 1203 3595 δια·
1302 3513 1303 3587 λ
