2654 3926
158 177 202 241 84
466 179 547 230 XLV.
572 176 850 229 ΔΗΜΟΣΘΕΝΟΤΣ

157 354 236 403 σατο
267 339 326 404 τὸν
359 340 555 421 Φορμίωνος
585 341 731 402 πλοῦτον
759 335 780 420 ἢ
811 338 851 402 τὰ
887 346 944 422 τῆς
972 339 1164 421 συγγενείας

115 461 143 503 σε
156 442 331 525 ἀναγκαίας
354 440 438 507 ἀλλά
461 442 527 526 μὴν
549 443 600 507 ὅτι
622 439 712 507 ταῦτ’
739 441 848 526 ἀληθῆ
872 441 972 526 λέγω,
1000 439 1163 527 λαβέτην

154 550 339 633 μαρτυρίαν
352 549 413 632 τὴν
422 551 563 613 Δεινίου
576 546 835 632 κάναγίγνωσκε,
847 546 902 614 καί
911 549 1004 613 κάλει
1012 551 1163 614 Δεινίαν.

559 741 751 794 ΜΑΡΤΤΡΙΔ.

264 869 386 942 Δεινίας
411 869 600 949 Θεομνήστου
625 864 792 949 Ἀθμονεὺς
820 875 964 949 μαρτυρεῖ
985 867 1040 947 τὴν
1065 875 1162 950 θυγα·

198 961 265 1044 τέρα
289 963 386 1048 (τὴν)
408 967 501 1030 αὑτοῦ
528 965 668 1028 ἐκδοῦναι
687 962 898 1054 Ἀπολλοδώρῳ
925 965 999 1027 κατδι
1020 965 1090 1038 τοὺς
1111 965 1162 1027 νά-

197 1085 274 1140 μους
296 1069 424 1144 γυναῖκα
448 1063 534 1145 ἐχειν,
557 1063 607 1125 καὶ
629 1063 823 1143 μηδεπώποτε
844 1061 1065 1145 παραγενέσθαι
1088 1059 1163 1140 μηδὲ

198 1158 370 1240 αἰσθέσθαι,
384 1160 429 1222 ὅτι
438 1155 659 1240 Ἀπολλόδωρος
677 1160 775 1242 ἀφῆκε
792 1168 851 1222 τῶν
865 1158 1053 1241 ἐγκλημάτων
1066 1155 1162 1219 ἇπάν·

197 1280 256 1318 των
281 1260 451 1338 Φορμίωνα.

113 1413 139 1455 τε
210 1391 346 1479 Ὅμοιός
367 1392 399 1480 γ’
425 1395 444 1462 ὑ
463 1399 600 1473 Δεινίας
622 1391 648 1460 ὦ
671 1396 792 1482 ἀνδρες
815 1391 965 1461 δικασταὶ
986 1395 1104 1482 τούτῳ,
1127 1391 1164 1470 ὃς

151 1495 237 1585 ὑπὲρ
258 1509 316 1584 τῆς
337 1503 506 1587 θυγατρὸς
527 1499 667 1566 καὶτῶν
684 1500 899 1585 θυγατριδῶν
922 1497 977 1564 καὶ
999 1499 1081 1584 ἐμοῦ
1102 1508 1163 1564 τοῦ

151 1606 313 1690 κηδεστοῦ
335 1607 392 1671 διά
413 1607 475 1690 την
498 1603 694 1690 συγγένειαν
721 1601 801 1672 οὐδὲ
827 1604 956 1689 τάληθῆ
984 1615 1164 1690 μαρτυρεῖν

153 1708 262 1776 ἐθέλει
284 1709 365 1776 κατὰ
387 1712 516 1776 τούτου.
556 1709 628 1776 ἀλλ’
656 1711 717 1797 οὐχ
745 1708 859 1777 οὑτοσλ
886 1710 1075 1795 Στέφανος,
1101 1709 1162 1776 οὐκ

153 1817 281 1900 ὤκνησε
303 1813 380 1880 καθ’
407 1816 501 1900 ἡμῶν
523 1818 563 1883 τὰ
585 1819 692 1901 ψευδῆ
716 1826 910 1902 μαρτυρεῖν,
939 1813 1028 1900 οὐδ’,
1049 1817 1082 1882 εί
1101 1839 1162 1900 μη-

152 1921 234 1987 δένα
255 1933 322 1988 τῶν
344 1923 550 2008 ἀλλοιωτὴν
568 1923 672 1989 αὑτοῦ
690 1921 812 2008 μητέρα
834 1920 987 2010 ᾐσχύνθη
1011 1933 1081 1998 τοῖς
1103 1919 1156 1986 ἀπ’

153 2026 280 2112 ἐκείνης
302 2029 435 2105 οίκείοις
456 2038 515 2113 τῆς
537 2027 672 2114 ἐσχάτης
700 2027 827 2105 ἐνδείας
849 2033 953 2104 αίτιος
974 2030 1161 2112 γενόμενος.

113 2152 138 2193 ει
212 2128 259 2197 Ὃ
287 2136 403 2199 τοίνυν
432 2136 561 2201 ἔπαθον
591 2135 781 2200 δεινότατον
809 2131 864 2199 καλ
894 2131 946 2219 ἐφ’
973 2127 999 2221 ᾧ
1029 2130 1156 2218 μάλιστ’

152 2236 332 2323 ἐξεπλάγην
361 2236 409 2304 ὅτ’
435 2241 643 2324 ἠγωνιζόμην
670 2233 697 2304 δ)
727 2239 846 2324 ἀνδρες
869 2240 1036 2324 δικασταί,
1060 2237 1157 2306 τοῦθ’

151 2343 231 2428 ὑμίν
261 2345 365 2410 εἰπεῖν
394 2347 570 2431 βούλομαι·
603 2349 665 2430 την
694 2367 729 2410 τε
758 2345 821 2430 γάρ
850 2346 970 2411 τούτου
998 2349 1160 2431 πονηρίαν

152 2452 199 2514 ἐτι
226 2454 353 2534 μᾶλλον
382 2452 477 2536 ὑμεῖς
503 2454 646 2536 ὄψεσθε,
672 2449 728 2516 καλ
755 2450 819 2534 ἐγὼ
842 2463 909 2516 τῶν
931 2450 1160 2536 γεγενημένων

151 2553 401 2640 ἀποδυράμενος
429 2557 469 2621 τδ
498 2561 634 2622 πλείστα
666 2558 748 2642 πρὸς
779 2556 865 2640 ὑμᾶς
898 2554 1038 2642 ὡσπερεί
1068 2553 1159 2642 ῥᾴων

151 2661 275 2744 ἔσομαι.
310 2662 372 2746 τὴν
394 2663 457 2748 γάρ
480 2666 675 2749 μαρτυρίαν,
696 2661 739 2746 ἣν
761 2660 855 2748 ᾤμην
873 2658 1031 2727 εἶναικαὶ
1051 2657 1095 2726 δι’
1121 2655 1239 2743 ἧςιιιε

151 2759 194 2848 ὑν
217 2765 235 2831 ὁ
257 2770 409 2841 πλεῖστος
427 2768 559 2852 ἔλεγχός
576 2789 644 2850 μοι,
665 2766 790 2848 ταύτην
812 2765 872 2851 οὐχ
895 2760 995 2850 εὑρον
1018 2764 1159 2831 ἐνοῦσαν

112 2891 138 2932 τε
151 2870 189 2936 ἐν
217 2880 263 2959 τῷ
293 2871 400 2960 ἐχίνῳ.
443 2874 514 2938 τότε
543 2868 605 2956 μὲν
634 2872 675 2956 δὴ
704 2879 750 2958 τῷ
779 2879 867 2958 κακῷ
896 2869 1031 2955 πληγεὶς
1059 2870 1160 2936 οὐδὲν

151 2973 223 3042 ἀλλ’
250 2972 341 3063 εἶχον
369 2978 529 3061 [ποιησαι]
556 2979 644 3062 πλὴν
670 2976 936 3062 ὑπολαμβάνειν,
965 2978 1026 3061 τὴν
1055 2976 1160 3064 ἀρχὴν

150 3081 342 3168 ἠδικηκέναι
364 3105 403 3166 με
426 3081 481 3147 καί
504 3084 562 3148 τὸν
581 3081 693 3168 ἐχῖνον
711 3080 925 3166 κεκινηκέναι.
962 3093 1026 3149 νῦν
1045 3082 1075 3149 δ’
1098 3081 1155 3168 ἀφ’

151 3182 199 3253 ὧν
227 3189 367 3275 ὕστερον
396 3187 579 3272 πέπυσμαι,
607 3189 689 3273 πρὸς
718 3188 806 3276 αὐτῷ
836 3197 882 3276 τῷ
907 3189 1054 3275 διαιτητῇ
1078 3189 1159 3254 Στέ-

150 3316 260 3376 φανον
277 3292 409 3359 τουτονὶ
427 3295 549 3378 ταύτην
566 3291 781 3379 ὑφηρημένον
798 3293 951 3379 εὑρίσκω,
973 3297 1055 3381 πρὸς
1077 3318 1158 3380 μαρ-

150 3400 267 3483 τυρίαν
296 3397 375 3482 τιν’,
404 3396 447 3465 λν’
480 3396 708 3484 ἐξορκώσαιμ’,
738 3398 939 3477 ἀναστάντος
968 3399 1059 3484 ἐμοῦ.
1101 3397 1158 3467 καὶ

152 3502 204 3568 ὅτι
224 3501 313 3568 ταῦτ’
337 3503 446 3588 ἀληθῆ
465 3504 561 3589 λέγω,
583 3515 714 3591 πρῶτον
731 3500 793 3588 μέν
810 3505 891 3588 ὑμῖν
910 3510 1157 3592 μαρτυρήσουσι
