2654 3926
192 190 214 254 2
509 189 580 245 XLI.
603 187 883 241 ΔΗΜΟΣΘΕΝΟΤΣ

254 348 414 436 Ἀδελφδις
436 354 554 437 ἔχομεν
577 346 603 415 ὦ
629 351 748 434 ἀνδρες
776 345 926 414 δικασταὶ
953 359 1112 433 γυναῖκας
1139 346 1278 430 ε’γὼιοιο

191 455 247 522 καὶ
269 458 441 534 Σπουδίας
469 456 599 539 οὑτοσί,
628 457 845 522 Πολυεύκτου
868 454 1062 539 θυγατέρας.
1108 455 1205 518 ἀπαι-
1304 443 1305 462 ’

193 565 250 641 δος
264 561 294 628 δ’
314 563 443 629 ἐκείνου
461 565 716 648 τελευτησαντος
734 559 885 648 ἀρρένων
902 562 1045 645 παίδων,
1063 559 1206 644 ἀναγκά-

194 671 287 753 ζομαι
318 671 400 756 πρὸς
431 679 551 734 τοῦτον
588 667 663 753 περὶ
694 678 761 734 τῶν
792 665 1081 752 καταλειφθέντων
1113 667 1206 732 δικά-

193 777 316 852 ζεσθαι.
353 771 408 840 καὶ
426 776 458 840 εί
477 771 538 859 μὲν
557 769 582 838 ὦ
602 776 722 859 ἀνδρες
741 771 891 839 δικασταὶ
909 775 955 857 μὴ
971 782 1080 838 πᾶσαν
1103 788 1206 836 σπου-

193 882 256 965 δὴν
270 878 325 946 καὶ
339 884 532 967 προθυμίαν
547 879 763 965 ἐποιησάμην,
786 882 989 964 βουλόμενος
1007 879 1207 945 διαλύεσθαι

192 984 246 1052 καὶ
273 997 342 1063 τοῖς
369 989 478 1071 φίλοις
506 984 710 1073 ἐπιτρέπειν,
741 985 883 1069 ε’μοιυτὸν
911 983 953 1049 ἀν
980 983 1145 1071 ᾐτιώμην,
1176 987 1209 1049 εί

193 1097 320 1176 μᾶλλον
354 1088 508 1178 ᾑρούμην
536 1093 629 1168 δίκας
655 1088 710 1157 καὶ
739 1086 901 1175 πράγματ’
933 1091 1036 1174 ἔχειν,
1063 1089 1084 1174 ἢ
1113 1086 1204 1176 μίκρ’

167 1195 391 1275 τέλαττωθελς
408 1195 601 1283 ἀνέχεσθαι·
624 1206 689 1262 νῦν
713 1194 743 1261 δ’
767 1196 835 1285 ὅσω
857 1198 1041 1282 πραότερον
1064 1195 1128 1280 ἐγὼ
1151 1195 1210 1263 καὶ

193 1307 512 1391 φιλανθρωπότερον
539 1305 646 1392 τούτῳ
670 1304 883 1386 διελεγόμην,
909 1302 1056 1390 τοσούτω
1079 1307 1209 1387 μᾶλλόν

193 1434 259 1494 μου
281 1412 486 1497 κατεφρόνει.
523 1407 578 1475 καὶ
605 1418 669 1475 νῦν
698 1408 940 1492 κινδυνεύομεν
962 1405 1063 1474 οὐδὲν
1085 1409 1210 1494 δμοίως

196 1517 327 1603 [τούτῳ]
351 1517 434 1601 πρὸς
451 1511 584 1580 τουτονὶ
602 1516 662 1579 τὸν
681 1509 782 1597 ἀγῶν’
804 1515 904 1599 ἔχειν,
926 1509 999 1578 ἀλλ’
1027 1509 1124 1592 οὗτος
1145 1513 1210 1600 μὲν

194 1619 317 1708 ῥᾳδίως
348 1617 443 1707 φέρει
473 1619 631 1697 πολλάκις
659 1617 848 1704 είθισμένος
880 1615 1015 1685 ἐνταῦθ’
1047 1621 1093 1696 είς
1121 1620 1210 1706 ὑμᾶς

193 1724 365 1812 παριέναι,
395 1723 459 1809 ἐγὼ
489 1721 519 1790 δ’
547 1725 627 1792 αύτὸ
655 1735 753 1791 τοῦτο
781 1728 968 1809 φοβοῦμαι,
995 1728 1038 1810 μη
1067 1727 1123 1792 διὰ
1145 1729 1210 1812 τὴν

194 1831 347 1918 ἀπειρίαν
380 1832 421 1897 ού
454 1832 593 1915 δυνηθῶ
626 1834 772 1915 δηλῶσαι
801 1829 877 1918 περὶ
907 1843 975 1898 τῶν
1006 1833 1209 1919 πραγμάτων

195 1938 290 2022 ὑμῖν·
314 1937 402 2022 ὅμως
420 1934 451 2003 δ’
474 1933 500 2002 ὦ
524 1939 643 2024 ἀνδρες
661 1934 812 2003 δικασταὶ
834 1936 1009 2024 προσέχετε
1031 1941 1089 2006 τὸν
1111 1949 1210 2006 νοῦν.

168 2063 182 2103 ε
261 2044 474 2121 Πολύευκτος
504 2044 567 2130 γδιρ
598 2038 642 2127 ην
669 2068 718 2121 τις
746 2044 919 2131 Θριάσιος,
951 2043 991 2110 δν
1020 2051 1098 2122 ἴσως
1130 2043 1206 2112 οὐδ’

194 2151 290 2235 ὑμῶν
316 2173 404 2227 τινες
431 2149 623 2234 ἀγνοοῦσιν.
661 2145 757 2227 οὗτος
787 2150 805 2216 ὁ
835 2151 1064 2235 Πολύευκτος,
1093 2151 1209 2236 ἐπειδὴ

196 2257 257 2323 ούκ
286 2251 372 2342 ἦσαν
407 2256 495 2344 αὐτῷ
530 2257 646 2332 παῖδες
676 2258 829 2343 άρρενες,
858 2268 1000 2322 ποιεῖται
1028 2259 1210 2343 Λεωκράτη
1303 2241 1304 2264 ’

195 2365 254 2429 τὸν
287 2362 435 2449 ἀδελφὸν
466 2371 525 2448 τῆς
556 2360 677 2429 ἑαυτοῦ
708 2366 873 2446 γυναικός.
918 2364 1029 2430 ούσῶν
1061 2361 1092 2429 δ’
1118 2365 1210 2453 αύτῷ

197 2470 258 2534 δύο
281 2466 477 2555 θυγατέρων
500 2467 537 2534 ἐκ
559 2477 616 2553 τῆς
637 2477 698 2534 τοῦ
720 2469 939 2554 Λεωκράτους
963 2468 1124 2554 ἀδελφῆς,
1146 2473 1211 2555 τὴν

197 2571 258 2660 μὲν
280 2573 507 2661 πρεσβυτέραν
530 2572 603 2658 έμοί
626 2574 761 2656 δίδωσι,
787 2570 842 2638 καὶ
865 2574 1101 2660 τετταράκοντα
1124 2586 1211 2660 μνᾶς

170 2690 329 2766 επροίκα,
346 2682 408 2764 τὴν
432 2676 470 2744 δὲ
488 2678 653 2766 νεωτέραν
672 2679 869 2765 Λεωκράτει.
904 2681 1032 2746 τούτων
1051 2677 1082 2745 δ’
1104 2682 1211 2761 οὕτως
1221 2699 1279 2754 102⁹

198 2784 354 2872 ἐχόντων,
377 2787 539 2872 διαφορᾶς
561 2782 740 2870 γενομένης
757 2793 802 2872 τῷ
821 2787 1023 2875 Πολυεύκτφ
1044 2789 1127 2873 πρὸς
1149 2791 1211 2856 τὸν

198 2891 395 2978 Λεωκράτη,
421 2889 496 2976 περὶ
519 2886 557 2974 ἧς
580 2892 642 2957 ούκ
670 2886 733 2957 οἷδ’
760 2889 779 2956 ὅ
801 2915 833 2956 τι
863 2892 918 2956 δεῖ
938 2889 1062 2977 λέγειν,
1090 2891 1210 2982 ἀφελό-

198 3022 296 3083 μενος
325 2998 343 3064 ὁ
374 2999 585 3074 Πολύευκτος
616 2998 677 3082 τὴν
709 2996 878 3084 θυγατέρα
906 2999 1024 3064 δίδωσι
1054 3003 1210 3090 Σπουδίᾳ

197 3107 326 3194 τουτωί.
362 3105 443 3190 μετὰ
466 3101 504 3170 δὲ
521 3101 611 3169 ταῦτ’
634 3103 810 3187 ἠγανάκτει
828 3099 864 3168 θ’
892 3104 1131 3192 δΛεωκράτης,
1153 3108 1210 3174 καὶ

199 3212 291 3287 δίκας
319 3209 476 3296 ἐλάγχανε
499 3210 702 3299 Πολυεύκτῳ
730 3206 784 3275 καὶ
812 3207 932 3299 τουτῳὶ
955 3213 1126 3300 Σπουδία,
1153 3213 1210 3280 καλ

197 3315 273 3403 περὶ
295 3317 428 3382 πάντων
450 3313 665 3399 ἠναγκάζοντ’
691 3319 738 3394 είς
761 3319 862 3400 λόγον
885 3321 1125 3402 καθίστασθαι,
1153 3318 1209 3384 καὶ

197 3425 235 3488 τὸ
263 3427 452 3488 τελευταῖον
480 3423 701 3506 διελύθησαν,
731 3418 784 3507 ἐφ’
812 3415 874 3510 ᾧτε
901 3424 1123 3508 κομισάμενον
1149 3426 1209 3492 τὸν
1302 3427 1303 3432 ’

198 3528 399 3614 Λεωκράτην
431 3527 512 3613 άπερ
543 3521 586 3610 ην
614 3529 662 3603 είς
690 3529 751 3611 τὴν
784 3527 901 3594 ούσίαν
930 3528 1209 3616 εἰσενηνεγμένος,
