2658 3922
212 185 277 252 202
513 185 586 238 Lm.
614 179 920 254 [ιωιονοεωονε]

211 356 330 413 τοῦτον
360 340 546 428 πέμποντος
574 344 695 410 τούτου
731 342 818 430 αύτςό
850 339 1039 424 έπιστολάς,
1073 337 1129 406 καὶ
1159 341 1231 426 ἅμα

212 450 318 536 λέγων
345 451 428 536 πρὸς
455 445 512 534 ἐμὲ
539 449 583 526 ὡς
610 447 726 515 ἀκούοι
753 449 855 514 αὐτὸν
883 449 1000 524 δεινῶς
1027 447 1229 512 διακεῖσθαι.

186 555 355 633 τάκούσας
374 553 404 622 δ’
428 555 492 639 ἐγὼ
510 564 613 621 ταῦτα
630 552 686 620 καὶ
708 551 954 640 συναχθεσθεὶς
971 549 1025 618 ἐπὶ
1046 560 1085 637 τῇ
1108 551 1231 641 ἀτυχίᾳ

211 670 250 746 τῇ
268 662 401 745 τούτου,
423 659 612 727 ἀποστέλλω
629 662 690 727 τὸν
708 664 863 726 Δείνωνα
880 661 939 727 τὸν
957 659 1104 744 ἀδελφὸν
1121 658 1230 726 αὐτοῦ

212 765 316 844 εὐθὺς
338 764 392 833 ἐπὶ
412 776 545 851 τοῦτον,
568 767 648 842 δοὺς
666 765 805 852 ἐφόδιον
823 764 912 855 αύτῷ
935 769 1124 850 τριακοσίας
1147 767 1229 851 δρα·
1321 801 1322 856 η

213 872 306 958 χμάς.
342 871 542 959 ἀφικόμενος
560 868 591 938 δ’
614 867 711 949 οὗτος
729 870 784 938 καὶ
803 871 915 939 ἐλθὼν
936 871 982 948 ὡς
1005 867 1061 955 ἐμὲ
1082 882 1230 958 πρῶτον,

211 977 371 1060 ήσπάζετο
393 976 450 1043 καὶ
473 974 587 1063 ἐπῄνει
609 977 660 1042 ὅτι
678 976 843 1064 παρέσχον
861 977 902 1043 τά
920 975 1039 1063 ἐφόδια
1060 985 1106 1064 τῷ
1131 976 1229 1043 ἀδελ·
1321 965 1322 1014 ³

211 1092 264 1172 φῷ
297 1083 418 1168 αὐτοῦ,
453 1081 509 1149 καλ
540 1082 687 1168 ὠδύρετο
718 1084 780 1168 τήν
812 1083 916 1149 αὑτοῦ
946 1083 1140 1168 συμφορὰν,
1171 1081 1230 1149 καὶ
1321 1144 1322 1182 ,

210 1201 403 1277 κατηγορῶν
430 1191 497 1274 ἀμα
522 1200 590 1255 τῶν
618 1187 737 1256 ἑαυτοῦ
764 1191 895 1256 οἰκείων
922 1187 1028 1255 έδεῑτό
1054 1212 1120 1273 μου
1147 1193 1230 1275 βοη-

210 1301 315 1381 θῆσαι
342 1296 448 1384 αὐτῷ,
476 1297 585 1382 ὥσπερ
612 1293 668 1361 καλ
696 1295 732 1362 ἐν
759 1303 805 1382 τῷ
835 1297 1023 1379 ἔμπροσθεν
1050 1297 1160 1384 χρόνῳ
1183 1290 1230 1380 ἦν
1321 1303 1322 1364 λ

211 1400 287 1488 περὶ
304 1402 407 1468 αὐτὸν
425 1401 587 1485 ἀληθινὸς
603 1405 714 1486 φίλος·
732 1398 789 1467 καὶ
805 1401 917 1466 κλάων
940 1401 1019 1485 ἅμα,
1040 1399 1097 1466 καὶ
1119 1397 1229 1485 λόγων
1321 1380 1322 1396 ¹

213 1507 263 1572 ὅτι
281 1505 315 1584 ἓξ
333 1505 389 1573 καὶ
407 1513 512 1573 εἴκοσι
530 1519 624 1591 μνῶν
642 1505 821 1592 λελυμένος
838 1513 900 1590 είη,
919 1508 1117 1590 εἰσενεγκεῖν
1134 1507 1227 1596 αύτῷ

186 1635 244 1676 οτι
266 1611 398 1677 ἐκέλευέ
418 1635 458 1696 με
480 1614 529 1689 εἰς
550 1613 591 1678 τὰ
613 1607 725 1697 λύτρα.
761 1622 866 1679 ταῦτα
883 1608 914 1678 δ’
937 1612 1002 1696 έγδο
1021 1611 1153 1680 ἀκούων
1170 1610 1228 1678 καὶ

213 1716 348 1800 ἐλεήσας
369 1726 507 1802 τοῦτον,
529 1715 585 1783 καὶ
606 1719 674 1802 ἅμα
697 1718 786 1804 ὁρῶν
808 1729 916 1794 κακῶς
937 1721 1148 1802 διακείμενον
1169 1717 1225 1785 καὶ
1321 1771 1322 1780 ,

213 1823 409 1888 δεικνύοντα
432 1822 509 1907 ἕλκη
534 1822 571 1889 ἐν
592 1834 664 1901 ταῖς
685 1825 825 1908 κνήμαις
847 1823 912 1890 ὑπὸ
935 1826 1084 1909 δεσμῶν,
1106 1818 1155 1890 ὧν
1177 1827 1227 1890 ἔτι

211 1928 270 2005 τάς
296 1927 397 2006 οὐδεὶς
424 1931 506 2016 ἔχει,
534 1927 590 1994 καὶ
617 1928 676 1994 ἐὰν
702 1931 876 2014 κελεύσητε
904 1929 1007 2000 αὐτὸν
1034 1929 1154 2014 δείξαι,
1184 1930 1227 1997 ού
1321 1923 1322 1928 “

213 2036 258 2120 μή
279 2038 424 2122 θελήσῃ,
451 2035 691 2123 ἀπεκρινάμηνΙ
705 2037 793 2124 αύτῷ
822 2037 874 2103 ὅτι
899 2033 955 2102 καὶ
976 2035 1014 2102 έν
1036 2043 1082 2124 τῷ
1105 2038 1226 2122 ἔμπρο-
1236 2054 1302 2104 1249
1321 2083 1322 2086 =

215 2147 299 2207 σθεν
321 2145 430 2232 χρόνῳ
453 2148 527 2226 είην
545 2141 635 2230 αύτῷ
654 2145 751 2227 φίλος
769 2141 941 2227 ἀληθινός,
962 2139 1019 2208 καὶ
1039 2151 1104 2209 νῦν
1126 2141 1164 2208 ἐν
1186 2149 1225 2227 τῇ

214 2255 369 2336 συμφορᾷ
391 2249 595 2332 βοηθήσοιμι
618 2247 726 2336 αύτῷ,
748 2245 804 2314 καὶ
825 2248 883 2324 τάς
904 2267 939 2314 τε
961 2251 1166 2332 τριακοσίας,
1188 2245 1227 2324 ἃς

213 2364 258 2443 τῷ
283 2354 416 2442 ἀδελφῷ
441 2356 549 2420 ἔδωκα
573 2353 711 2440 ἐφόδιον
739 2354 793 2420 ὅτε
821 2353 995 2442 ἐπορεύετο
1019 2352 1072 2419 ἐπὶ
1094 2363 1226 2438 τοῦτον,

213 2459 347 2546 ἀφιείην
369 2460 476 2549 αὐτῷ,
498 2463 605 2546 χιλίας
633 2483 668 2525 τε
692 2460 839 2546 δραχμάς
861 2462 981 2546 ἔρανον
1004 2459 1092 2548 αὐτῷ
1116 2461 1164 2536 είς
1184 2463 1226 2526 τὰ

187 2567 317 2650 ολύτρα
343 2568 528 2650 εἰσοίσοιμι.
564 2563 620 2630 καὶ
645 2575 743 2631 τοῦτο
770 2565 812 2631 οὐ
839 2568 928 2655 λόγῳ
958 2561 1019 2650 μέν
1045 2563 1225 2650 ὑπισχνού-

213 2695 291 2754 μην,
313 2673 398 2760 ἔργφ
418 2668 456 2736 ,δ’
479 2672 541 2737 ούκ
566 2670 714 2755 ἐποίησα,
737 2667 810 2735 ἀλλ’
832 2670 944 2755 ἐπειδή
970 2671 1031 2736 οὐκ
1051 2671 1224 2756 ηὐπόρουν

213 2774 394 2861 ἀργυρίου,
424 2777 480 2841 διδ
510 2778 547 2842 τὸ
578 2778 746 2862 διαφόρως
775 2779 863 2862 έχειν
891 2784 937 2864 τῷ
968 2780 1141 2863 Φορμίωνι
1168 2775 1224 2843 καλ

213 2880 468 2966 ἀποστερεῖσθαι
489 2879 550 2946 ὑπ’
574 2881 677 2948 αὐτοῦ
700 2882 761 2966 τήν
789 2881 908 2947 οὐσίαν
930 2881 973 2966 ήν
996 2905 1052 2966 μοι
1076 2882 1094 2949 ὁ
1116 2883 1223 2969 πατήρ

212 2985 374 3070 κατέλιπε,
396 2989 534 3071 κομίσας
551 2987 596 3063 ὡς
615 2985 760 3052 Θεοκλέα
777 2989 837 3053 τὸν
859 2991 931 3055 τότε
954 2989 1224 3075 τραπεζιτεύοντα

213 3091 386 3177 ἐκπώματα
407 3089 464 3157 καὶ
487 3089 651 3177 στέφανον
673 3102 832 3178 χρυσοῦν,
854 3091 876 3158 δ
897 3091 975 3180 παρ’
1001 3091 1076 3179 έμολ
1098 3092 1134 3160 ἐκ
1156 3104 1223 3160 τῶν

211 3195 374 3288 πατρςέων
397 3200 477 3265 ὄντα
500 3196 694 3283 ἐτύγχανεν,
721 3195 877 3264 ἐκέλευσα
906 3199 1025 3266 δοῦναι
1047 3199 1153 3288 τούτῳ
1175 3223 1224 3286 χι-

212 3307 284 3382 λίας
302 3303 460 3390 δραχμάς,
482 3300 653 3369 καὶτοῦτο
672 3304 779 3368 ἔδωκα
799 3304 941 3389 δωρειὰν
959 3303 1048 3392 αύτῷ
1066 3306 1104 3371 τὸ
1123 3303 1223 3390 ἀργύ·

175 3427 200 3467 1⁰
213 3433 299 3496 ριον,
321 3406 376 3474 καὶ
400 3408 550 3493 ὁμολογῶ
575 3406 764 3473 δεδωκέναι.
807 3405 942 3494 ήμέραις
964 3405 996 3474 δ’
1023 3409 1064 3476 ού
1086 3415 1223 3489 πολλαῖς

213 3516 353 3602 ὕστερον
381 3515 580 3600 προσελθών
609 3537 666 3598 μοι
694 3513 804 3578 κλάων
834 3517 964 3600 ἔλεγεν,
993 3513 1046 3580 ὅτι
1073 3515 1110 3580 οἱ
1133 3512 1222 3593 ξένοι
