2614 3922
155 134 209 224 ἰν
568 176 778 232 Pannrnrro.
799 137 801 140 ⁵

174 333 301 397 τούτων
323 333 540 420 ὑπαρχόντων
567 340 617 414 τίς
644 336 686 401 δν
714 339 761 403 ἐτι
784 341 882 421 λόγος
906 341 1177 423 ἰσχυρότερος-

170 437 313 520 νένοιτο;
338 477 375 486 -
398 438 494 524 Spud.
514 442 534 505 9
554 439 733 529 ἵναμηδέν
757 441 913 529 δυσχερὲς
930 445 1010 527 ἡμῖν
1029 450 1080 524 εῖη
1098 445 1181 527 πρὸς

170 541 334 628 ἀλλήλους
357 582 396 592 -
422 543 500 611 Gall.
525 547 546 612 5
570 549 625 612 ἵνα
651 586 690 594 -
714 546 818 632 μηδὲν
845 550 925 633 ἡμῖν
953 545 995 633 ἦν
1024 545 1180 634 δυσχερὲς

169 652 252 733 πρὸς
274 649 446 733 ἀλλήλους.
491 650 637 737 Apparet
655 652 764 738 igitur,
786 677 957 738 perperam
975 654 1009 720 in
1028 652 1181 720 Calliclea

172 753 377 820 Dindorfium
400 754 480 840 ὑμῖν
503 781 562 841 pro
580 759 661 842 ἡμῖν
679 759 855 844 scripsisse,
878 782 918 825 ne
942 761 1089 827 codicum
1111 759 1179 844 qui-

171 859 242 924 dem
266 861 458 927 auctoritate
477 863 650 928 addicente.
675 901 717 910 -
742 863 837 949 Spud.
866 867 903 929 11
928 867 1091 950 portlocan
1113 870 1179 931 τοί-

170 989 235 1030 νυν
263 962 289 1030 ὦ
317 969 347 1032 ό.
377 969 406 1032 δ.
436 967 491 1032 καὶ
520 967 596 1052 περὶ
625 977 693 1032 τῶν
722 970 833 1058 ἄλλων
864 965 911 1035 ὧν
941 971 1067 1055 ἐγκαλῶ
1098 970 1173 1037 καθ’

171 1071 310 1138 ἕκαστον
336 1073 421 1157 ὑμᾶς
448 1073 580 1152 διδάξαι
606 1110 649 1122 -
678 1071 756 1139 Gall.
788 1077 828 1140 16
856 1074 950 1154 ἄξιον
978 1074 1009 1142 δ’
1037 1073 1063 1142 ὦ
1091 1079 1121 1143 ἄ.
1149 1080 1178 1143 δ.

171 1176 226 1241 καὶ
248 1178 323 1263 περὶ
346 1187 414 1244 τῶν
436 1181 547 1246 ἄλλων
571 1175 618 1244 ὧν
636 1187 744 1264 εἴρηκε
764 1183 951 1265 Καλλικλῆς
968 1181 1117 1250 ἀκοῦσαι.
1135 1221 1177 1230 -

172 1281 268 1368 Spud.
294 1287 337 1350 14
358 1295 426 1351 τῶν
444 1287 583 1351 εἰδότων
602 1281 702 1352 οὐδὲν
720 1281 818 1368 ἧττον
836 1287 930 1371 ἡμῶν
948 1289 988 1352 τὰ
1006 1292 1179 1372 γενόμενα,

171 1397 238 1453 τῶν
260 1383 384 1456 κοινῶν
407 1389 604 1476 ἀμφοτέροις
626 1389 681 1456 καὶ
703 1394 812 1475 φίλων
835 1394 944 1458 όντων
965 1429 1008 1442 -
1033 1391 1111 1459 Gall
1135 1397 1178 1466 35

172 1493 356 1579 ἐπιτρέπειν
383 1508 453 1573 τοῖς
478 1498 622 1580 εἰδόσιν,
654 1503 738 1574 ἴσοις
769 1496 824 1562 καὶ
855 1509 989 1576 κοινοῖς.
1033 1498 1073 1566 In
1101 1499 1179 1583 Spu-

172 1601 285 1665 dianae
307 1602 379 1667 loco
403 1603 561 1668 omittunt
583 1603 716 1687 quidam
735 1604 859 1669 codices
883 1602 938 1668 καὶ
960 1609 1036 1670 ante
1058 1609 1178 1690 φίλους

173 1707 226 1770 sed
251 1707 354 1772 altero
378 1709 497 1773 collato
519 1708 666 1773 videmus
694 1717 817 1775 κοινῶν
845 1731 940 1774 suurn
963 1710 1026 1774 sibi
1049 1733 1179 1776 sensum

171 1811 290 1876 habere
317 1835 421 1898 neque
451 1835 524 1878 curn
553 1817 662 1899 φίλων
685 1815 720 1878 in
742 1836 839 1878 unam
861 1815 1028 1881 notionem
1051 1817 1179 1881 commi-

172 1919 324 1982 scendum
353 1939 430 1982 esse.
480 1918 526 1984 At
552 1919 587 1983 in
610 1917 763 1984 Callicles
788 1930 857 1996 τοῖς
884 1924 959 1985 ante
987 1927 1071 1998 ῖσοις
1097 1922 1179 1987 exci-

173 2022 257 2087 disse
281 2027 313 2087 et
333 2022 497 2109 Spudiana
519 2025 612 2089 docet
631 2028 664 2088 et
681 2023 769 2089 illius
792 2023 894 2107 ipsius
918 2025 1008 2090 locus
1031 2026 1177 2111 geminus

172 2127 206 2214 (ἐ
221 2125 269 2214 9);
283 2139 352 2205 τοῖς
366 2131 494 2194 εἰδόσιν
508 2129 693 2213 ἐπιτρέπειν
708 2166 762 2211 -,
779 2141 848 2206 τοῖς
863 2135 955 2207 ῖσοις.
969 2167 1011 2178 -
1028 2130 1124 2216 Spud.
1140 2135 1177 2198 18

173 2233 381 2316 ἐπιβιούντος
398 2236 478 2318 μετὰ
496 2245 597 2300 ταῦτα
615 2245 676 2300 τοῦ
690 2236 907 2301 Πολυεύκτου
925 2241 1021 2302 πλεῖν
1039 2237 1060 2320 ἢ
1077 2237 1175 2302 πένθ’

171 2338 293 2424 ἡμέρας
307 2337 376 2404 οὔτ’
394 2339 620 2423 ἠγανάκτησεν
638 2341 801 2408 εἰσελθὼν
819 2336 890 2406 οὔτ’
908 2340 1059 2408 ἀντεῖπεν
1078 2343 1178 2410 οὐδέν

172 2483 214 2491 -
234 2443 312 2509 Call.
332 2447 354 2508 4
373 2443 410 2509 ἐν
433 2440 470 2510 δὲ
492 2446 622 2521 τούτοις
643 2456 712 2523 τοῖς
731 2448 838 2512 ἐτεσιν
856 2449 978 2513 ἅπασιν
993 2445 1063 2513 ούτ’
1084 2446 1177 2530 ἐγκα-

172 2556 241 2616 λῶν
264 2548 375 2626 οὐδεὶς
396 2547 519 2616 πώποτ’
546 2547 652 2634 ἦλθεν
680 2552 756 2617 οὔτε
780 2555 1052 2636 μεμφόμενος-
1076 2551 1177 2618 πλέον

172 2653 233 2740 μὲν
255 2656 276 2740 ἢ
298 2653 517 2725 πεντεκαίδεκ’
546 2659 601 2739 ἐτη
629 2665 688 2720 τοῦ
715 2657 838 2739 πατρὸς
865 2655 1089 2740 ἐπιβιοῦντος,
1117 2658 1178 2724 οὐκ

173 2762 293 2827 ἐλάττω
317 2757 354 2826 δὲ
376 2769 437 2825 τοῦ
459 2761 586 2825 τούτων
606 2761 728 2843 πατρὸς
746 2763 988 2826 Καλλιππίδου.
1032 2761 1179 2828 Primum

171 2873 309 2952 utroque
338 2867 410 2931 loco
441 2865 626 2948 ἐπιβιόντος
656 2864 785 2950 scripsi3
820 2865 934 2931 deinde
962 2866 997 2931 in
1026 2865 1179 2934 Calliclca

171 2975 270 3038 verba
296 2972 397 3038 πλέον
425 2968 485 3056 μὲν
500 3020 530 3035 ..
558 2973 790 3038 Καλλιππίδου
818 2976 893 3037 ante
921 2972 958 3038 ἐν
986 2970 1023 3039 δὲ
1050 2977 1178 3053 τούτοις

171 3079 365 3163 transposui,
389 3077 498 3142 addito
522 3075 576 3141 καὶ
599 3081 674 3142 ante
696 3076 815 3161 πλέον,
842 3078 948 3145 deleto
972 3077 1009 3145 δέ
1031 3086 1107 3165 post
1130 3081 1178 3164 ἐν,

172 3189 205 3248 et
217 3185 280 3249 hoc
293 3184 423 3268 quidem
442 3182 515 3246 aliis
535 3181 717 3247 rationibus
732 3183 847 3249 ductus
861 3183 932 3264 feci,
955 3184 1177 3250 verumetiam

171 3289 349 3354 similitudo
368 3311 442 3353 cum
456 3288 635 3372 Spudianae
653 3289 724 3354 loco
743 3289 805 3357 hac
821 3289 1073 3373 transpositione
1091 3291 1178 3354 facta

171 3393 269 3456 etiam
302 3393 405 3457 maior
438 3393 552 3461 evadit.
605 3392 752 3479 Denique
786 3395 821 3459 in
852 3393 1014 3478 Spudiana
1046 3394 1177 3478 quidam

171 3497 258 3560 codd.
290 3496 359 3563 οὐκ
392 3497 618 3581 ἠγανάκτησεν
647 3534 690 3546 -
722 3499 792 3565 ούκ
826 3499 978 3564 ἀντεῖπεν
1011 3500 1176 3585 praebent,
