2650 3918
193 173 260 238 334
510 174 568 229 Lx,
592 170 895 244 [ΔΗΜοΣοεαονΣ]

193 333 374 420 βάρβαρον,
396 329 469 399 ἀλλ’
490 331 639 420 ὑπῆρχεν
656 331 769 410 αὐτοῖς
785 333 868 417 πρὸς
886 332 988 398 ἅπασι
1003 341 1073 408 τοῖς
1089 332 1205 406 άλλοις

193 444 307 517 καλοῖς
334 439 495 523 κάγαθοῖς
523 437 579 505 καὶ
613 437 829 515 δικαιοτάτοις
862 432 965 522 εἶναι,
998 435 1205 522 ἀμυνόμενοι
1214 455 1282 505 1391

167 542 232 610 ιδὲ
250 546 355 611 πολλά
373 543 428 612 καὶ
450 545 582 630 λαμπρὰ
605 542 831 630 διεπράξαντο.
865 540 922 609 καὶ
943 543 1006 630 γὰρ
1028 544 1088 610 τὸν
1106 538 1205 626 Ἀμα-

194 652 299 728 ζόνων
328 652 469 736 στρατὸν
498 647 630 716 ἐλθόντ’
665 648 846 736 ἐκράτησαν
875 649 997 733 οὑτως,
1031 645 1107 715 ὥστ’
1139 646 1204 726 ἐξω

195 755 342 832 Φάσιδος
372 755 542 842 ἐκβαλεῖν,
571 752 628 821 καὶ
656 757 716 821 τὸν
745 753 927 838 Εὐμόλπου
954 750 1012 819 καί
1039 753 1205 841 (Θρακῶν

192 859 270 945 καὶ>
291 865 425 927 πολλῶν
448 861 560 929 ἄλλων
587 862 708 926 στόλον
736 859 777 925 οὐ
804 861 911 944 μόνον
933 858 970 925 ἐκ
991 866 1048 943 τῆς
1070 860 1205 944 οἰκείας,

193 967 278 1032 άλλδ
294 965 351 1033 καί
374 966 411 1034 ἐκ
428 975 485 1051 τῆς
501 975 569 1032 τῶν
587 967 698 1032 ἄλλων
715 963 885 1050 Ἑλλήνων
902 966 1010 1051 χώρας
1028 963 1204 1050 ἐξήλασαν,

194 1073 252 1150 οὓς
274 1073 310 1139 οί
328 1075 392 1160 πρὸ
414 1072 508 1157 ἡμῶν
530 1073 699 1149 οἰκοῦντες
715 1073 798 1158 πρὸς
816 1068 958 1157 ἑσπέραν
979 1069 1099 1148 πάντες
1121 1067 1200 1136 οὐθ’

192 1177 373 1263 ὑπέμειναν
405 1175 474 1244 οὐτ’
510 1177 725 1262 ἐδυνήθησαν
760 1179 915 1243 κωλῦσαι.
964 1173 1024 1242 καί
1050 1178 1117 1261 μήν
1147 1175 1205 1242 καλ

193 1296 260 1350 τῶν
278 1281 481 1369 Ἡρακλέους
508 1283 655 1368 παίδων,
684 1283 721 1361 δς
749 1285 827 1360 τοὺς
856 1283 977 1358 ἄλλους
999 1281 1117 1371 ἔσωζε,
1138 1299 1205 1348 σω-

193 1399 289 1475 τῆρες
317 1391 578 1475 ὠνομάσθησαν,
605 1385 690 1472 ἡνίκ’
717 1383 826 1473 ήίθον
852 1389 901 1465 είς
925 1388 1025 1472 τήνδε
1050 1387 1113 1472 τήν
1138 1397 1205 1472 γῆν

195 1495 312 1579 ίκέται,
339 1497 519 1580 φεύγοντες
544 1493 735 1579 Εὐρυσθέα
780 1491 836 1560 καί
861 1495 944 1579 πρὸς
968 1502 1049 1560 πᾶσι
1074 1494 1206 1572 τούτοις

193 1600 249 1667 καί
277 1606 413 1678 πολλοῖς
442 1603 556 1679 ἄλλοις
584 1598 639 1667 καὶ
662 1606 775 1678 καλοῖς
797 1602 918 1687 ἔργοις,
943 1600 984 1665 τά
1005 1610 1072 1665 τῶν
1094 1622 1205 1666 κατοι-

193 1704 343 1792 χομένων
373 1703 485 1791 νόμιμ’
521 1706 563 1772 οὐ
591 1707 760 1793 περιεῖδον
789 1707 1005 1792 ὑβριζόμενα,
1041 1705 1095 1770 ὅτε
1126 1708 1206 1783 τούς

168 1807 262 1876 εέπτ’
290 1808 343 1876 ἐπὶ
362 1814 475 1896 Θήβας
495 1812 636 1877 θάπτειν
659 1811 782 1878 ἐκώλυε
804 1810 933 1897 Κρέων.
968 1822 1035 1877 τῶν
1057 1807 1119 1896 μὲν
1141 1807 1206 1878 οὑν

194 1918 241 1994 είς
268 1917 399 2000 μύθους
429 1915 702 2002 ἀνενηνεγμένων
734 1919 841 2005 ἔργων
872 1917 978 1984 πολλὰ
1008 1918 1205 2003 παραλιπὼν

193 2023 321 2089 τούτων
350 2021 582 2108 ἐπεμνήσθην,
615 2017 663 2089 ὧν
692 2024 799 2101 οὑτως
831 2022 970 2090 θιαστον
998 2023 1205 2110 εὐσχήμονας

194 2126 249 2194 καὶ
277 2131 421 2205 πολλοὺς
451 2130 518 2214 ἔχει
549 2131 671 2212 λόγους
678 2177 689 2213 ,
723 2129 806 2194 ὥστε
835 2125 890 2194 καλ
918 2130 997 2206 τούς
1025 2126 1205 2214 ἐμμέτρους

193 2232 249 2300 καί
270 2236 348 2312 τοὺς
370 2244 437 2300 τῶν
456 2230 629 2322 ᾀδομένων
647 2234 784 2318 ποιητάς
800 2231 856 2300 καὶ
873 2237 1018 2312 πολλοὺς
1034 2245 1102 2300 τῶν
1124 2252 1205 2319 συγ-

193 2338 349 2426 γραφέων
367 2338 545 2417 ὑποθέσεις
562 2338 723 2406 τάκείνων
746 2342 826 2426 ἔργα
843 2347 901 2424 τῆς
918 2339 1028 2405 αὑτῶν
1046 2350 1206 2425 μουσικῆς

193 2453 407 2531 πεποιῆσθαι·
437 2441 518 2512 ἃδέ
540 2453 579 2531 τῆ
602 2441 664 2529 μέν
693 2443 768 2533 ἀξίᾳ
793 2455 860 2511 τῶν
883 2447 989 2531 έργων
1011 2443 1111 2512 οὐδέν
1133 2445 1205 2511 ἐστι

193 2553 321 2618 τούτων
344 2551 483 2635 ἐλάττω,
509 2559 555 2639 τῷ
580 2548 611 2617 δ’
636 2548 845 2636 ὑπογυώτερ’
873 2545 961 2616 είναι
981 2561 1052 2626 τοῖς
1071 2552 1205 2636 χρόνοις

195 2657 286 2722 οὐπω
309 2659 590 2742 μεμυθολόγηται,
613 2653 686 2723 οὐδ’
708 2657 755 2733 είς
772 2657 833 2740 τήν
855 2655 1004 2742 ήρωῖκήν
1026 2653 1205 2740 ἐπανῆκται

156 2760 305 2845 ιοκάξιν,
333 2759 423 2828 ταῦτ’
454 2764 518 2847 ήδη
548 2760 640 2840 λέξω.
691 2759 812 2828 ἐκεῖνοι
840 2763 899 2829 τὸν
929 2761 962 2840 ἐξ
992 2761 1120 2848 ἁπάσης
1147 2771 1205 2846 τῆς

191 2866 299 2944 ’Λσίας
325 2869 446 2933 στόλον
473 2866 616 2934 ἐλθόντα
642 2870 740 2951 μόνοι
767 2864 820 2944 δὶς
845 2867 1015 2952 ήμύναντο
1040 2865 1097 2933 καλ
1122 2868 1217 2933 κατὰΙ

194 2982 257 3058 γῆν
279 2970 335 3039 καλ
356 2973 438 3037 κατδ
460 2972 645 3058 θάλατταν,
671 2971 727 3040 καὶ
750 2972 806 3038 διδ
828 2983 895 3038 τῶν
919 2974 1015 3038 ίδίων
1035 2973 1205 3040 κινδύνων

194 3089 307 3164 κοινῆς
329 3081 491 3164 σωτηρίας
512 3087 593 3145 πᾶσι
611 3090 679 3157 τοῖς
691 3077 850 3163 Ἕλλησιν
873 3085 972 3145 αίτιοι
994 3076 1205 3162 κατέστησαν.

194 3183 250 3252 καὶ
272 3187 464 3271 προείρηται
486 3180 548 3268 μὲν
570 3183 589 3250 δ
612 3183 720 3269 μέλλω
743 3183 853 3269 λέγειν
873 3182 931 3250 ὑπ’
956 3186 1067 3250 ἄλλων
1087 3185 1205 3269 πρότε-
1242 3227 1245 3234 1

195 3315 268 3379 ρον,
291 3292 346 3358 δεῖ
365 3285 403 3355 δὲ
426 3285 508 3375 μηδὲ
530 3299 595 3356 νῦν
621 3301 681 3357 τοῦ
710 3291 840 3356 δικαίου
867 3288 922 3356 καὶ
944 3295 1051 3367 καλῶς
1072 3292 1281 3377 έχοντοςῖεεν

196 3397 332 3465 ἐπαίνου
351 3400 429 3474 τοὺς
443 3397 567 3482 άνδρας
581 3395 728 3473 ἐκείνους
741 3403 957 3482 στερηθῆναι·
974 3397 1122 3486 τοσούτω
1139 3397 1205 3483 γὰρ

196 3501 350 3586 ἀμείνους
376 3513 443 3570 τῶν
471 3500 525 3570 ἐπὶ
556 3504 679 3586 Τροίαν
706 3500 995 3587 στρατευσαμένων
1021 3500 1202 3586 νομίζοιντ’
