<?xml version="1.0" encoding="UTF-8"?>
<!DOCTYPE html PUBLIC "-//W3C//DTD XHTML 1.0 Transitional//EN"
    "http://www.w3.org/TR/xhtml1/DTD/xhtml1-transitional.dtd">
<html xmlns="http://www.w3.org/1999/xhtml" xml:lang="en" lang="en">
 <head>
  <title>
</title>
<meta http-equiv="Content-Type" content="text/html;charset=utf-8" />
  <meta name='ocr-system' content='tesseract 3.04.00' />
  <meta name='ocr-capabilities' content='ocr_page ocr_carea ocr_par ocr_line ocrx_word'/>
</head>
<body>
  <div class='ocr_page' id='page_1' title='image "./orationes01demogoog_0340.png"; bbox 0 0 2658 3922; ppageno 0'>
   <div class='ocr_carea' id='block_1_1' title="bbox 430 225 1142 289">
    <p class='ocr_par' dir='ltr' id='par_1_1' title="bbox 430 225 1142 289">
     <span class='ocr_line' id='line_1_1' title="bbox 430 225 1142 289; baseline 0.011 -8"><span class='ocrx_word' id='word_1_1' title='bbox 430 228 844 282; x_wconf 68' lang='grc' dir='ltr'><em>κονιοιοονεοιαεον.</em></span> <span class='ocrx_word' id='word_1_2' title='bbox 1078 225 1142 289; x_wconf 78' lang='lat'><em>247</em></span> 
     </span>
    </p>
   </div>
   <div class='ocr_carea' id='block_1_2' title="bbox 79 383 1221 3225">
    <p class='ocr_par' dir='ltr' id='par_1_2' title="bbox 79 383 1146 1319">
     <span class='ocr_line' id='line_1_2' title="bbox 79 383 1145 475; baseline -0.001 -22"><span class='ocrx_word' id='word_1_3' title='bbox 79 407 112 447; x_wconf 73' lang='lat'><em>48</em></span> <span class='ocrx_word' id='word_1_4' title='bbox 201 385 312 473; x_wconf 81' lang='grc' dir='ltr'><em>Χωρλς</em></span> <span class='ocrx_word' id='word_1_5' title='bbox 334 385 372 453; x_wconf 70' lang='grc' dir='ltr'><em>δέ</em></span> <span class='ocrx_word' id='word_1_6' title='bbox 394 388 522 455; x_wconf 83' lang='grc' dir='ltr'><em>τούτων</em></span> <span class='ocrx_word' id='word_1_7' title='bbox 541 383 567 452; x_wconf 80' lang='grc' dir='ltr'>ὦ</span> <span class='ocrx_word' id='word_1_8' title='bbox 586 389 706 475; x_wconf 79' lang='grc' dir='ltr'><em>ἄνδρες</em></span> <span class='ocrx_word' id='word_1_9' title='bbox 720 386 893 473; x_wconf 87' lang='grc' dir='ltr'><em>Ἀθηναῖοι</em></span> <span class='ocrx_word' id='word_1_10' title='bbox 916 390 961 473; x_wconf 90' lang='grc' dir='ltr'><em>μή</em></span> <span class='ocrx_word' id='word_1_11' title='bbox 985 387 1145 471; x_wconf 79' lang='grc' dir='ltr'><em>ἀγνοεῖτε,</em></span> 
     </span>
     <span class='ocr_line' id='line_1_3' title="bbox 128 489 1144 579; baseline 0 -21"><span class='ocrx_word' id='word_1_12' title='bbox 128 493 184 558; x_wconf 80' lang='grc' dir='ltr'><em>ὅτι</em></span> <span class='ocrx_word' id='word_1_13' title='bbox 206 491 286 558; x_wconf 79' lang='grc' dir='ltr'><em>νυνὶ</em></span> <span class='ocrx_word' id='word_1_14' title='bbox 309 496 389 578; x_wconf 92' lang='grc' dir='ltr'><em>μίαν</em></span> <span class='ocrx_word' id='word_1_15' title='bbox 408 495 504 578; x_wconf 90' lang='grc' dir='ltr'><em>δίκην</em></span> <span class='ocrx_word' id='word_1_16' title='bbox 524 493 710 572; x_wconf 73' lang='grc' dir='ltr'><strong><em>δικάζοντες</em></strong></span> <span class='ocrx_word' id='word_1_17' title='bbox 727 500 938 578; x_wconf 76' lang='grc' dir='ltr'><em>νομοθετεῖτε</em></span> <span class='ocrx_word' id='word_1_18' title='bbox 957 489 1040 579; x_wconf 71' lang='grc' dir='ltr'><em>ὑπὲρ</em></span> <span class='ocrx_word' id='word_1_19' title='bbox 1063 493 1144 559; x_wconf 84' lang='grc' dir='ltr'><em>ὅλου</em></span> 
     </span>
     <span class='ocr_line' id='line_1_4' title="bbox 128 598 1146 686; baseline -0.001 -21"><span class='ocrx_word' id='word_1_20' title='bbox 128 610 193 666; x_wconf 90' lang='grc' dir='ltr'><em>τοῦ</em></span> <span class='ocrx_word' id='word_1_21' title='bbox 216 599 388 685; x_wconf 83' lang='grc' dir='ltr'><em>ἐμπορίου,</em></span> <span class='ocrx_word' id='word_1_22' title='bbox 410 598 466 666; x_wconf 85' lang='grc' dir='ltr'><em>καὶ</em></span> <span class='ocrx_word' id='word_1_23' title='bbox 488 610 668 686; x_wconf 86' lang='grc' dir='ltr'><em>παρεστᾶσι</em></span> <span class='ocrx_word' id='word_1_24' title='bbox 689 598 808 666; x_wconf 82' lang='grc' dir='ltr'><em>πολλοὶ</em></span> <span class='ocrx_word' id='word_1_25' title='bbox 828 611 895 666; x_wconf 76' lang='grc' dir='ltr'><em>τῶν</em></span> <span class='ocrx_word' id='word_1_26' title='bbox 917 601 1000 666; x_wconf 84' lang='grc' dir='ltr'><em>κατά</em></span> <span class='ocrx_word' id='word_1_27' title='bbox 1021 599 1146 665; x_wconf 89' lang='grc' dir='ltr'><em>θάλατ-</em></span> 
     </span>
     <span class='ocr_line' id='line_1_5' title="bbox 128 705 1146 792; baseline -0.001 -22"><span class='ocrx_word' id='word_1_28' title='bbox 128 729 193 771; x_wconf 88' lang='grc' dir='ltr'><em>ταν</em></span> <span class='ocrx_word' id='word_1_29' title='bbox 212 705 409 792; x_wconf 79' lang='grc' dir='ltr'><em>ἐργάζεσθαι</em></span> <span class='ocrx_word' id='word_1_30' title='bbox 426 705 712 792; x_wconf 76' lang='grc' dir='ltr'><em>προαιρουμένων,</em></span> <span class='ocrx_word' id='word_1_31' title='bbox 733 706 819 790; x_wconf 83' lang='grc' dir='ltr'><em>ὑμᾶς</em></span> <span class='ocrx_word' id='word_1_32' title='bbox 836 713 1055 791; x_wconf 73' lang='grc' dir='ltr'><em>θεωροῦντες,</em></span> <span class='ocrx_word' id='word_1_33' title='bbox 1077 715 1146 782; x_wconf 82' lang='grc' dir='ltr'><em>πῶς</em></span> 
     </span>
     <span class='ocr_line' id='line_1_6' title="bbox 130 807 1146 898; baseline -0.001 -22"><span class='ocrx_word' id='word_1_34' title='bbox 130 814 170 877; x_wconf 90' lang='grc' dir='ltr'><em>τὸ</em></span> <span class='ocrx_word' id='word_1_35' title='bbox 195 819 328 896; x_wconf 86' lang='grc' dir='ltr'><em>πρᾶγμα</em></span> <span class='ocrx_word' id='word_1_36' title='bbox 349 810 442 878; x_wconf 78' lang='grc' dir='ltr'><em>τουτὶ</em></span> <span class='ocrx_word' id='word_1_37' title='bbox 465 817 601 898; x_wconf 85' lang='grc' dir='ltr'><em>κρίνετε.</em></span> <span class='ocrx_word' id='word_1_38' title='bbox 643 813 676 878; x_wconf 83' lang='grc' dir='ltr'><em>εί</em></span> <span class='ocrx_word' id='word_1_39' title='bbox 696 807 758 897; x_wconf 74' lang='grc' dir='ltr'><em>μὲν</em></span> <span class='ocrx_word' id='word_1_40' title='bbox 780 813 844 897; x_wconf 82' lang='grc' dir='ltr'><em>γάρ</em></span> <span class='ocrx_word' id='word_1_41' title='bbox 871 812 965 897; x_wconf 82' lang='grc' dir='ltr'><em>ὑμεῖς</em></span> <span class='ocrx_word' id='word_1_42' title='bbox 986 812 1044 888; x_wconf 83' lang='grc' dir='ltr'><em>τὰς</em></span> <span class='ocrx_word' id='word_1_43' title='bbox 1067 827 1146 892; x_wconf 91' lang='grc' dir='ltr'><em>συγ-</em></span> 
     </span>
     <span class='ocr_line' id='line_1_7' title="bbox 131 915 1145 1003; baseline -0.001 -21"><span class='ocrx_word' id='word_1_44' title='bbox 131 917 264 1001; x_wconf 84' lang='grc' dir='ltr'><em>γραφάς</em></span> <span class='ocrx_word' id='word_1_45' title='bbox 284 915 339 982; x_wconf 84' lang='grc' dir='ltr'><em>καλ</em></span> <span class='ocrx_word' id='word_1_46' title='bbox 362 919 419 995; x_wconf 84' lang='grc' dir='ltr'><em>τάς</em></span> <span class='ocrx_word' id='word_1_47' title='bbox 446 918 623 1002; x_wconf 77' lang='grc' dir='ltr'><em>ὁμολογίας</em></span> <span class='ocrx_word' id='word_1_48' title='bbox 649 918 708 994; x_wconf 86' lang='grc' dir='ltr'><em>τάς</em></span> <span class='ocrx_word' id='word_1_49' title='bbox 735 918 818 1003; x_wconf 82' lang='grc' dir='ltr'><em>πρὸς</em></span> <span class='ocrx_word' id='word_1_50' title='bbox 844 916 1008 1002; x_wconf 75' lang='grc' dir='ltr'><em>ἀλλήλους</em></span> <span class='ocrx_word' id='word_1_51' title='bbox 1034 938 1145 1000; x_wconf 92' lang='grc' dir='ltr'><em>γιγνο-</em></span> 
     </span>
     <span class='ocr_line' id='line_1_8' title="bbox 131 1017 1146 1108; baseline 0 -22"><span class='ocrx_word' id='word_1_52' title='bbox 131 1020 234 1106; x_wconf 80' lang='grc' dir='ltr'><em>μένας</em></span> <span class='ocrx_word' id='word_1_53' title='bbox 256 1024 572 1108; x_wconf 78' lang='grc' dir='ltr'><em>ίσχυράς’,οίήσεσθε</em></span> <span class='ocrx_word' id='word_1_54' title='bbox 600 1022 673 1088; x_wconf 82' lang='grc' dir='ltr'><em>δεῖν</em></span> <span class='ocrx_word' id='word_1_55' title='bbox 700 1017 787 1088; x_wconf 83' lang='grc' dir='ltr'><em>εἶναι</em></span> <span class='ocrx_word' id='word_1_56' title='bbox 812 1021 869 1092; x_wconf 83' lang='grc' dir='ltr'><em>καὶ</em></span> <span class='ocrx_word' id='word_1_57' title='bbox 895 1034 965 1100; x_wconf 84' lang='grc' dir='ltr'><em>τοῖς</em></span> <span class='ocrx_word' id='word_1_58' title='bbox 986 1025 1146 1108; x_wconf 79' lang='grc' dir='ltr'><em>παραβαῖ-</em></span> 
     </span>
     <span class='ocr_line' id='line_1_9' title="bbox 130 1126 1146 1214; baseline 0.001 -21"><span class='ocrx_word' id='word_1_59' title='bbox 130 1145 251 1194; x_wconf 89' lang='grc' dir='ltr'><em>νουσιν</em></span> <span class='ocrx_word' id='word_1_60' title='bbox 274 1128 377 1205; x_wconf 84' lang='grc' dir='ltr'><em>αὐτάς</em></span> <span class='ocrx_word' id='word_1_61' title='bbox 399 1129 563 1213; x_wconf 86' lang='grc' dir='ltr'><em>μηδεμίαν</em></span> <span class='ocrx_word' id='word_1_62' title='bbox 587 1129 789 1213; x_wconf 80' lang='grc' dir='ltr'><em>συγγνώμην</em></span> <span class='ocrx_word' id='word_1_63' title='bbox 811 1127 910 1213; x_wconf 77' lang='grc' dir='ltr'><em>ἕξετε,</em></span> <span class='ocrx_word' id='word_1_64' title='bbox 939 1126 1146 1214; x_wconf 78' lang='grc' dir='ltr'><em>ἑτοιμότερον</em></span> 
     </span>
     <span class='ocr_line' id='line_1_10' title="bbox 131 1231 1146 1319; baseline 0 -21"><span class='ocrx_word' id='word_1_65' title='bbox 131 1237 340 1319; x_wconf 77' lang='grc' dir='ltr'><em>προήσονται</em></span> <span class='ocrx_word' id='word_1_66' title='bbox 361 1236 402 1299; x_wconf 81' lang='grc' dir='ltr'><em>τά</em></span> <span class='ocrx_word' id='word_1_67' title='bbox 425 1232 551 1299; x_wconf 82' lang='grc' dir='ltr'><em>ἑαυτῶν</em></span> <span class='ocrx_word' id='word_1_68' title='bbox 579 1234 615 1299; x_wconf 89' lang='grc' dir='ltr'><em>οί</em></span> <span class='ocrx_word' id='word_1_69' title='bbox 634 1232 688 1299; x_wconf 78' lang='grc' dir='ltr'><em>ἐπὶ</em></span> <span class='ocrx_word' id='word_1_70' title='bbox 709 1241 770 1299; x_wconf 87' lang='grc' dir='ltr'><em>τοῦ</em></span> <span class='ocrx_word' id='word_1_71' title='bbox 794 1234 957 1312; x_wconf 77' lang='grc' dir='ltr'><em>δανείζειν</em></span> <span class='ocrx_word' id='word_1_72' title='bbox 980 1235 1087 1317; x_wconf 80' lang='grc' dir='ltr'><em>ὄντες,</em></span> <span class='ocrx_word' id='word_1_73' title='bbox 1110 1231 1146 1298; x_wconf 84' lang='grc' dir='ltr'><em>ἐκ</em></span> 
     </span>
    </p>

    <p class='ocr_par' dir='ltr' id='par_1_3' title="bbox 86 1333 1146 2166">
     <span class='ocr_line' id='line_1_11' title="bbox 86 1333 1146 1426; baseline -0.002 -21"><span class='ocrx_word' id='word_1_74' title='bbox 86 1358 116 1398; x_wconf 71' lang='lat'><em>49</em></span> <span class='ocrx_word' id='word_1_75' title='bbox 132 1335 170 1405; x_wconf 66' lang='grc' dir='ltr'><em>δέ</em></span> <span class='ocrx_word' id='word_1_76' title='bbox 192 1339 321 1405; x_wconf 83' lang='grc' dir='ltr'><em>τούτων</em></span> <span class='ocrx_word' id='word_1_77' title='bbox 348 1337 570 1424; x_wconf 75' lang='grc' dir='ltr'><em>αὐξηθήσεται</em></span> <span class='ocrx_word' id='word_1_78' title='bbox 598 1339 679 1425; x_wconf 85' lang='grc' dir='ltr'><em>ὑμῖν</em></span> <span class='ocrx_word' id='word_1_79' title='bbox 705 1342 743 1405; x_wconf 88' lang='grc' dir='ltr'><em>τὸ</em></span> <span class='ocrx_word' id='word_1_80' title='bbox 772 1338 941 1426; x_wconf 77' lang='grc' dir='ltr'><em>ἐμπόριον.</em></span> <span class='ocrx_word' id='word_1_81' title='bbox 981 1341 1013 1404; x_wconf 87' lang='grc' dir='ltr'><em>εί</em></span> <span class='ocrx_word' id='word_1_82' title='bbox 1034 1333 1146 1424; x_wconf 86' lang='grc' dir='ltr'><em>μέντοι</em></span> 
     </span>
     <span class='ocr_line' id='line_1_12' title="bbox 132 1442 1142 1532; baseline 0 -22"><span class='ocrx_word' id='word_1_83' title='bbox 132 1444 258 1524; x_wconf 79' lang='grc' dir='ltr'><em>ἐξέσται</em></span> <span class='ocrx_word' id='word_1_84' title='bbox 280 1456 350 1524; x_wconf 87' lang='grc' dir='ltr'><em>τοῖς</em></span> <span class='ocrx_word' id='word_1_85' title='bbox 371 1448 589 1532; x_wconf 85' lang='grc' dir='ltr'><em>ναυκλήροις,</em></span> <span class='ocrx_word' id='word_1_86' title='bbox 617 1447 817 1532; x_wconf 87' lang='grc' dir='ltr'><em>συγγραφήν</em></span> <span class='ocrx_word' id='word_1_87' title='bbox 844 1443 1068 1532; x_wconf 77' lang='grc' dir='ltr'><em>γραψαμένοις</em></span> <span class='ocrx_word' id='word_1_88' title='bbox 1090 1442 1142 1530; x_wconf 83' lang='grc' dir='ltr'><em>ἐφ’</em></span> 
     </span>
     <span class='ocr_line' id='line_1_13' title="bbox 131 1545 1146 1639; baseline 0 -22"><span class='ocrx_word' id='word_1_89' title='bbox 131 1545 158 1639; x_wconf 72' lang='grc' dir='ltr'><em>ᾧ</em></span> <span class='ocrx_word' id='word_1_90' title='bbox 193 1575 228 1617; x_wconf 90' lang='grc' dir='ltr'><em>τε</em></span> <span class='ocrx_word' id='word_1_91' title='bbox 262 1555 439 1617; x_wconf 83' lang='grc' dir='ltr'><em>καταπλεῖν</em></span> <span class='ocrx_word' id='word_1_92' title='bbox 473 1553 521 1628; x_wconf 82' lang='grc' dir='ltr'><em>εἰς</em></span> <span class='ocrx_word' id='word_1_93' title='bbox 549 1547 713 1635; x_wconf 80' lang='grc' dir='ltr'><em>Ἀθήνας,</em></span> <span class='ocrx_word' id='word_1_94' title='bbox 753 1554 862 1616; x_wconf 80' lang='grc' dir='ltr'><em>ἔπειτα</em></span> <span class='ocrx_word' id='word_1_95' title='bbox 896 1551 1050 1635; x_wconf 76' lang='grc' dir='ltr'><em>κατάγειν</em></span> <span class='ocrx_word' id='word_1_96' title='bbox 1085 1552 1146 1637; x_wconf 85' lang='grc' dir='ltr'><em>τήν</em></span> 
     </span>
     <span class='ocr_line' id='line_1_14' title="bbox 131 1656 1146 1745; baseline -0.001 -22"><span class='ocrx_word' id='word_1_97' title='bbox 131 1668 218 1723; x_wconf 86' lang='grc' dir='ltr'><em>ναῦν</em></span> <span class='ocrx_word' id='word_1_98' title='bbox 241 1660 289 1737; x_wconf 85' lang='grc' dir='ltr'><em>εἰς</em></span> <span class='ocrx_word' id='word_1_99' title='bbox 310 1656 405 1745; x_wconf 80' lang='grc' dir='ltr'><em>ἕτερα</em></span> <span class='ocrx_word' id='word_1_100' title='bbox 431 1656 587 1743; x_wconf 78' lang='grc' dir='ltr'><em>ἐμπόρια,</em></span> <span class='ocrx_word' id='word_1_101' title='bbox 614 1659 802 1743; x_wconf 80' lang='grc' dir='ltr'><em>φάσκοντας</em></span> <span class='ocrx_word' id='word_1_102' title='bbox 829 1657 971 1743; x_wconf 75' lang='grc' dir='ltr'><em>ῥαγῆναι</em></span> <span class='ocrx_word' id='word_1_103' title='bbox 997 1656 1053 1724; x_wconf 83' lang='grc' dir='ltr'><em>καὶ</em></span> <span class='ocrx_word' id='word_1_104' title='bbox 1078 1680 1146 1724; x_wconf 88' lang='grc' dir='ltr'><em>τοι-</em></span> 
     </span>
     <span class='ocr_line' id='line_1_15' title="bbox 132 1762 1145 1850; baseline 0.002 -22"><span class='ocrx_word' id='word_1_105' title='bbox 132 1764 232 1840; x_wconf 87' lang='grc' dir='ltr'><em>αύτας</em></span> <span class='ocrx_word' id='word_1_106' title='bbox 254 1764 437 1850; x_wconf 81' lang='grc' dir='ltr'><em>προφάσεις</em></span> <span class='ocrx_word' id='word_1_107' title='bbox 458 1762 709 1849; x_wconf 77' lang='grc' dir='ltr'><em>ποριζομένους,</em></span> <span class='ocrx_word' id='word_1_108' title='bbox 731 1765 883 1850; x_wconf 83' lang='grc' dir='ltr'><em>οἵαισπερ</em></span> <span class='ocrx_word' id='word_1_109' title='bbox 906 1762 961 1829; x_wconf 84' lang='grc' dir='ltr'><em>καλ</em></span> <span class='ocrx_word' id='word_1_110' title='bbox 979 1767 1145 1830; x_wconf 86' lang='grc' dir='ltr'><em>Διονυσό-</em></span> 
     </span>
     <span class='ocr_line' id='line_1_16' title="bbox 132 1867 1146 1957; baseline -0.002 -21"><span class='ocrx_word' id='word_1_111' title='bbox 132 1872 239 1957; x_wconf 84' lang='grc' dir='ltr'><em>δωρος</em></span> <span class='ocrx_word' id='word_1_112' title='bbox 266 1867 380 1936; x_wconf 82' lang='grc' dir='ltr'><em>οὑτοσὶ</em></span> <span class='ocrx_word' id='word_1_113' title='bbox 407 1879 539 1956; x_wconf 76' lang='grc' dir='ltr'><em>χρῆται,</em></span> <span class='ocrx_word' id='word_1_114' title='bbox 555 1868 622 1935; x_wconf 84' lang='grc' dir='ltr'><em>Ικαλ</em></span> <span class='ocrx_word' id='word_1_115' title='bbox 648 1871 726 1948; x_wconf 85' lang='grc' dir='ltr'><em>τοὺς</em></span> <span class='ocrx_word' id='word_1_116' title='bbox 747 1873 872 1948; x_wconf 72' lang='grc' dir='ltr'><em>1τόκους</em></span> <span class='ocrx_word' id='word_1_117' title='bbox 898 1873 1041 1957; x_wconf 82' lang='grc' dir='ltr'><em>μερίζειν</em></span> <span class='ocrx_word' id='word_1_118' title='bbox 1063 1871 1146 1956; x_wconf 85' lang='grc' dir='ltr'><em>πρὸς</em></span> 
     </span>
     <span class='ocr_line' id='line_1_17' title="bbox 131 1973 1146 2060; baseline -0.001 -18"><span class='ocrx_word' id='word_1_119' title='bbox 131 1979 190 2042; x_wconf 83' lang='grc' dir='ltr'><em>τὸν</em></span> <span class='ocrx_word' id='word_1_120' title='bbox 217 1979 324 2042; x_wconf 87' lang='grc' dir='ltr'><em>πλοῦν</em></span> <span class='ocrx_word' id='word_1_121' title='bbox 352 1974 392 2040; x_wconf 83' lang='grc' dir='ltr'><em>ὃν</em></span> <span class='ocrx_word' id='word_1_122' title='bbox 418 1974 461 2040; x_wconf 83' lang='grc' dir='ltr'><em>ἀν</em></span> <span class='ocrx_word' id='word_1_123' title='bbox 488 1977 620 2059; x_wconf 83' lang='grc' dir='ltr'><em>φήσωσι</em></span> <span class='ocrx_word' id='word_1_124' title='bbox 647 1973 879 2060; x_wconf 85' lang='grc' dir='ltr'><em>πεπλευκέναι,</em></span> <span class='ocrx_word' id='word_1_125' title='bbox 909 1974 966 2042; x_wconf 81' lang='grc' dir='ltr'><em>καὶ</em></span> <span class='ocrx_word' id='word_1_126' title='bbox 992 1977 1036 2060; x_wconf 88' lang='grc' dir='ltr'><em>μή</em></span> <span class='ocrx_word' id='word_1_127' title='bbox 1064 1978 1146 2058; x_wconf 88' lang='grc' dir='ltr'><em>πρὸς</em></span> 
     </span>
     <span class='ocr_line' id='line_1_18' title="bbox 132 2075 1146 2166; baseline -0.002 -20"><span class='ocrx_word' id='word_1_128' title='bbox 132 2083 194 2166; x_wconf 83' lang='grc' dir='ltr'><em>τήν</em></span> <span class='ocrx_word' id='word_1_129' title='bbox 216 2083 430 2165; x_wconf 90' lang='grc' dir='ltr'><em>συγγραφήν,</em></span> <span class='ocrx_word' id='word_1_130' title='bbox 457 2075 559 2146; x_wconf 72' lang='grc' dir='ltr'><em>οῦδὲν</em></span> <span class='ocrx_word' id='word_1_131' title='bbox 581 2082 724 2146; x_wconf 85' lang='grc' dir='ltr'><em>κωλύσει</em></span> <span class='ocrx_word' id='word_1_132' title='bbox 747 2083 875 2146; x_wconf 76' lang='grc' dir='ltr'><em>ἅπαντα</em></span> <span class='ocrx_word' id='word_1_133' title='bbox 896 2082 938 2146; x_wconf 83' lang='grc' dir='ltr'><em>τά</em></span> <span class='ocrx_word' id='word_1_134' title='bbox 961 2083 1146 2165; x_wconf 82' lang='grc' dir='ltr'><em>συμβόλαια</em></span> 
     </span>
    </p>

    <p class='ocr_par' dir='ltr' id='par_1_4' title="bbox 92 2183 1221 3012">
     <span class='ocr_line' id='line_1_19' title="bbox 92 2183 1145 2271; baseline 0.005 -26"><span class='ocrx_word' id='word_1_135' title='bbox 92 2203 120 2245; x_wconf 80' lang='grc' dir='ltr'><em>το</em></span> <span class='ocrx_word' id='word_1_136' title='bbox 135 2187 341 2251; x_wconf 78' lang='grc' dir='ltr'><em>διαλύεσθαι.</em></span> <span class='ocrx_word' id='word_1_137' title='bbox 386 2187 436 2262; x_wconf 86' lang='grc' dir='ltr'><em>τίς</em></span> <span class='ocrx_word' id='word_1_138' title='bbox 466 2185 529 2271; x_wconf 84' lang='grc' dir='ltr'><em>γάρ</em></span> <span class='ocrx_word' id='word_1_139' title='bbox 562 2184 716 2268; x_wconf 78' lang='grc' dir='ltr'><em>ἐθελήσει</em></span> <span class='ocrx_word' id='word_1_140' title='bbox 746 2187 787 2250; x_wconf 83' lang='grc' dir='ltr'><em>τά</em></span> <span class='ocrx_word' id='word_1_141' title='bbox 819 2184 939 2254; x_wconf 82' lang='grc' dir='ltr'><em>ἑαυτοῦ</em></span> <span class='ocrx_word' id='word_1_142' title='bbox 970 2183 1145 2270; x_wconf 85' lang='grc' dir='ltr'><em>προέσθαι,</em></span> 
     </span>
     <span class='ocr_line' id='line_1_20' title="bbox 136 2285 1146 2377; baseline 0.001 -22"><span class='ocrx_word' id='word_1_143' title='bbox 136 2292 215 2356; x_wconf 84' lang='grc' dir='ltr'><em>ὅταν</em></span> <span class='ocrx_word' id='word_1_144' title='bbox 242 2290 305 2377; x_wconf 77' lang='grc' dir='ltr'><em>ὁρᾷ</em></span> <span class='ocrx_word' id='word_1_145' title='bbox 331 2290 389 2366; x_wconf 79' lang='grc' dir='ltr'><em>τὰς</em></span> <span class='ocrx_word' id='word_1_146' title='bbox 415 2285 476 2375; x_wconf 72' lang='grc' dir='ltr'><em>μὲν</em></span> <span class='ocrx_word' id='word_1_147' title='bbox 505 2291 698 2375; x_wconf 82' lang='grc' dir='ltr'><em>συγγραφάς</em></span> <span class='ocrx_word' id='word_1_148' title='bbox 724 2289 884 2377; x_wconf 89' lang='grc' dir='ltr'><em>ἀκύρους,</em></span> <span class='ocrx_word' id='word_1_149' title='bbox 912 2292 1086 2377; x_wconf 77' lang='grc' dir='ltr'><em>ἰσχύοντας</em></span> <span class='ocrx_word' id='word_1_150' title='bbox 1107 2288 1146 2356; x_wconf 73' lang='grc' dir='ltr'><em>δὲ</em></span> 
     </span>
     <span class='ocr_line' id='line_1_21' title="bbox 135 2393 1145 2480; baseline 0.001 -18"><span class='ocrx_word' id='word_1_151' title='bbox 135 2399 212 2473; x_wconf 84' lang='grc' dir='ltr'><em>τοὺς</em></span> <span class='ocrx_word' id='word_1_152' title='bbox 234 2395 406 2472; x_wconf 89' lang='grc' dir='ltr'><em>τοιούτους</em></span> <span class='ocrx_word' id='word_1_153' title='bbox 420 2397 561 2479; x_wconf 89' lang='grc' dir='ltr'><em>λόγους,</em></span> <span class='ocrx_word' id='word_1_154' title='bbox 584 2393 639 2460; x_wconf 82' lang='grc' dir='ltr'><em>καλ</em></span> <span class='ocrx_word' id='word_1_155' title='bbox 657 2397 715 2474; x_wconf 84' lang='grc' dir='ltr'><em>τάς</em></span> <span class='ocrx_word' id='word_1_156' title='bbox 734 2397 840 2473; x_wconf 87' lang='grc' dir='ltr'><em>αίτίας</em></span> <span class='ocrx_word' id='word_1_157' title='bbox 856 2408 923 2462; x_wconf 83' lang='grc' dir='ltr'><em>τῶν</em></span> <span class='ocrx_word' id='word_1_158' title='bbox 940 2397 1145 2480; x_wconf 80' lang='grc' dir='ltr'><em>ήδικηκότυν</em></span> 
     </span>
     <span class='ocr_line' id='line_1_22' title="bbox 136 2499 1145 2589; baseline 0.002 -21"><span class='ocrx_word' id='word_1_159' title='bbox 136 2505 325 2588; x_wconf 79' lang='grc' dir='ltr'><em>ἔμπροσθεν</em></span> <span class='ocrx_word' id='word_1_160' title='bbox 348 2501 450 2578; x_wconf 85' lang='grc' dir='ltr'><em>ούσας</em></span> <span class='ocrx_word' id='word_1_161' title='bbox 471 2511 532 2567; x_wconf 91' lang='grc' dir='ltr'><em>τοῦ</em></span> <span class='ocrx_word' id='word_1_162' title='bbox 555 2501 702 2580; x_wconf 71' lang='grc' dir='ltr'><em>δικαίους</em></span> <span class='ocrx_word' id='word_1_163' title='bbox 726 2503 884 2587; x_wconf 82' lang='grc' dir='ltr'><em>μηδαμῶς</em></span> <span class='ocrx_word' id='word_1_164' title='bbox 905 2499 933 2569; x_wconf 85' lang='grc' dir='ltr'>ὦ</span> <span class='ocrx_word' id='word_1_165' title='bbox 955 2503 1074 2589; x_wconf 76' lang='grc' dir='ltr'><em>ἄνδρες</em></span> <span class='ocrx_word' id='word_1_166' title='bbox 1096 2505 1145 2570; x_wconf 92' lang='grc' dir='ltr'><em>δι-</em></span> 
     </span>
     <span class='ocr_line' id='line_1_23' title="bbox 134 2606 1144 2698; baseline -0.001 -22"><span class='ocrx_word' id='word_1_167' title='bbox 134 2611 262 2676; x_wconf 88' lang='grc' dir='ltr'><em>κασταί·</em></span> <span class='ocrx_word' id='word_1_168' title='bbox 293 2608 370 2674; x_wconf 86' lang='grc' dir='ltr'><em>οῦτε</em></span> <span class='ocrx_word' id='word_1_169' title='bbox 400 2608 463 2693; x_wconf 83' lang='grc' dir='ltr'><em>γάρ</em></span> <span class='ocrx_word' id='word_1_170' title='bbox 492 2615 538 2696; x_wconf 72' lang='grc' dir='ltr'><em>τῷ</em></span> <span class='ocrx_word' id='word_1_171' title='bbox 573 2609 697 2692; x_wconf 86' lang='grc' dir='ltr'><em>πλήθει</em></span> <span class='ocrx_word' id='word_1_172' title='bbox 729 2616 776 2696; x_wconf 74' lang='grc' dir='ltr'><em>,τῷ</em></span> <span class='ocrx_word' id='word_1_173' title='bbox 807 2606 954 2698; x_wconf 80' lang='grc' dir='ltr'><em>ὑμετέρῳ</em></span> <span class='ocrx_word' id='word_1_174' title='bbox 985 2608 1144 2696; x_wconf 79' lang='grc' dir='ltr'><em>συμφέρει</em></span> 
     </span>
     <span class='ocr_line' id='line_1_24' title="bbox 135 2712 1144 2803; baseline 0.001 -23"><span class='ocrx_word' id='word_1_175' title='bbox 135 2725 231 2782; x_wconf 83' lang='grc' dir='ltr'><em>τοῦτο</em></span> <span class='ocrx_word' id='word_1_176' title='bbox 254 2714 331 2780; x_wconf 78' lang='grc' dir='ltr'><em>οὔτε</em></span> <span class='ocrx_word' id='word_1_177' title='bbox 354 2724 424 2790; x_wconf 87' lang='grc' dir='ltr'><em>τοῖς</em></span> <span class='ocrx_word' id='word_1_178' title='bbox 446 2713 641 2800; x_wconf 77' lang='grc' dir='ltr'><em>ἐργάζεσθαι</em></span> <span class='ocrx_word' id='word_1_179' title='bbox 668 2712 924 2800; x_wconf 77' lang='grc' dir='ltr'><em>προῃρημένοις,</em></span> <span class='ocrx_word' id='word_1_180' title='bbox 951 2715 1043 2802; x_wconf 82' lang='grc' dir='ltr'><em>οἵπερ</em></span> <span class='ocrx_word' id='word_1_181' title='bbox 1065 2740 1144 2803; x_wconf 85' lang='grc' dir='ltr'><em>χρη-</em></span> 
     </span>
     <span class='ocr_line' id='line_1_25' title="bbox 136 2818 1144 2910; baseline 0.002 -24"><span class='ocrx_word' id='word_1_182' title='bbox 136 2822 313 2906; x_wconf 82' lang='grc' dir='ltr'><em>σιμώτατοί</em></span> <span class='ocrx_word' id='word_1_183' title='bbox 327 2822 392 2886; x_wconf 83' lang='grc' dir='ltr'><em>εἰσι</em></span> <span class='ocrx_word' id='word_1_184' title='bbox 409 2818 465 2886; x_wconf 84' lang='grc' dir='ltr'><em>καλ</em></span> <span class='ocrx_word' id='word_1_185' title='bbox 482 2829 578 2906; x_wconf 77' lang='grc' dir='ltr'><em>κοινή</em></span> <span class='ocrx_word' id='word_1_186' title='bbox 596 2829 698 2886; x_wconf 84' lang='grc' dir='ltr'><em>πᾶσιν</em></span> <span class='ocrx_word' id='word_1_187' title='bbox 711 2820 792 2903; x_wconf 85' lang='grc' dir='ltr'><em>ὑμῖν</em></span> <span class='ocrx_word' id='word_1_188' title='bbox 810 2818 865 2886; x_wconf 85' lang='grc' dir='ltr'><em>καλ</em></span> <span class='ocrx_word' id='word_1_189' title='bbox 884 2822 953 2908; x_wconf 78' lang='grc' dir='ltr'><em>ἰδίᾳ</em></span> <span class='ocrx_word' id='word_1_190' title='bbox 965 2831 1010 2910; x_wconf 75' lang='grc' dir='ltr'><em>τῷ</em></span> <span class='ocrx_word' id='word_1_191' title='bbox 1030 2821 1144 2906; x_wconf 85' lang='grc' dir='ltr'><em>ἐντυγ-</em></span> 
     </span>
     <span class='ocr_line' id='line_1_26' title="bbox 136 2924 1221 3012; baseline -0.002 -19"><span class='ocrx_word' id='word_1_192' title='bbox 136 2927 277 3012; x_wconf 83' lang='grc' dir='ltr'><em>χάνοντι.</em></span> <span class='ocrx_word' id='word_1_193' title='bbox 310 2927 425 3011; x_wconf 90' lang='grc' dir='ltr'><em>διόπερ</em></span> <span class='ocrx_word' id='word_1_194' title='bbox 446 2927 501 2992; x_wconf 87' lang='grc' dir='ltr'><em>δεῖ</em></span> <span class='ocrx_word' id='word_1_195' title='bbox 514 2927 601 3010; x_wconf 82' lang='grc' dir='ltr'><em>ὑμᾶς</em></span> <span class='ocrx_word' id='word_1_196' title='bbox 622 2925 732 2991; x_wconf 81' lang='grc' dir='ltr'><em>αῦτῦν</em></span> <span class='ocrx_word' id='word_1_197' title='bbox 756 2924 942 3011; x_wconf 80' lang='grc' dir='ltr'><em>ἐπιμέλειαν</em></span> <span class='ocrx_word' id='word_1_198' title='bbox 964 2934 1142 2994; x_wconf 88' lang='grc' dir='ltr'><em>ποιεῖσθαι.</em></span> <span class='ocrx_word' id='word_1_199' title='bbox 1153 2943 1221 2992; x_wconf 76' lang='lat'>1298</span> 
     </span>
    </p>

    <p class='ocr_par' dir='ltr' id='par_1_5' title="bbox 136 3023 1143 3225">
     <span class='ocr_line' id='line_1_27' title="bbox 197 3023 1143 3118; baseline 0.002 -21"><span class='ocrx_word' id='word_1_200' title='bbox 197 3029 280 3115; x_wconf 78' lang='grc' dir='ltr'><em>Ἐγὼ</em></span> <span class='ocrx_word' id='word_1_201' title='bbox 308 3027 369 3116; x_wconf 73' lang='grc' dir='ltr'><em>μὲν</em></span> <span class='ocrx_word' id='word_1_202' title='bbox 397 3026 460 3098; x_wconf 87' lang='grc' dir='ltr'><em>οῦν</em></span> <span class='ocrx_word' id='word_1_203' title='bbox 486 3031 610 3117; x_wconf 84' lang='grc' dir='ltr'><em>ὅσαπερ</em></span> <span class='ocrx_word' id='word_1_204' title='bbox 638 3023 708 3108; x_wconf 89' lang='grc' dir='ltr'><em>οἷός</em></span> <span class='ocrx_word' id='word_1_205' title='bbox 733 3028 761 3096; x_wconf 89' lang='grc' dir='ltr'><em>τ’</em></span> <span class='ocrx_word' id='word_1_206' title='bbox 787 3027 831 3116; x_wconf 80' lang='grc' dir='ltr'><em>ήν</em></span> <span class='ocrx_word' id='word_1_207' title='bbox 853 3038 980 3118; x_wconf 77' lang='grc' dir='ltr'><em>εἴρηκα·</em></span> <span class='ocrx_word' id='word_1_208' title='bbox 1003 3032 1082 3111; x_wconf 81' lang='grc' dir='ltr'><em>ἀξιῶ</em></span> <span class='ocrx_word' id='word_1_209' title='bbox 1105 3029 1143 3099; x_wconf 72' lang='grc' dir='ltr'><em>δέ</em></span> 
     </span>
     <span class='ocr_line' id='line_1_28' title="bbox 136 3136 1142 3225; baseline 0 -21"><span class='ocrx_word' id='word_1_210' title='bbox 136 3136 273 3204; x_wconf 78' lang='grc' dir='ltr'><em>καὶτῶν</em></span> <span class='ocrx_word' id='word_1_211' title='bbox 290 3142 399 3223; x_wconf 81' lang='grc' dir='ltr'><em>φίλων</em></span> <span class='ocrx_word' id='word_1_212' title='bbox 417 3142 477 3222; x_wconf 87' lang='grc' dir='ltr'><em>μοι’</em></span> <span class='ocrx_word' id='word_1_213' title='bbox 490 3162 566 3204; x_wconf 90' lang='grc' dir='ltr'><em>τινα</em></span> <span class='ocrx_word' id='word_1_214' title='bbox 584 3148 761 3205; x_wconf 84' lang='grc' dir='ltr'><em>συνειπεῖν.</em></span> <span class='ocrx_word' id='word_1_215' title='bbox 798 3139 898 3224; x_wconf 89' lang='grc' dir='ltr'><em>δεῦρο</em></span> <span class='ocrx_word' id='word_1_216' title='bbox 917 3142 1142 3225; x_wconf 83' lang='grc' dir='ltr'><em>Δημόσθενες.</em></span> 
     </span>
    </p>
   </div>
   <div class='ocr_carea' id='block_1_3' title="bbox 0 0 1338 3922">
    <p class='ocr_par' dir='ltr' id='par_1_6' title="bbox 0 0 1338 3922">
     <span class='ocr_line' id='line_1_29' title="bbox 0 0 1338 3922; baseline 0 0"><span class='ocrx_word' id='word_1_217' title='bbox 0 0 1338 3922; x_wconf 95' lang='lat' dir='ltr'><em> </em></span> 
     </span>
    </p>
   </div>
  </div>
 </body>
</html>
