2656 3926
201 201 267 268 384
562 199 840 255 οΗΜοΣοοαονιι

201 363 357 447 ἄγασθαι,
378 357 467 428 τοῦτ’
491 360 532 426 οὐ
554 371 741 445 μιμοῦνται,
764 365 891 444 μᾶλλον
913 356 944 425 δ’
966 356 1047 426 αὐτὸ
1069 355 1222 424 τούναν-

175 472 274 534 οτίον
304 475 473 546 ποιοῦσιν;
511 465 592 552 φασὶ
624 467 686 552 γάρ
718 462 744 532 ὦ
776 467 896 550 ἄνδρες
923 461 1096 549 Ἀθηναῖοι
1126 456 1218 549 παρ’

202 571 339 650 ἐκείνοις
366 571 460 658 μέχρι
483 568 544 656 μεν
566 581 626 639 τοῦ
650 570 744 650 δόξαι
765 574 918 657 γνώμην,
943 571 986 656 ἣν
1008 569 1051 636 ἂν
1073 568 1221 646 ἕκαστος

202 679 275 764 ἔχη,
306 675 429 762 λέγειν,
461 677 595 744 ε’πειόὰν
626 675 658 743 δ’
694 677 884 763 ἐπικυρωθῇ
891 727 901 762 ,
931 672 1028 743 ταῦθ’
1063 676 1218 752 ἅπαντας
1230 692 1291 742 1445

203 782 349 849 ἐπαινεῖν
371 781 426 848 καὶ
449 783 681 869 συμπράττειν,
707 781 763 850 καὶ
785 785 863 860 τοὺς
884 781 1105 858 ἀντειπόντας.
1140 804 1217 849 τοι·

202 889 318 973 γάρτοι
347 894 480 956 πολλῶν
512 885 572 973 μὲν
608 890 700 980 όντρς
731 888 773 954 οὐ
803 886 921 955 πολλοὶ
951 891 1216 973 περιγίγνονται,

203 995 409 1079 λαμβάνουσι
432 993 478 1080 6²,
501 991 551 1060 δυ’
578 992 619 1060 άν
642 994 687 1079 μή
709 1002 754 1082 τῷ
781 992 913 1085 πολέμφ
936 995 1117 1077 δύνωνται,
1139 1005 1216 1072 τοῖς

203 1109 340 1186 καιροῖς,
363 1098 472 1177 οὐδεὶς
489 1097 521 1164 δ’
544 1098 664 1177 αὐτοὺς
682 1098 834 1185 ἐκφεύγει
850 1102 970 1186 χρόνος
986 1095 1066 1166 οὐδὲ
1087 1101 1215 1186 τρόπος

204 1213 264 1272 τοῦ
285 1206 325 1270 τά
347 1202 552 1293 συμφέρονθ’
580 1202 709 1282 ἑαυτοῖς
730 1209 909 1293 περαίνειν,
931 1197 1040 1289 οὐμὰ
1062 1202 1120 1270 Δί’
1146 1205 1213 1291 οὐχ

204 1309 313 1398 ὥσπερ
339 1311 433 1395 ἡμεῖς
459 1307 513 1375 καὶ
541 1309 597 1375 διὰ
622 1310 762 1388 τούτους
786 1308 841 1377 καὶ
867 1313 945 1388 τοὺς
971 1311 1106 1395 ὁμοίους
1131 1311 1213 1376 ποό-

203 1440 288 1500 τοις,
314 1415 468 1502 άλλήλων
493 1418 759 1503 περιγιγνόμενοι
787 1414 845 1482 καὶ
870 1414 945 1503 οὐχὶ
972 1427 1039 1482 τῶν
1065 1416 1211 1502 ἐχθρῶν,

176 1519 298 1586 επάντ’
325 1520 538 1606 ἀνηλώκαμεν
559 1523 619 1587 τὸν
640 1525 774 1609 χρόνον,
797 1520 840 1587 ἂν
861 1518 922 1606 μὲν
944 1524 1079 1608 είρήνην
1101 1544 1150 1598 τις
1173 1521 1210 1588 εἰι

204 1623 349 1709 πολέμου
372 1628 510 1712 ποιήση,
536 1635 655 1692 τοῦτον
682 1637 870 1712 μισοῦντες,
897 1625 992 1694 ἄνθ’
1020 1626 1052 1706 ἐξ
1075 1629 1210 1714 εἰρήνης

204 1732 348 1814 πόλεμόν
370 1753 420 1807 τις
441 1729 532 1817 λε’γη,
554 1733 659 1820 τούτφ
682 1735 874 1819 μαχόμενοι,
896 1730 992 1800 τάνδ’
1019 1735 1106 1819 ἔχειν
1127 1733 1209 1818 ἡσυ-

204 1838 280 1922 χίαν
301 1858 351 1912 τις
371 1845 514 1922 παραινῇ
538 1833 593 1901 καὶ
610 1837 650 1902 τὰ
667 1835 795 1924 ἡμέτερ’
818 1839 927 1905 αὐτῶν
945 1839 1110 1925 πράττειν,
1127 1838 1209 1906 οὐδὲ

204 1950 324 2006 τοῦτον
351 1939 461 2026 ὀρθῶς
487 1937 595 2025 λέγειν
622 1941 818 2028 φάσκοντες,
845 1944 930 2022 όλως
956 1943 985 2010 δ’
1013 1946 1127 2010 αίτιῶν
1152 1943 1208 2010 καὶ

204 2056 311 2112 κενῶν
338 2043 480 2113 ἐλπίδων
508 2047 601 2124 ὄντες
626 2049 769 2133 πλήρεις.
808 2051 844 2118 τί
867 2043 945 2133 οὖν,
971 2050 1016 2115 άν
1040 2073 1089 2126 τις
1109 2056 1208 2135 είποι,

206 2153 249 2218 σὺ
270 2162 449 2238 παραινεῖς,
472 2151 584 2237 ἐπειδὴ
604 2150 695 2219 ταῦτ’
717 2153 879 2242 ἐπιτιμᾷς;
902 2153 966 2238 ἐγὼ
988 2155 1031 2240 νή
1054 2151 1112 2221 Δί’
1134 2154 1208 2243 ἐρῶ.

675 2350 736 2418 Ae.

270 2474 413 2557 Πρῶτον
435 2465 496 2554 μὲν
519 2465 545 2536 ὦ
568 2471 688 2558 ἄνδρες
704 2469 878 2557 Ἀθηναῖοι
900 2471 941 2540 οὐ
962 2473 1051 2540 πάνυ
1073 2497 1129 2559 μοι
1152 2475 1208 2541 όο-
1310 2499 1311 2556 j

204 2585 257 2640 κεῖ
275 2599 325 2652 τις
346 2575 388 2642 άν
406 2579 540 2654 είκότως
561 2574 636 2662 περὶ
654 2577 749 2660 ὑμῶν
768 2579 886 2662 δεῖσαι,
908 2579 953 2662 μή
971 2579 1060 2666 παρά
1081 2581 1119 2646 τὸ
1140 2590 1208 2646 τῶν
1310 2567 1311 2642 s

206 2683 502 2764 συμβουλευόντων
529 2680 590 2748 οὐκ
616 2679 746 2747 ἐθέλειν
773 2681 907 2749 άκοόειν
932 2696 1045 2771 χεῖρον
1071 2686 1208 2769 βουλεύ-

205 2790 319 2868 σησθε.
350 2795 481 2869 πρῶτον
500 2780 561 2869 μὲν
580 2785 642 2871 γάρ
660 2785 682 2871 ή
699 2788 793 2872 τάχη,
810 2792 917 2866 καλῶς
933 2798 1086 2875 ποιοῦσα,
1103 2792 1207 2858 πολλὰ

204 2901 271 2956 τῶν
292 2890 492 2974 πραγμάτων
514 2890 595 2974 ὑμῖν
618 2890 795 2978 αὐτόμαθ,
821 2893 867 2970 ὡς
888 2892 1122 2982 άνεόξαισθε,
1148 2918 1208 2962 πα-

205 3000 367 3082 ρίστησιν,
384 2992 454 3060 ἐπεὶ
470 3003 510 3082 τή
528 3019 566 3079 γε
583 3006 651 3063 τῶν
667 3001 916 3081 προεστηκότων
933 3003 1075 3089 προνοίᾳ
1091 3001 1203 3089 βραχέ’

205 3101 314 3166 αὐτῶν
341 3095 428 3186 εἶχεν
455 3099 498 3167 άν
524 3106 640 3179 καλῶς.
681 3101 785 3168 ἔπειθ’
812 3103 906 3188 ὑμεῖς
932 3105 974 3171 οὐ
1000 3109 1106 3190 μόνον
1131 3111 1209 3188 τοὺς

205 3209 325 3289 λόγους
354 3205 412 3282 οὓς
440 3205 482 3274 άν
512 3206 647 3284 ἕκαστος
674 3213 761 3274 είποι
789 3212 941 3296 πρόῖστε,
970 3209 1053 3278 ἀλλά
1079 3210 1135 3280 καὶ
1161 3208 1208 3281 ὢν

205 3307 289 3376 ἕνεκ’
317 3311 425 3378 αὐτῶν
448 3311 583 3390 ἕκαστος
606 3313 800 3406 δημηγορεῖ,
827 3317 859 3380 εί
879 3312 917 3382 δὲ
939 3317 983 3402 μή
1006 3316 1208 3406 φιλαπέχθη-

178 3432 269 3500 εμον
294 3411 356 3502 ήν,
385 3412 479 3484 εἶπον
508 3417 551 3486 άν
576 3415 632 3483 καὶ
658 3422 774 3486 πόσου.
815 3421 874 3487 τὸν
897 3422 939 3508 δή
961 3431 1021 3490 τοῦ
1043 3429 1207 3509 φενακίζεὲ

206 3526 286 3586 σθαι
308 3524 431 3608 χρόνον
455 3523 499 3600 ῶς
520 3524 786 3611 είς-μικρότατον
804 3527 1002 3612 συνάγοντες
1021 3539 1207 3616 σωφρονεῖν
