2658 3914
317 186 414 237 RATA
430 187 558 242 ETEPP.
576 189 640 240 Κει
656 189 805 242 Mum-113.
825 189 935 242 Ψωεο.
1070 187 1133 252 109

120 345 333 432 τριηράρχοις
354 356 424 424 τοῖς
451 345 624 414 ἐκπλέουσι
650 350 723 414 τότε
750 346 805 414 καὶ
832 359 902 426 τοῖς
930 347 1135 433 ἐπιμεληταῖς

121 463 192 528 τοῖς
210 451 247 518 ἐν
265 463 336 528 ταῖς
354 457 559 540 συμμοριάις.
596 453 614 520 6
634 449 671 519 δὲ
689 457 792 539 νόμος
810 454 828 521 6
847 463 907 521 τοῦ
920 455 1134 540 Περιάνδρου

122 557 283 642 ἠνάγκαζε
305 555 361 624 καὶ
383 558 578 646 προσέταττε
605 563 809 645 παραλαβεῖν
835 563 914 638 τοῦς
940 560 1134 646 ὀφείλοντας

123 663 164 728 τά
186 665 298 749 σκεύη,
320 661 399 730 καθ’
425 664 465 731 δν
488 666 526 730 ac
549 669 730 752 συμμορίαι
756 667 1017 752 συνετάχθησαν.
1052 666 1135 751 πρὸς

124 766 161 834 δὲ
187 771 318 848 τούτοις
343 769 456 856 ἕτερον
482 773 637 856 ψήφισμα
664 772 772 856 δήμου
801 772 961 857 ἠνάγκαζε
987 772 1025 838 τὸ
1051 771 1134 855 πρὸς

123 873 224 961 μέρος
245 874 325 959 ἡμῖν
352 878 484 943 διδόναι
510 887 578 942 τῶν
606 875 810 962 ὀφειλόντων
836 877 975 945 ἕκαστον
1001 875 1134 961 είσπρά·

82 1006 109 1046 οε
124 979 256 1060 ξασθαι.
292 984 410 1068 ἔτυχον
429 983 470 1066 δη
490 981 554 1066 ἐγὼ
573 978 634 1066 μὲν
652 993 860 1069 τριηραρχῶν
873 981 928 1048 καὶ
942 979 1135 1066 ἐπιμελητὴς

125 1087 174 1152 ὢν
196 1096 252 1170 τῆς
275 1090 474 1174 συμμορίας,
497 1089 698 1174 Δημοχάρης
726 1084 763 1153 66
786 1088 804 1155 6
827 1089 1009 1164 Παιανιεύς
1036 1085 1072 1152 ἐν
1094 1094 1133 1171 τῇ
1197 1098 1199 1102 ’

124 1195 291 1281 συμμορίᾳ
314 1193 361 1259 ὢν
384 1193 439 1259 καὶ
463 1193 608 1280 ὀφείλων
634 1203 673 1280 τῇ
701 1197 796 1260 πόλει
823 1194 923 1277 σκεύη
951 1192 1030 1278 μετά
1054 1194 1134 1257 Θεο·

122 1303 236 1385 φήμου
258 1301 409 1384 τουτουί,
437 1303 697 1386 συντριήραρχος
723 1302 910 1385 γενόμενος.
954 1293 1135 1383 γεγραμμέ-

121 1431 203 1484 νους
226 1401 289 1472 οὖν
311 1405 433 1483 αύτούς
455 1404 661 1492 ἀμφοτέρους
690 1405 727 1472 ἐν
753 1415 793 1492 τῇ
817 1409 919 1492 στήλη
942 1403 1135 1490 ὀφείλοντας

122 1514 163 1578 τά
193 1513 293 1598 σκεύη
322 1520 362 1598 τῇ
391 1515 503 1597 πόλει,
531 1513 552 1597 ἡ
582 1511 666 1598 ἀρχη
695 1515 934 1599 παραλαβοῦσα
961 1510 1050 1595 παρὰ
1077 1517 1135 1592 τῆς

122 1615 283 1704 προτέρας
310 1617 427 1705 ἀρχῆς,
458 1618 538 1703 ημῖν
566 1616 737 1704 παρέδωκε
769 1618 851 1684 κατά
877 1639 912 1684 τε
939 1617 999 1683 τὸν
1028 1618 1134 1700 νόμον

82 1749 110 1790 ει
124 1721 179 1790 καὶ
196 1724 236 1788 τὰ
254 1728 456 1810 ψηφίσματα.
494 1723 527 1802 ἐξ
546 1723 690 1809 ἀνάγκης
708 1717 770 1790 οὖν
787 1717 830 1808 ἦν
848 1746 905 1806 μοι
922 1724 1134 1809 παραλαβεῖν.

124 1827 193 1897 ἐπεὶ
216 1829 254 1897 ἐν
274 1839 320 1919 τῷ
344 1833 493 1916 πρόσθεν
513 1833 623 1920 χρόνῳ
640 1830 765 1906 πολλάς
782 1832 996 1915 τριηραρχίαςΙ
1008 1847 1211 1912 mom-1143

124 1937 293 2023 ραρχηκδος
328 1935 426 2020 ύμῖν,
463 1935 673 2002 οὐδεπώποτε
710 1937 831 2020 ἔλαβον
867 1935 966 2018 σκεύη
1002 1930 1039 1998 ἐκ
1074 1940 1134 1997 τοῦ

122 2046 282 2128 νεωρίου,
309 2038 380 2106 ἀλλ’
413 2040 512 2118 αύτὸς
539 2042 608 2128 ίδίμ
634 2040 893 2127 παρεσκεύαζον,
925 2039 1022 2106 ὁπότε
1053 2034 1135 2121 δέοι,

94 2183 96 2187 -
123 2149 180 2212 ἵνα
212 2147 256 2224 ὡς
287 2144 441 2232 ἐλάχιστα
470 2147 644 2232 πράγματα
679 2149 786 2233 ἔχοιμι
821 2147 904 2232 πρὸς
932 2145 994 2228 την
1021 2144 1133 2208 πόλιν·

124 2254 198 2317 τότε
222 2248 259 2317 δὲ
281 2252 363 2317 κατά
384 2275 419 2317 τε
441 2252 482 2316 τὰ
501 2256 694 2338 ψηφίσματα
712 2250 844 2318 καὶτὸν
865 2254 971 2335 νόμον
993 2250 1134 2334 ηναγκα-

83 2384 111 2424 ιι
126 2360 228 2443 ζύμην
249 2361 462 2444 παραλαβεῖν.
499 2358 543 2434 ὡς
566 2353 603 2423 δὲ
625 2354 714 2424 ταῦτ’
741 2356 852 2442 ἀληθῆ
879 2354 981 2440 λέγω,
1006 2355 1134 2420 τούτων

123 2465 205 2548 ὑμῖν
228 2464 396 2550 μάρτυρας
422 2461 602 2549 παρέξομαι
623 2466 662 2529 τό
684 2486 718 2528 τε
744 2465 899 2549 ψήφισμα
921 2459 976 2528 καὶ
998 2463 1057 2527 τὸν
1078 2464 1134 2527 νό-

124 2594 205 2655 μον,
237 2572 347 2636 ἔπειτα
378 2570 440 2653 την
471 2567 577 2655 ἀρχὴν
609 2569 712 2653 αὐτὴν
742 2569 804 2653 τὴν
834 2569 1050 2655 παραδοῦσαν
1079 2566 1135 2636 καὶ

124 2678 367 2761 εἰσαγαγοῦσαν
396 2678 444 2752 είς
472 2677 510 2742 τὸ
540 2674 772 2760 δικαστήριον,
805 2670 875 2740 εἶτα
907 2676 985 2750 τοὺς
1013 2673 1049 2740 ἐκ
1077 2682 1134 2758 τῆς

124 2785 318 2868 συμμορίας,
340 2777 380 2868 ἧς
401 2776 445 2867 ἦν
468 2781 662 2866 ἐπιμελητὴς
683 2778 739 2846 καὶ
760 2782 964 2867 τριήραρχος.
999 2783 1058 2848 καί
1077 2804 1133 2864 μοι

123 2887 305 2973 ἀνάγνωθι.

334 3082 468 3137 ΝΟΜΟΣ.
500 3080 683 3135 ΨΗΦΙΣΜΑ.
714 3081 919 3134 MAPTTPIAL
1027 3098 1029 3102 ·

86 3227 110 3268 ιε
175 3205 242 3288 ’Ὡς
268 3202 330 3292 μὲν
354 3212 472 3273 τοίνυν
499 3208 606 3291 πολλή
634 3229 690 3290 μοι
717 3204 841 3290 ἀνάγκη
864 3199 908 3290 ἦν
930 3207 1132 3290 παραλαβεῖν

123 3315 201 3392 τοῦς
222 3313 417 3398 ὀφείλοντας
439 3320 478 3397 τη
501 3314 612 3395 πόλει,
637 3321 698 3378 τοῦ
725 3333 760 3377 τε
786 3314 894 3394 νόμον
921 3308 1056 3376 ἀκούετε
1078 3307 1133 3376 τεαὶ

122 3429 189 3486 νῦν
210 3418 443 3505 ψηφισμάτων·
473 3417 527 3494 ὡς
540 3412 577 3482 δὲ
599 3415 655 3484 καὶ
674 3415 865 3512 ,παρέλαβον
887 3415 975 3500 παρὰ
997 3424 1053 3498 τῆς
1075 3413 1132 3500 ἀρ-

122 3531 195 3610 χῆς,
222 3524 240 3591 6
263 3526 433 3604 παραδούς
455 3524 536 3608 ῦμῖν
564 3524 820 3610 μεμαρτύρηκεν.
857 3519 1043 3600 σκέψασθαι
1070 3516 1132 3584 ούν
