2658 3922
204 217 269 282 246
505 217 575 271 m.
599 213 903 286 [ΔΗιιοεοιοαουΣ]

203 391 272 456 τοῖς
298 377 472 462 ἐπιτιμίοις
500 379 650 461 ζημιοῦτε
677 387 747 452 τοῖς
772 375 809 441 ἐκ
835 385 893 459 τῆς
920 385 1122 462 συγγραφῆς.
1160 372 1218 440 καὶ

203 487 266 571 γάρ
297 484 339 550 ἀν
369 484 481 550 δεινὸν
511 489 581 567 είη,
616 481 736 558 αὐτοῦς
769 477 831 567 μέν
865 482 1004 559 τούτους
1031 467 1219 547 ’διπλασίαν

203 588 280 656 καθ’
308 589 417 655 αὑτῶν
438 590 500 672 τὴν
529 589 646 672 ζημίαν
673 587 882 672 γράψασθαι,
915 586 974 654 ἐάν
1000 610 1032 652 τι
1054 591 1220 672 παραβαί-

203 711 286 762 νωσι
308 707 374 762 τῶν
398 694 435 760 ἐν
461 703 501 780 τῆ
530 703 720 780 συγγραφῇ,
746 694 832 778 ὑμᾶς
860 691 891 758 δ’
917 691 1105 778 ἠπιωτέρως
1128 695 1220 778 ἔχειν

202 804 285 888 πρὸς
314 801 452 884 αὐτούς,
486 798 541 866 καὶ
569 797 660 866 ταῦτ’
694 799 754 886 οὐχ
784 795 882 884 ῆττον
911 799 1006 884 ἡμῶν
1032 800 1219 884 συνηδικη-

203 905 332 993 μένους.
1100 947 1101 952 1

164 1030 193 1072 οὔ
277 1015 324 1078 Τδι
353 1010 414 1098 μέν
445 1007 507 1080 οὖν
535 1010 612 1098 περὶ
640 1021 701 1078 τοῦ
734 1012 923 1097 πράγματος
952 1012 1064 1078 δίκαια
1092 1009 1221 1096 βραχέα

204 1116 273 1187 ἐστὶ
285 1119 341 1186 καὶ
354 1120 612 1205 εὐμνημόνευτα.
648 1117 864 1202 ἐδανείσαμεν
878 1117 1127 1206 Διονυσοδώρῳ
1140 1140 1220 1182 του-

193 1223 261 1314 τφὶ
284 1224 406 1314 καὶτῷ
430 1233 581 1313 κοινωνῷ
611 1224 714 1290 αὐτοῦ
741 1225 924 1310 τρισχιλίας
952 1223 1098 1309 δραχμάς
1115 1219 1219 1306 Ἀθη-

202 1338 309 1416 νηθεν
336 1334 383 1409 είς
409 1338 582 1415 Αἴγυπτον
613 1327 668 1396 καὶ
696 1328 729 1408 ἐξ
756 1329 930 1413 Αίγάπτου
953 1326 1125 1414 Ἅθῆναζε·
1154 1329 1219 1394 οῦκ

202 1436 429 1523 ἀπειλήφαμεν
447 1439 486 1502 τδι
505 1439 653 1523 χρήματα
672 1432 751 1501 οὐδέ
769 1437 849 1513 τοὺς
866 1438 994 1520 τόκους,
1013 1432 1083 1500 ἀλλ’
1102 1436 1217 1521 έχουσι

201 1543 242 1607 τά
268 1541 408 1630 ῆμέτερα
435 1540 490 1609 καὶ
516 1553 660 1628 χρῶνται
688 1543 846 1625 δεύτερον
869 1543 953 1618 ἔτος·
977 1540 1018 1608 οὐ
1041 1563 1218 1606 κατακεκο-

202 1651 316 1732 μίκασι
343 1649 405 1732 τῆν
433 1658 521 1714 ναῦν
550 1650 598 1725 είς
630 1648 668 1714 τὸ
703 1644 863 1734 ὑμέτερον
893 1647 1053 1734 ἐμπόριον
1083 1646 1216 1713 οὐδέπω

202 1750 258 1817 καὶ
279 1762 355 1838 νῦν,
378 1749 451 1818 οὐδ’
478 1752 559 1836 ῆμίν
585 1753 830 1838 παρεσχήκασιν
858 1751 1002 1837 ἐμφανῆ·
1030 1751 1052 1836 η
1076 1748 1113 1819 δέ
1130 1769 1217 1836 συγ-

201 1859 313 1943 γραφῆ
335 1858 473 1942 κελεύει,
496 1857 555 1924 ἐὰν
577 1857 622 1942 μὴ
644 1857 859 1943 παράσχωσιν
882 1857 1011 1944 ἐμφανῆ
1033 1858 1095 1941 τὴν
1117 1869 1215 1945 ναῦν,

201 1963 371 2029 ἀποτίνειν
393 1960 514 2040 αὐτοὺς
537 1961 693 2029 διπλάσια
710 1963 750 2027 τά
768 1965 929 2049 χρηματα,
951 1964 1012 2047 τῆν
1036 1958 1214 2051 δὲπρᾶξιν
1310 1969 1311 2010 3

161 2088 189 2128 4ο
202 2065 289 2135 εἶναι
316 2067 371 2135 καὶ
402 2067 435 2148 ἐξ
466 2065 540 2144 ἑνὸς
570 2065 625 2133 καὶ
656 2067 689 2148 ἐξ
719 2067 854 2154 ἀμφοῖν.
897 2065 987 2134 ταῦτ’
1015 2070 1146 2154 ἔχοντες
1174 2072 1214 2135 τά
1310 2107 1311 2156 3

202 2177 313 2242 δίκαια
342 2175 606 2259 είσεληλάθαμεν
634 2175 718 2256 πρὸς
746 2175 832 2259 ὑμᾶς
839 2223 850 2258 ,
878 2173 1049 2252 ἀξιοῦντες
1074 2176 1114 2242 τά
1136 2176 1214 2260 ἡμέ-
1310 2159 1311 2174 ¹

200 2304 279 2369 τερα
302 2281 416 2348 αὐτῶν
444 2280 625 2364 ἀπολαβεῖν
653 2276 698 2345 δι’
725 2279 836 2365 ὑμῶν,
865 2279 978 2364 ἐπειδὴ
996 2277 1076 2367 ’παρ’
1104 2280 1214 2348 αὐτῶν
1310 2281 1311 2316 ί

199 2388 327 2454 τούτων
350 2387 391 2454 οὐ
415 2387 600 2470 δυνάμεθα.
642 2381 745 2470 ὁμὲν
772 2382 849 2471 παρ’
875 2385 970 2470 ἡμῶν
998 2389 1096 2470 λόγος
1117 2383 1215 2465 οὗτός
1310 2423 1311 2426 “

201 2493 299 2560 ἐστιν.
336 2488 429 2560 οὗτοι
457 2489 495 2558 δὲ
522 2494 740 2557 δανείσασθαι
765 2487 831 2576 Υμέν
860 2491 1061 2576 ὁμολογοῦσι
1087 2491 1141 2558 καὶ
1167 2495 1213 2578 μῆ

201 2595 458 2682 ἀποδεδωκέναι,
481 2595 696 2684 διαφέρονται
714 2594 745 2662 δ’
768 2598 814 2675 ὡς
832 2596 873 2662 οὐ
892 2599 945 2663 δεῖ
963 2604 1071 2664 τελείν
1094 2599 1215 2676 αὐτοὺς

201 2707 279 2780 τοὺς
307 2705 427 2780 τόκους
456 2706 535 2780 τοὺς
567 2703 603 2769 ἐν
639 2712 678 2788 τῆ
716 2713 908 2790 συγγραφῆ,
945 2703 1028 2770 ἀλλά
1058 2707 1136 2782 τοὺς
1167 2707 1215 2782 είς

196 2807 327 2892 Ῥόδον,
363 2809 422 2886 οῦς
453 2810 528 2875 οὕτε
561 2809 813 2895 συνεγράψαντο
847 2808 918 2875 οὔτ’
947 2813 1089 2877 ,ἔπεισαν
1120 2810 1215 2895 ἡμᾶς.

161 2935 186 2975 α
200 2917 233 2980 εί
258 2911 318 2999 μὲν
346 2908 408 2980 οὖν
431 2909 457 2979 ὦ
481 2916 603 3002 ἀνδρες
625 2912 798 3000 Ἀθηναῖοι
826 2914 863 2982 ἐν
889 2924 935 3004 τῷ
959 2913 1096 2982 Ῥοδίων
1123 2919 1215 2982 δικα-

201 3023 323 3109 στηρίω
347 3019 560 3107 ἐκρινόμεθα,
584 3027 662 3098 ίσως
680 3021 722 3087 ἀν
742 3016 835 3088 οὗτοι
854 3021 1091 3089 ἐπλεονέκτουν
1107 3023 1215 3107 ἡμῶν,

201 3128 448 3211 σεσιτηγηκότες
478 3128 561 3212 πρὸς
597 3127 719 3204 αὐτοὺς
751 3126 810 3193 καί
846 3131 1143 3205 καταπεπλευκότες
1173 3139 1214 3216 τῆ
1226 3141 1287 3192 1297

200 3230 257 3316 νηὶ
283 3234 330 3308 είς
357 3233 395 3298 τὸ
424 3231 560 3298 ἐκείνων
592 3230 764 3319 ἐμπόριον·
792 3243 856 3300 νῦν
884 3230 915 3299 δ’
942 3236 990 3312 είς
1015 3231 1215 3318 Ἀθηναιόυς

200 3341 452 3423 είσεληλυθότες
473 3336 529 3404 καλ
552 3337 823 3424 συγγραψάμενοι
845 3341 893 3416 είς
914 3341 952 3406 τὸ
975 3339 1136 3425 ὑμέτερον
1159 3339 1214 3424 ἐμ-

200 3448 331 3532 πόριον,
355 3443 417 3510 οὐκ
440 3442 596 3528 ἀξιοῦμεν
624 3443 851 3527 ἐλαττωθῆναι
874 3444 939 3510 ὑπὸ
963 3455 1030 3511 τῶν
1053 3443 1108 3510 καὶ
1129 3444 1215 3531 ἡμᾶς

199 3549 256 3616 καὶ
277 3550 362 3636 ὑμᾶς
384 3550 599 3636 ἠδικηκότων.
