2658 3922
200 189 264 254 188
508 191 568 244 m.
594 187 898 260 [ΔΗΜοΣοωαοτΣ]

197 350 219 418 δ
242 352 296 417 δεῖ
315 353 506 437 χαρίζεσθαι
527 358 705 436 προσηκον.
747 345 854 415 ἔπειθ’
881 347 987 425 οὕτως
1008 347 1208 430 ὀλιγωροῦσι

197 465 259 523 τοῦ
288 457 400 522 δοκεῖν
429 455 580 532 ἐπιεικεῖς
608 449 712 539 εἰναι,
741 452 797 520 καλ
827 458 994 531 παντελῶς
1019 453 1123 519 τάλλα
1147 453 1208 517 ποί-

197 584 299 649 ρεργα
329 561 412 645 πρὸς
444 562 482 627 τὸ
516 563 632 645 λαβεῖν
666 563 876 645 νομίζουσιν,
916 555 1009 632 ὥστ’,
1029 558 1071 626 οὐ
1104 562 1208 645 μόνον
1297 577 1298 592 ι

196 676 266 743 τοῖς
292 669 457 752 πρότερον
486 665 642 750 ῥηθεῖσιν
668 662 729 751 ἀφ’
763 666 873 732 αὐτῶν
902 664 1037 731 ἐναντία
1065 669 1209 750 τολμῶσι

197 774 411 860 δημηγορεῖν,
434 771 517 838 ἀλλά
539 770 595 838 καλ
615 781 681 839 νῦν
703 771 746 838 ού
766 771 868 838 ταύτὰ
891 770 1047 854 λέγουσιν
1070 767 1209 853 ἑαυτοῖς,

197 879 317 956 οἵτινες
337 881 416 956 τοὺς
438 873 500 963 μὲν
521 879 644 955 ναύτας
669 876 752 964 φασλ
779 879 851 944 δεῖν
879 879 1022 954 οἰκείους
1043 871 1131 942 εἰναι
1151 884 1209 961 τῆς

195 984 351 1070 τριήρους
378 992 436 1068 τῆς
462 981 651 1068 ληψομένης
676 985 735 1050 τόν
763 981 943 1070 στέφανον,
969 992 1036 1048 τῶν
1059 977 1098 1047 δὲ
1118 1004 1207 1067 τριη-
1300 1054 1301 1083 1

196 1089 328 1176 ριίρχωυ
355 1092 433 1167 τοὺς
458 1090 720 1175 ἠλλοτριωκότας
746 1088 868 1166 αύτούς
894 1087 958 1155 ἀπὸ
985 1096 1044 1172 τῆς
1069 1092 1207 1174 λητονρ

157 1215 182 1256 ιε
195 1199 280 1280 γίας,
309 1197 448 1274 τούτους
482 1206 692 1282 στεφανῶσαι
724 1196 907 1262 κελεύουσι.
951 1191 1008 1260 καί
1036 1190 1119 1281 φασί
1147 1187 1208 1278 μέν
1301 1276 1302 1292 ¹

196 1300 319 1368 οὐδένα
345 1303 473 1370 τούτων
495 1303 660 1388 πρότερον
683 1301 1011 1388 παρασκευάσασθαι,
1036 1299 1209 1366 κελεύουσι

196 1403 235 1473 δὲ
256 1416 352 1494 κοινῇ
377 1417 565 1492 στεφανοῦν
592 1406 698 1492 ἡμᾶς,
729 1415 791 1474 τοῦ
811 1409 1021 1492 ψηφίσματος
1044 1404 1085 1473 οὐ
1106 1415 1209 1471 ταῦτα

195 1509 359 1596 λέγοντος.
392 1512 478 1595 ,ἐγὼ
510 1508 549 1577 δὲ
583 1513 746 1580 τοσούτου
783 1510 847 1579 δέω
883 1521 982 1580 τοῦτο
1013 1523 1209 1597 συγχωρεῖν,

196 1618 340 1701 ὅσουπερ
363 1615 419 1682 καί
441 1616 688 1702 μεμισθωκέναι
708 1620 770 1703 την
792 1622 1023 1705 τριηραρχίαν·
1046 1616 1123 1683 οὔτε
1145 1616 1208 1701 γὰρ

196 1719 294 1789 τοῦθ’
321 1717 531 1808 ὑπομείναιμ’
562 1721 605 1788 ἀν
631 1720 702 1789 οὔτ’
735 1721 832 1790 ἐκεῖν’
860 1723 1007 1808 έποίησα.
1050 1737 1209 1808 προσποι-

196 1839 313 1895 οῦνται
330 1824 391 1914 μὲν
408 1832 525 1895 τοίνυν
542 1824 627 1914 ὑπὲρ
644 1839 706 1896 τοῦ
725 1831 855 1897 δικαίου
874 1838 1086 1914 συνηγορεῖν,
1108 1841 1208 1893 σιτου-

197 1934 354 2014 δάζουσιν
382 1930 420 2000 δὲ
446 1939 573 2019 μᾶλλον
600 1933 622 2019 ἢ
647 1932 756 2021 προῖκ’
783 1937 826 2002 ἀν
852 1959 903 2014 τις
929 1935 1023 2019 ὑμῶν
1045 1933 1208 2018 πράττων,

197 2040 306 2126 ὥσπερ
341 2038 416 2118 ἀξια
449 2049 509 2107 τοῦ
542 2046 669 2126 μισθοῦ
702 2049 838 2126 ποιῆσαι
870 2049 1041 2127 προσῆκον
1070 2037 1208 2121 ἑαυτοῖς,

157 2168 183 2207 ιο
196 2142 269 2212 ἀλλ’
301 2145 342 2213 ού
370 2146 508 2230 γνώμην
535 2143 782 2231 ἀποφήνασθαι.
823 2140 890 2212 τόθ’
917 2146 1026 2232 ὥσπερ
1053 2143 1129 2230 οὐχὶ
1150 2165 1207 2210 πο·

196 2257 319 2330 λιτείας
347 2260 463 2335 κοινῆς
491 2250 681 2338 μετέχοντες
713 2249 770 2318 καὶ
799 2252 856 2319 διδ
883 2261 986 2320 ταῦτα
1013 2257 1060 2339 τῷ
1089 2255 1207 2336 βουλο-

196 2358 285 2449 μένφ
308 2356 419 2442 λέγειν
449 2355 544 2441 ἐξόν,
573 2354 646 2423 ἀλλ’
674 2357 860 2443 ίερωσύνην
890 2358 981 2424 ἰδίαν
1010 2356 1110 2423 αύτοί
1133 2378 1208 2423 τινα

196 2466 319 2548 ταύτην
349 2467 497 2550 ἔχοντες,
527 2463 585 2529 ἐὰν
615 2459 698 2549 ὑπὲρ
728 2474 795 2529 τῶν
825 2464 964 2529 δικαίων
990 2461 1029 2530 έν
1057 2463 1139 2547 ὑμῖν
1160 2484 1209 2538 τις

197 2577 291 2656 είπη,
321 2569 415 2635 δεινὰ
443 2569 608 2655 πάσχουσι
636 2567 692 2635 καί
720 2571 854 2654 θρασὺν
883 2564 973 2635 εἰναί
997 2585 1110 2655 φασιν.
1154 2566 1209 2634 καί

197 2677 245 2751 εἰς
273 2684 434 2740 τοσοῦτον
463 2673 684 2758 ἀναισθησίας
715 2676 939 2761 προήκουσιν,
973 2671 1050 2740 ὥστ’
1083 2681 1209 2741 οῖονται

197 2783 257 2846 τὸν
279 2778 363 2858 ἅπαξ
387 2778 528 2866 εἰρηκότ’
554 2781 597 2847 ἀν
619 2778 805 2847 καλέσωσιν
826 2779 959 2866 ἀναιδῆ,
982 2790 1067 2868 σφᾶς
1089 2780 1210 2857 αύτούς

197 2888 276 2962 τοὺς
306 2886 414 2951 πάντα
445 2889 504 2952 τὸν
535 2890 612 2971 βίον
647 2889 770 2963 καλούς
804 2885 975 2970 κάγαθοὺς
1006 2889 1208 2972 νομίζεσθαι.

159 3013 185 3054 ιο
198 2995 304 3058 καίτοι
328 2992 383 3057 διδ
406 2988 467 3077 μέν
496 2993 553 3070 τδις
580 2994 708 3059 τούτων
736 2994 939 3077 δημηγορίας
964 2993 1070 3059 πολλὰ
1096 3003 1209 3079 χεῖρον

198 3100 276 3183 ἔχει,
299 3097 355 3163 διδ
377 3094 456 3174 τοὺς
478 3093 508 3163 δ’
535 3096 709 3182 οἰομένους
737 3100 809 3164 δεῖν
836 3099 876 3164 τὰ
900 3092 1000 3164 δίκαι’
1025 3096 1209 3183 ἀντιλέγειν
1219 3119 1277 3170 12³4

198 3203 239 3269 οὐ
262 3201 356 3269 πάντ’
385 3202 565 3269 ἀπόλωλεν.
601 3205 773 3281 τοιούτους
790 3207 907 3271 τοίνυν
929 3206 1008 3282 τοὺς
1030 3213 1210 3291 συνεροῦν-

197 3334 256 3386 τας
273 3310 385 3387 αύτοῖς
401 3308 715 3396 παρεσκευασμένοι,
736 3309 792 3376 καί
815 3310 979 3395 τοσαύτην
997 3313 1210 3395 βλασφημίαν

199 3417 323 3492 εἰδότες
346 3411 451 3482 οὖσαν
474 3413 551 3480 καθ’
575 3413 701 3481 ἑαυτῶν
719 3426 788 3493 τοῖς
810 3414 1027 3500 βουλομένοις
1047 3438 1079 3481 τι
1101 3414 1210 3500 λέγειν

200 3527 370 3607 φλαῦρον,
407 3520 495 3607 ὅμως
526 3521 573 3598 εἰς
609 3524 711 3604 λόγον
743 3520 889 3605 η’ξίωσαν
924 3529 1123 3605 καταστῆναι
1154 3520 1210 3588 καί
