2650 3918
193 187 258 252 372
555 188 833 242 ΔΗΜΟΣΘΕΝΟΤΣ

83 348 85 362 ’
193 371 257 432 μου
287 356 371 414 νοῦν
401 347 517 432 ἔχοντα
546 349 791 433 προστήσεσθε,
825 341 880 410 καὶ
909 343 1022 430 μένειν
1051 340 1104 410 έπὶ
1134 352 1220 408 τῶν

193 453 280 521 οὕτω
303 451 470 530 δοξάντων
494 452 571 518 έθελ
615 476 682 537 ετε,
704 445 895 538 ψηφίσμαθ’
920 449 1001 535 ὑμῖν
1023 444 1217 534 περιέσται,

193 555 248 625 καὶ
270 560 521 644 παραναλώσετε
544 554 605 642 μὲν
627 555 728 624 πάνθ’
752 555 802 623 ὅσ
824 555 867 622 ἂν
885 558 1104 640 δαπανήσητε,
1126 558 1217 639 βελ-

192 667 251 730 τίῶ
276 661 306 728 δ
329 660 401 729 οὐδ’
425 663 538 732 ὁτιοῦν
560 665 601 729 τά
622 661 783 749 πράγματ’
811 666 913 746 ἔσται,
938 673 1078 748 κρινεῖτε
1102 656 1134 726 δ’
1164 659 1215 727 ὃν

193 769 235 836 άν
249 765 411 854 βούλησθ’
425 767 645 855 ὀργισθέντες.
673 769 736 853 έγῶ
748 765 785 835 δὲ
794 769 956 854 βούλομαι
969 770 1046 844 τοὺς
1060 765 1214 852 ἐχθροὺς

193 873 279 958 ὑμᾶς
300 873 530 960 ἀμυνομένους
552 875 701 960 ὀφθῆναι
722 878 899 960 πρότερον,
925 873 946 958 ή
969 877 1045 950 τοὺς
1066 875 1213 949 πολίτας

193 981 379 1064 κρίνοντας·
403 981 444 1047 οὐ
466 981 529 1068 γάρ
552 981 632 1065 ήμῖν
650 980 762 1058 αὐτοῖς
778 985 934 1064 πολεμεῖν
952 985 1078 1064 μᾶλλον
1096 977 1117 1062 ή
1135 981 1210 1043 κεί-

168 1106 268 1161 ινοις
289 1081 387 1170 ἐσμὲν
411 1088 542 1154 δίκαιοι.
579 1083 623 1155 ἵν’
651 1080 714 1152 οὖν
736 1087 797 1171 μή,
823 1087 861 1152 τὸ
889 1085 1012 1174 ῥᾷστον
1036 1083 1209 1168 ἁπάντων,

196 1189 373 1275 ἐπιτιμήσει
388 1195 505 1276 μόνον,
523 1191 563 1258 ὃν
580 1195 704 1278 τρόπον
723 1193 765 1257 άν
783 1215 839 1276 μοι
853 1193 978 1257 δοκεῖτε
992 1199 1093 1256 ταῦτα
1106 1200 1208 1274 ποιή-

196 1312 251 1360 σαι
272 1295 407 1382 διδάξω,
430 1295 562 1382 δεηθεὶς
579 1296 674 1381 ὑμῶν
692 1298 736 1382 μή
754 1301 942 1384 θορυβῆσαι
960 1293 1036 1380 μηδ’
1059 1295 1206 1380 ἀναβάλ-

195 1407 267 1467 λειν
284 1404 419 1487 νομίσαι
441 1426 481 1486 με
504 1400 559 1467 καὶ
580 1405 704 1488 χρόνον
727 1402 883 1487 ἐμποιεῖν.
925 1401 965 1468 οὐ
987 1402 1050 1486 γάρ
1069 1402 1104 1467 oc
1118 1405 1202 1489 ταχὺ

195 1505 250 1572 καὶ
272 1510 414 1594 τήμερον
436 1510 584 1584 εἰπόντες
600 1504 728 1591 μάλιστ’
751 1511 798 1585 είς
815 1510 852 1575 τὸ
872 1505 949 1574 δέον
968 1505 1136 1590 λέγουσιν·
1159 1507 1203 1573 οὐ

195 1613 258 1697 γάρ
281 1610 323 1677 δν
345 1613 385 1676 τά
407 1609 437 1695 γ’
460 1614 524 1696 ήδη
543 1609 743 1696 γεγενημένα
765 1617 913 1678 κωλῦσαι
936 1615 1138 1697 δυνηθεῖμεν
1159 1624 1203 1698 τῇ

195 1714 274 1782 νυνὶ
295 1720 448 1804 βοηθείᾳ·
472 1713 543 1782 ἀλλ’
570 1715 607 1793 ὃς
629 1716 671 1782 άν
694 1716 786 1804 δείξη
808 1722 857 1794 τίς
877 1724 1077 1803 πορισθεῖσα
1098 1740 1204 1805 παρα-

196 1822 296 1905 σκευή
324 1823 489 1905 διαμεῖναι
516 1823 709 1907 δυνήσεται,
738 1821 817 1900 τέως
843 1821 885 1888 δν
907 1823 928 1908 ή
951 1826 1202 1909 περιγενώμεθα
1212 1841 1278 1890 1433

195 1938 263 1992 τῶν
286 1927 432 2014 ἐχθρῶν,
453 1927 474 2012 ή
497 1925 687 2004 πεισθέντες
710 1931 944 2014 διαλυσώμεθα
966 1932 1024 1996 τὸν
1046 1933 1204 2014 πόλεμον·

196 2034 284 2100 οὕτω
307 2035 371 2121 γάρ
395 2032 505 2100 οὐκέτι
527 2044 588 2100 τοῦ
609 2039 730 2102 λοιποῦ
752 2035 933 2123 πάσχοιμεν
956 2034 998 2101 δν
1020 2047 1134 2112 κακῶς.
1307 2033 1308 2054 ³

664 2233 724 2296 KB

166 2320 170 2326 ἡ
265 2349 365 2438 Οἶμαι
387 2353 511 2430 πάντας
533 2351 575 2418 δν
601 2352 687 2437 ὑμᾶς
709 2348 735 2419 ὦ
758 2355 877 2440 ἄνδρες
901 2350 1100 2438 [Ἀθηναῖοι]
1125 2354 1201 2438 δμο-

197 2465 347 2544 λογήσαι,
370 2459 421 2524 ότι
442 2460 498 2524 δεῖ
516 2459 577 2544 τήν
599 2461 697 2524 πόλιν
718 2459 828 2543 ήμῶν,
855 2458 934 2524 ὅταν
956 2455 1017 2544 μὲν
1038 2457 1114 2545 περὶ
1135 2471 1200 2526 τῶν

198 2567 293 2631 ίδίων
326 2566 417 2642 τινὸς
448 2575 515 2630 τῶν
549 2562 649 2648 αὐτῆς
681 2565 896 2649 βουλεύηται,
932 2570 1007 2648 ῖσην
1040 2568 1199 2650 πρόνοιαν

197 2672 283 2756 ἔχειν
304 2680 365 2737 τοῦ
387 2668 613 2756 συμφέροντος
639 2669 783 2757 όσηνπερ
805 2680 865 2736 τοῦ
887 2671 1034 2754 δικαίου,
1061 2670 1142 2737 όταν
1164 2669 1196 2737 δ’

195 2771 280 2861 ὑπὲρ
302 2785 368 2840 τῶν
391 2787 604 2862 συμμαχικῶν
621 2775 643 2860 ἢ
661 2786 728 2842 τῶν
745 2787 882 2862 κοινῶν,
904 2768 977 2842 οἷον
995 2773 1050 2841 καὶ
1067 2779 1105 2843 τὸ
1122 2777 1198 2843 νυνὶ

196 2884 319 2967 παρόν,
341 2883 482 2966 μηδενὸς
504 2883 608 2961 οὕτως
630 2882 674 2958 ῶς
696 2891 756 2948 τοῦ
778 2883 909 2949 δικαίου
931 2885 1128 2969 φροντίζειν.
1162 2882 1197 2948 έν

198 2983 258 3072 μὲν
275 2987 339 3071 γὰρ
358 2985 496 3063 έκείνοις
512 2989 549 3053 τὸ
564 2983 730 3064 λυσιτελὲς
742 2985 880 3075 ἐξαρκεῖ,
897 2987 934 3053 έν
953 2984 991 3054 δὲ
1007 2998 1077 3066 τοῖς
1093 2990 1197 3055 τοιού-

172 3114 267 3169 ετοις
293 3089 347 3159 καὶ
373 3094 411 3158 τὸ
438 3093 540 3159 καλὸν
565 3105 739 3180 προσεῖναι
761 3094 822 3159 δεῖ.
862 3103 929 3158 τῶν
952 3089 1013 3178 μὲν
1035 3095 1098 3178 γάρ
1120 3095 1197 3180 πρά-

199 3196 301 3282 ξεων,
329 3199 376 3276 είς
405 3197 463 3275 οὓς
491 3197 534 3264 διν
560 3199 682 3284 ήκυσι,
703 3198 814 3286 κύριοι
836 3202 1065 3266 καθίστανται·
1088 3207 1144 3284 τής
1164 3198 1192 3265 δ’

199 3299 282 3389 ὑπὲρ
305 3305 431 3370 τούτων
451 3302 548 3388 δόξης
566 3302 677 3382 οὐδεὶς
693 3307 884 3394 τηλικοῦτός
906 3301 978 3371 ἐσθ’
1000 3305 1091 3381 ὅστις
1113 3307 1196 3370 ἔσται

199 3409 324 3495 κύριος,
347 3407 418 3476 ἀλλ’
445 3411 563 3478 ὁποίαν
584 3407 648 3476 τιν’
673 3409 715 3476 δν
741 3411 782 3475 τά
808 3408 985 3498 πραχθέντ’
1011 3413 1067 3496 ἔχη
1091 3409 1197 3497 δόξαν,

200 3515 355 3599 τοιαύτην
378 3517 414 3580 οί
437 3511 555 3581 πολλοὶ
582 3511 657 3600 περὶ
685 3524 752 3581 τῶν
780 3513 973 3602 πραξάντων
1002 3516 1194 3602 διήγγειλαν.
