2650 3918
558 209 750 267 ΕΡΩΤΙΚΟΣ.
790 251 792 255 .
1102 159 1167 276 ὅέἵ

98 403 102 410 ·
152 375 278 457 μᾶλλον
301 373 505 462 συμφέρειν,
528 373 550 462 ή
572 370 745 461 προέχοντ’
773 373 810 442 έν
832 385 902 451 τοῖς
922 383 1070 461 τυχοῦσι.
1113 369 1169 439 καὶ

152 479 203 563 μή
219 482 440 569 καταισχύνῃς
468 483 532 567 τήν,
556 482 676 566 φύσιν,
704 476 788 565 μηδὲ
814 487 1005 565 ψευσθῆναι
1030 480 1170 565 ποιήσῃς

153 594 222 653 τῶν
253 587 398 655 ἐλπίδων
429 590 508 665 τοὺς
539 585 591 654 έπί
629 585 683 653 σοί
722 584 805 672 μέγα
836 595 1061 672 φρονοῦντας,
1093 579 1165 649 ἀλλ’

155 690 404 778 ὑπερβαλέσθαι
421 702 577 780 πειρῶκῃ
593 703 718 760 σαυτοῦ
732 692 872 777 δυνάμει
889 693 950 776 τήν
967 702 1035 757 τῶν
1052 690 1246 758 mov-1411

113 816 141 859 ω
157 797 289 865 στάτων
304 797 494 884 έπνθυμίαν.
524 796 583 864 ’καί
600 801 712 883 νόμιζε
730 800 808 875 τοὺς
825 793 887 883 μὲν
903 798 1025 874 άλλους
1037 791 1168 880 λόγους,

155 904 236 970 ὅταν
258 904 408 983 ἐπιεικῶς
430 907 546 992 ἔχωσι,
572 915 642 982 τοῖς
668 903 800 971 εἰποῦσι
828 902 930 981 δόξαν
951 899 1170 1000 περιτιθέναι,
1188 927 1190 938 ’

153 1011 212 1087 τὰς
236 1005 273 1076 δὲ
296 1013 502 1096 συμβουλίας
518 1019 589 1087 τοῖς
605 1015 793 1076 πεισθεῖσιν
811 1006 979 1094 ὠφέλειαν
992 1005 1049 1074 καί
1069 1008 1168 1092 τιμήν

153 1115 370 1202 προσάπτειν
391 1114 448 1183 καί
469 1117 528 1193 τὰς
549 1111 611 1200 μὲν
636 1113 711 1202 περὶ
739 1126 807 1181 τῶν
829 1116 941 1180 ἄλλων
962 1116 1086 1199 κρίσεις
1107 1113 1168 1197 τήν

155 1219 315 1306 αἰσθησιν
338 1221 382 1306 ἣν
405 1224 523 1308 ἔχομεν
546 1222 688 1305 δηλοῦν,
714 1221 772 1298 τὰς
799 1215 837 1287 δὲ
863 1230 932 1286 τῶν
954 1217 1168 1304 ἐπιτήδευμά·

153 1351 223 1395 των
242 1325 386 1414 αἰρέσεις
403 1329 464 1412 τήν
483 1327 566 1412 ὅλην
582 1327 688 1412 φύσιν
707 1325 804 1411 ήμῶν
826 1324 1024 1410 δοκιμάζειν.
1058 1323 1097 1390 έν
1119 1315 1169 1402 οἷς

155 1435 221 1518 άμα
245 1437 373 1519 κρίνων
389 1432 500 1510 αὐτὸς
526 1434 750 1519 κριθήσεσθαι
776 1431 945 1517 προσδόκα
966 1429 1056 1516 παρά
1077 1437 1169 1514 πᾶσι,

155 1534 237 1624 κάμε
266 1540 325 1605 τὸν
342 1538 460 1617 «οὕτως
490 1537 739 1623 ἐγκωμιάσαντά
768 1533 798 1602 π’
833 1532 970 1620 ἑτοίμως
999 1534 1168 1620 ἰνάγωνι

115 1661 143 1704 τι
156 1647 357 1729 γενήσεσθαι
385 1652 443 1728 τῆς
466 1652 537 1728 ’σής
566 1645 768 1728 δοκιμασίας.
821 1639 865 1708 δι’
899 1641 920 1708 δ
954 1643 1019 1708 δείῑ
1034 1659 1071 1709 σε
1100 1651 1167 1708 τῶν

156 1749 301 1816 ἐπαίνων
324 1748 418 1828 άξιον
440 1745 527 1816 εἰναι
547 1748 689 1828 δόξαντα
705 1744 789 1836 κάμὲ
806 1757 865 1833 τῆς
883 1755 942 1833 σής
958 1750 1072 1834 φιλίας
1093 1745 1167 1814 άνε-

156 1859 330 1940 πιτίμητον
356 1866 474 1922 ποιείν.
516 1853 577 1941 ούχ
601 1854 687 1920 οὕτω
716 1849 747 1918 δ’
775 1855 817 1919 άν
844 1870 881 1918 σε
909 1854 1092 1940 προθύμως
1114 1851 1167 1919 έπί

156 1963 218 2046 τήν
243 1964 447 2047 φιλοσοφίαν
473 1960 699 2046 παρεκάλουν,
730 1962 763 2026 εἰ
787 1962 832 2044 μὴ
859 1969 916 2044 της
947 1958 1008 2046 μέν
1035 1960 1168 2038 εὐνοίας

157 2075 214 2150 τῆς
237 2065 315 2150 ε’μῆς
337 2073 457 2131 τοῦτον
479 2065 521 2129 άν
545 2080 599 2128 σοι
626 2062 803 2129 κάλλιστον
827 2067 947 2148 ἔρανον
969 2066 1168 2148 εἰσενεγκεῖν

158 2170 269 2260 ᾤμην,
290 2170 351 2254 τήν
374 2165 411 2234 δδ
433 2171 532 2236 πόλιν
555 2166 669 2254 ἑώρων
685 2168 752 2235 ’διά
775 2164 837 2252 μὲν
859 2167 1001 2255 ἀπορίαν
1022 2181 1090 2236 τῶν
1111 2193 1168 2236 κα-

159 2281 228 2342 λῶν
245 2274 404 2359 κάγαθῶν
423 2273 557 2360 ἀνδρῶν
569 2283 638 2350 τοίς
655 2283 792 2359 τυχοῦσι
810 2272 968 2352 πολλάκις
984 2271 1169 2361 χρωμένην,

160 2381 215 2448 διὰ
238 2375 276 2446 δδ
296 2381 355 2457 τὰς
372 2380 500 2446 τούτων
518 2377 677 2466 ἁμαρτίας
699 2378 803 2464 αὐτὴν
820 2391 892 2457 ταῖς
908 2383 1076 2464 μεγίσταις
1092 2378 1168 2446 άτυ-

117 2505 146 2549 εε
158 2490 244 2575 χίαις
270 2488 540 2572 περιπίπτουσαν.
576 2482 620 2551 ἵν’
647 2478 711 2552 οὖν
735 2485 757 2570 ή
785 2481 847 2570 μὲν
873 2493 931 2568 τής
956 2493 1015 2568 σής
1041 2484 1168 2571 άρετης,

159 2597 201 2662 σὺ
219 2589 353 2660 ,δί’τῶν
374 2591 463 2673 παρὰ
488 2591 610 2676 ταύτης
634 2601 739 2675 τιμῶν
765 2590 971 2677 ἀπολαύσῃς,
996 2591 1168 2679 προθυμό-

158 2703 255 2786 τερόν
278 2715 332 2766 σοι
353 2696 654 2784 παρεκελευσάμην.
696 2694 752 2763 καὶ
773 2698 847 2782 γάρ,
861 2694 933 2763 οὐδ’
961 2694 1014 2763 έπί
1036 2695 1090 2766 σοί
1111 2721 1168 2765 νο·

159 2809 239 2890 μίζω
262 2805 465 2890 γενήσεσθαι
489 2805 546 2886 ζήυ
568 2803 614 2879 ὡς
635 2805 765 2889 ἔτυχεν,
791 2801 876 2868 ἄλλα
896 2801 1092 2888 προστάξειν
1114 2820 1168 2870 σοι

159 2912 221 2994 τήν
243 2912 431 2977 πόλιντων
454 2908 556 2994 αύτής
577 2931 609 2973 τι
633 2909 788 2993 διοικεῖν,
814 2906 870 2975 καλ
892 2909 959 2997 ὅσω
981 2910 1043 2993 τήν
1064 2910 1168 2994 φύσιν

161 3013 419 3101 ἐπιφανεστέραν
447 3017 546 3101 ἔχεις,
573 3015 721 3104 τοσούτω
748 3016 908 3099 μειζόνων
934 3013 1087 3094 ἀξιώσειν
1113 3013 1169 3081 καλ

159 3127 286 3187 θᾶττον
303 3122 530 3204 βουλήσεσθαι
547 3121 666 3206 πεῖράν
684 3138 746 3187 σου
764 3121 955 3205 λαμβάνειν.
985 3122 1088 3188 καλὸν
1106 3116 1169 3187 οὖν

159 3225 427 3314 παρεσκευάσθαι
450 3227 512 3310 τήν
526 3226 691 3311 γνώμην,
717 3226 772 3292 ἵνα
799 3226 843 3311 μή
869 3229 943 3294 τάτε
970 3231 1167 3313 πλημμελής.
1183 3253 1187 3270 ν·

122 3349 148 3393 ει
231 3333 277 3398 To
295 3327 357 3416 μὲν
376 3325 439 3397 οὖν
456 3330 537 3416 ἐμὸν
554 3327 597 3416 ήν
615 3334 714 3418 ἔργον
733 3333 848 3416 εἰπεῖν,
871 3333 893 3396 ά
910 3347 965 3398 σοι
987 3330 1181 3418 συμφέρειν·

159 3438 304 3523 ήγοῦμαι
325 3442 525 3523 πεπρᾶχθαι,
547 3438 609 3503 σὸν
627 3433 665 3504 δὲ
682 3438 930 3521 βουλεύσασθαι
951 3434 1027 3522 περὶ
1049 3435 1167 3501 αὐτῶν.
1252 3442 1255 3453 “

161 3545 319 3630 προσήκει
342 3539 380 3610 δὲ
401 3540 456 3608 καί
483 3544 562 3619 τοὺς
588 3544 709 3620 ἄλλους
734 3543 813 3618 τοὺς
841 3545 1015 3624 ζητοῦντας
1041 3541 1168 3612 οἰκείως
