2650 3918
493 205 590 257 RATA
607 205 771 274 ΝΕᾹῙΡΑΣ·
1073 201 1138 268 29λ

120 391 159 433 τε
183 375 244 435 τοῦ
266 362 364 445 ξένου
385 363 441 432 καὶ
462 373 520 449 τῆς
542 363 654 450 ξένης,
679 363 743 431 κάν
766 363 852 454 ἀλβ,
873 371 1066 452 πεπρᾶσθαι
1087 383 1217 434 nte-1⁸51
1276 429 1281 435 .

121 474 225 546 λεύει.
266 471 311 550 ὡς
337 467 400 539 οὖν
427 470 496 537 ἐστι
523 469 599 556 ξένη
626 469 757 557 Νέαιρα
788 471 901 556 αὑτηί,
931 466 1027 538 τοῦθ’
1059 470 1140 554 ὑμῖν

124 580 292 664 βούλομαι
315 577 348 658 ἐξ
371 576 473 664 ἀρχῆς
495 575 638 664 ἀκριβῶς
661 575 830 654 ἐπιδείξαι.

78 705 107 746 ιε
187 682 289 750 Ἑπτά
317 684 381 771 γάρ
414 683 534 759 ταύτας
566 683 741 761 παιδίσκας
770 681 807 748 έκ
836 694 962 770 μικρῶν
996 685 1140 748 παιδίων

122 791 282 876 ἐκτήσατο
305 788 492 876 Νικαρέτη,
522 791 684 873 Χαρισίου
714 784 776 874 μέν
806 783 890 854 οὖσα
919 798 980 855 τοῦ
1004 786 1140 856 Ἠλείου

122 894 343 983 ἀπελευθέρα,
356 893 486 960 Ἱππίου
506 889 543 960 δέ
560 903 621 961 τοῦ
638 898 798 981 μαγείρου
815 903 876 960 τοῦ
894 893 1024 961 ἐκείνου
1042 897 1141 980 γυνή,

123 1004 220 1087 δεινή
244 999 282 1068 δέ
304 1003 408 1088 φύσιν
427 1011 555 1088 μικρῶν
572 1002 716 1067 παιδίων
735 1002 885 1066 συνιδεῖν
903 1001 1063 1086 εὐπρεπῆ,
1084 997 1141 1067 καὶ
1260 1046 1263 1054 v

121 1119 227 1176 ταῦτα
240 1105 438 1192 ἐπισταμένη
452 1104 577 1192 θρέψαι
590 1103 646 1172 καὶ
655 1107 832 1173 παιδεῦσαι
841 1105 1013 1193 ἐμπείρως,
1021 1104 1140 1192 τέχνην

121 1216 248 1301 ταύτην
270 1210 552 1297 κατεσκευασμένη
575 1210 630 1278 καὶ
648 1211 712 1278 ἀπὸ
730 1213 859 1279 τούτων
880 1214 940 1279 τόν
962 1215 1038 1296 βίον
1062 1228 1141 1278 συν-

82 1341 109 1382 ιε
123 1318 307 1407 ειλεγμένη.
349 1327 576 1405 προσειποῦσα
600 1314 630 1384 δ’
653 1317 755 1396 αὐτάς
777 1317 915 1403 ὀνόματι
943 1314 1141 1402 θυγατέρας,

122 1425 169 1494 ἵν’
192 1427 237 1505 ώς
255 1428 428 1511 μεγίστους
451 1427 596 1510 μισθοὺς
618 1424 793 1510 πράττοιτο
815 1427 895 1501 τοὺς
916 1420 1142 1509 βουλομένους

123 1533 317 1618 πλησιάζειν
343 1531 457 1609 αὐταῖς
484 1531 529 1608 ὡς
556 1528 749 1617 ἐλευθέραις
776 1531 908 1616 οὔσαις,
939 1529 1052 1614 ἐπειδή
1079 1530 1142 1614 τήν

123 1639 257 1722 ἡλικίαν
288 1638 500 1723 έκαρπώσατο
535 1636 645 1703 αὐτῶν
675 1633 830 1722 ἑκάστης,
865 1637 1058 1720 συλλήβδην
1085 1632 1141 1701 καὶ

124 1746 166 1813 τά
189 1746 322 1829 σώματα
344 1741 485 1810 ἀπέδοτο
509 1741 645 1809 άπασών
670 1740 749 1808 ἑπτά
772 1741 895 1828 οὐσῶν,
910 1740 1064 1809 ’Ἇντειαν
1086 1740 1141 1808 καὶ

125 1854 319 1937 Στρατόλαν
338 1847 393 1916 καὶ
402 1847 649 1936 Ἀριστόκλειαν
662 1847 717 1914 καὶ
730 1848 943 1934 Μετάνειραν
960 1846 1017 1915 καὶ
1032 1851 1140 1914 Φίλαν

85 1978 112 2018 εο
125 1955 181 2023 καὶ
199 1953 375 2040 Ἰσθμιάδα
392 1953 448 2020 καὶ
465 1952 616 2040 Νέαιραν
638 1957 785 2039 ταυτηνί.
830 1954 874 2038 ἣν
897 1951 958 2039 μὲν
982 1949 1045 2021 οὖν
1068 1953 1141 2020 ἕκα-

126 2081 203 2139 στος
222 2061 331 2126 αὐτῶν
356 2059 512 2145 ἐκτήσατο
535 2057 590 2124 καὶ
613 2059 658 2135 ὡς
678 2058 964 2146 ἠλευθερώθησαν
987 2058 1050 2126 ἀπὸ
1073 2062 1141 2124 τών

126 2164 318 2255 πριαμένων
341 2165 442 2241 αὐτάς
463 2165 551 2249 παρά
578 2172 635 2247 τής
656 2162 857 2250 Νικαρέτης,
884 2167 1060 2249 προϊόντος
1081 2175 1142 2231 τοῦ

128 2276 247 2357 λόγου,
269 2269 312 2336 ἀν
334 2270 504 2354 βούλησθε
527 2268 663 2335 ἀκούειν
685 2272 743 2334 καί
762 2292 819 2355 μοι
841 2273 1016 2354 περιουσία
1037 2262 1059 2356 ᾖ
1081 2280 1143 2337 τοῦ

127 2379 259 2462 ὕδατος,
283 2367 422 2461 δηλώσω
446 2375 539 2459 ὑμῖν·
563 2374 608 2452 ὡς
630 2369 669 2440 δέ
693 2372 820 2462 Νέαιρα
844 2373 940 2459 αὑτηὶ
958 2373 1144 2459 Νικαρέτης

127 2480 171 2570 ήν
194 2481 249 2550 καὶ
272 2482 428 2570 ήργάζετο
452 2489 497 2570 τῷ
522 2482 648 2564 σώματι
675 2488 909 2566 μισθαρνοῦσα
931 2491 1001 2558 τοῖς
1023 2485 1143 2566 βουλο-

129 2590 242 2676 μένοις
268 2589 352 2675 αὐτήγ
378 2587 585 2673 πλησιάζειν,
616 2581 714 2654 τοῦθ’
738 2586 821 2671 ὑμίν
851 2587 1015 2671 βούλομαι
1041 2587 1144 2654 πάλιν

91 2719 116 2759 οι
131 2697 336 2764 ἐπανελθεῖν.
377 2697 507 2771 Λυσίας
536 2693 600 2780 γάρ
628 2694 647 2761 ό
674 2694 835 2780 σοφιστής
859 2696 1068 2780 Μετανείρας
1094 2694 1142 2760 ών

128 2803 281 2890 ἐραστής,
308 2802 484 2886 ἠβουλήθη
511 2802 593 2887 πρὸς
620 2811 689 2877 τοῖς
715 2801 830 2877 ἀλλοις
856 2799 1068 2885 ἀναλώμασιν
1092 2793 1142 2878 οἷς

128 2910 306 2995 ἀνήλισκεν
334 2909 382 2985 είς
411 2906 515 2992 αὐτήν
544 2903 599 2972 καὶ
628 2914 770 2992 μυῆσαι,
798 2905 982 2991 ἡγούμενος
1010 2907 1051 2973 τά
1081 2903 1142 2992 μέν

129 3017 213 3080 ἀλλα
235 3013 433 3098 ἀναλώματα
459 3015 521 3098 τήν
547 3010 750 3098 κεκτημένην
777 3013 881 3098 αὐτὴν
905 3013 1099 3097 λαμβάνειν,
1122 3013 1144 3078 ἀ

131 3119 159 3187 δ’
193 3119 236 3186 άυ
266 3121 314 3196 είς
341 3120 403 3204 τήν
433 3117 552 3204 ἑορτήν
585 3116 640 3184 καὶ
669 3119 709 3184 τά
739 3121 901 3204 μυστήρια
929 3114 1013 3202 ὑπὲρ
1044 3117 1144 3201 αὐτῆς

131 3226 298 3312 ἀναλώση,
320 3227 404 3312 πρὸς
426 3224 530 3308 αὐτήν
552 3225 614 3310 τήν
637 3226 819 3310 άνθρωπον
841 3225 940 3311 χάριν
961 3227 1144 3308 καταθήσε-

133 3340 221 3399 σθαι.
258 3330 381 3417 ἐδεήθη
401 3325 463 3397 οὖν
481 3339 538 3414 τῆς
555 3328 741 3416 Νικαρέτης
758 3330 872 3398 ἐλθεῖν
895 3333 942 3407 είς
964 3331 1003 3395 τά
1021 3331 1144 3413 μυστή-

133 3463 193 3524 ρια·
208 3439 357 3522 άγουσαν
384 3437 446 3520 τήν
468 3435 695 3522 Μετάνειραν,
722 3438 778 3503 ἵνα
806 3443 937 3521 μυηθῇ,
963 3433 1018 3499 καὶ
1045 3435 1144 3511 αὐτὸς
1154 3453 1221 3503 εσσε

97 3565 121 3604 εε
132 3541 290 3629 ὑπέσχετο
313 3544 464 3627 μυήσειν.
500 3540 703 3628 ἀφικομένας
724 3540 755 3608 δ’
782 3541 883 3616 αὐτάς
905 3541 923 3606 ὁ
946 3540 1075 3613 Λυσίας
1096 3541 1144 3615 είς
