2654 3926
200 137 243 202 62
486 142 581 194 xmv.
609 139 914 210 [Δωαοεοιεαουε]

200 299 289 386 αὐτῷ
312 301 442 366 παίδων
464 303 611 384 γνησίων
638 297 694 366 καὶ
721 303 842 386 κυρίως
870 299 952 366 κατὰ
974 299 1033 365 τὸν
1055 295 1209 382 θεσμόν.’

201 403 401 489 ἐξετάσωμεν
418 410 545 506 τοίνυν)
569 408 601 471 εί
621 405 706 472 εἰσὶν
724 405 746 491 ἢ
764 407 803 472 τά
822 407 929 488 ψευδῆ
949 404 1211 493 διαμεμαρτύρη-

200 533 259 575 κεν
281 506 386 587 οὗτος.
428 511 446 577 6
469 512 532 597 γάρ
552 508 726 597 Ἀρχιάδης
748 511 887 595 ἐκεῖνος,
914 505 956 577 οὗ
979 509 1068 576 ἐστιν
1091 509 1109 576 6
1132 514 1210 592 κλῆ-

202 639 275 700 ρος,
304 614 478 700 ἐποιήσατο
505 617 582 682 νίὸν
604 618 663 682 τὸν
685 626 745 682 τοῦ
768 618 1109 702 διαμεμαρτυρηκότος
1131 613 1210 680 νυνὶ

201 721 348 788 πάππον·
368 721 491 798 ἐκεῖνος
509 719 540 786 δ’
563 720 790 806 ἐγκαταλιπὼν
807 722 883 788 υίὸν
900 724 1040 806 γνήσιον
1057 723 1115 787 τὸν
1133 721 1210 786 τού-

201 850 261 892 του
288 826 411 913 πατέρα
437 829 656 911 Λεώστρατον
683 828 869 910 έπανηλθεν
897 829 944 904 είς
970 829 1047 918 τοὺς
1065 824 1210 892 Ἐλευσι-

161 949 187 989 47
201 935 303 1010 νίους.
339 934 419 1018 μετά
438 930 594 1000 δὲταῦτα
617 934 716 1010 αὐτὸς
737 931 852 1000 οὑτοσὶ
874 934 1088 1018 Λεώστρατος
1109 931 1210 998 πάλιν

202 1039 426 1122 ἐγκαταλιπὼν
443 1041 520 1106 υἱὸν
539 1038 642 1127 ςόχετο
661 1039 768 1106 ἀπιὼν
786 1041 834 1115 είς
850 1041 910 1105 τὸν
927 1047 1081 1127 πατρῷον
1100 1034 1135 1104 οἶ
1201 1056 1209 1073 ·

202 1144 220 1210 6
249 1142 280 1211 δ’
312 1143 580 1230 ἐγκαταλειφθεὶς
605 1145 671 1212 ὑπὸ
698 1146 819 1210 τούτου
847 1149 1033 1220 τελευταῖος
1054 1143 1210 1211 ἁπάντων

201 1261 268 1316 τῶν
290 1249 550 1334 εἰσποιηθέντων
572 1250 800 1334 τετελεύτηκεν
823 1251 935 1333 άπαις,
959 1250 1040 1322 ὥστε
1062 1252 1210 1333 γηνεται

202 1357 321 1442 ἕρημος
343 1357 361 1423 6
380 1353 481 1440 οἶκος,
502 1354 558 1421 καὶ
581 1355 828 1441 ἐπανελήλυθεν
846 1356 867 1440 ἡ
886 1358 1087 1443 κληρονομία
1108 1356 1209 1420 πάλιν

161 1479 188 1520 48
202 1465 249 1540 είς
265 1465 344 1540 τοὺς
362 1463 394 1540 ἐξ
414 1463 514 1548 ἀρχῆς
536 1461 696 1546 ἐγγύτατα
714 1461 832 1546 γένους
850 1464 956 1538 ὄντας.
991 1472 1060 1538 πῶς
1081 1459 1124 1526 άν
1147 1455 1209 1526 οὖν

202 1575 317 1652 εἴησαν
340 1570 421 1634 κατδι
443 1570 504 1653 την
528 1569 767 1653 διαμαρτυρίαν
789 1569 872 1646 υἱεῖς
894 1570 942 1634 έτι
964 1564 1051 1645 τινὲς
1072 1577 1117 1656 τῷ
1137 1564 1210 1654 Ἀρ

201 1674 314 1759 γιάδη,
337 1667 364 1762 ᾧ
388 1675 423 1739 oc
442 1670 503 1758 μὲν
531 1671 764 1758 είσποηθέντες
791 1673 1032 1758 ὁμολογοῦνται
1054 1672 1210 1758 ἐπανελη-

203 1777 358 1863 λυθέναι,
386 1780 404 1845 6
433 1776 463 1845 6’
490 1777 760 1865 ἐγκαταλειφθεὶς
788 1784 973 1855 τελευταῖος
999 1780 1097 1856 δίπαις
1124 1802 1209 1844 τετε-

201 1885 370 1970 λεύτηκεν;
389 1885 513 1952 οὐκοῦν
525 1884 653 1968 ἀνάγκη
666 1887 725 1951 τὸν
745 1880 837 1950 οἶκον
858 1883 1078 1969 ἐρημωθῆναι.
1110 1884 1208 1950 ὁπότε

202 1987 232 2056 δ’
260 1993 380 2077 ἔρημος
406 1991 424 2058 6
453 1986 560 2076 οἶκος,
592 1991 654 2057 οὐκ
680 1989 722 2056 άν
754 1996 869 2074 είησαν
899 1990 983 2065 υίεϊς
1014 1991 1061 2054 έτι
1093 1988 1207 2079 ἐκείνω

201 2099 341 2182 γνήσιοι.
378 2092 474 2174 οὗτος
491 2100 607 2163 τοίνυν
626 2097 907 2182 διαμεμαρτύρηκε
929 2096 1007 2172 τοὺς
1029 2093 1090 2160 οὐκ
1112 2096 1209 2172 όντας
1220 2112 1288 2163 1095

87 2208 89 2214 ’
201 2198 304 2287 εἶναι,
336 2200 390 2267 καὶ
419 2201 584 2288 γέγραφεν
614 2201 651 2268 έν
677 2210 717 2288 τη
746 2203 966 2288 διαμαρτυρία
989 2199 1113 2266 εόντων
1135 2206 1209 2267 παί-

161 2325 188 2366 42
203 2307 300 2392 δων,’
323 2307 382 2373 ἕνα
408 2307 546 2393 φάσκων
574 2305 676 2374 αὑτὸν
700 2304 793 2373 εἶναι.
830 2305 914 2372 άλλδι
941 2307 1006 2390 μὴν
1030 2305 1209 2391 ’γνησίων’

202 2411 232 2498 γ’
260 2413 339 2479 ὅταν
369 2412 447 2499 λέγη
479 2410 549 2478 ‘nal
578 2417 700 2498 κυρίως
731 2411 812 2478 κατά
839 2415 898 2478 τὸν
925 2413 1081 2497 θεσμόν’,
1106 2434 1209 2499 παρα-

202 2520 355 2605 κρούεται
390 2518 478 2600 παρά
512 2521 591 2596 τοὺς
625 2521 759 2603 νόμους.
808 2519 845 2584 τὸ
878 2514 939 2601 μέν
975 2518 1038 2601 γάρ
1069 2520 1209 2601 γνήσιόν

203 2625 304 2708 έστιν,
328 2625 406 2690 ὅταν
428 2617 450 2710 ᾖ
473 2627 562 2713 γόνῳ
585 2627 735 2708 γεγονός·
763 2621 818 2689 καὶ
840 2623 858 2688 6
881 2626 983 2706 νόμος
1003 2633 1105 2688 ταῦτα
1127 2647 1209 2710 μαρ-

201 2743 297 2818 τυρεί
317 2729 435 2814 λέγων,
458 2729 516 2813 εἣν
534 2729 576 2795 διν
595 2729 740 2816 έγγυηση
762 2730 867 2814 πατὴρ
886 2727 907 2812 ἢ
925 2727 1068 2814 ἀδελφὸς
1085 2726 1106 2811 ἢ
1123 2729 1208 2793 πάπ·

201 2855 273 2922 στος,
296 2836 332 2903 έκ
349 2836 468 2920 ταύτης
490 2830 576 2901 εἶναι
593 2837 712 2912 παῖδας
730 2834 912 2919 γνησίους.’
947 2837 985 2900 τὸ
1004 2830 1042 2898 δὲ
1059 2833 1209 2919 ’κυρίως

201 2943 283 3009 κατά
305 2954 371 3008 τῶν
393 2945 545 3026 ποήσεων
568 2941 586 3008 6
609 2939 794 3026 νομοθέτης
813 2943 941 3025 ἔλαβεν,
963 2938 1209 3023 ὑπολαμβάνων

203 3050 286 3132 δεῖν,
310 3047 389 3112 όταν
410 3070 459 3122 τις
482 3047 529 3112 ὢν
552 3047 649 3123 άπαις
670 3044 725 3112 καλ
747 3047 861 3131 κύριος
883 3056 949 3110 τῶν
972 3043 1091 3110 ἑαυτοῦ
1114 3047 1207 3130 ποιή-

203 3172 299 3237 σηται
315 3153 404 3236 υίόν,
425 3162 527 3218 ταῦτα
544 3152 642 3238 κύρια
660 3148 754 3217 εἶναι.
791 3145 888 3228 οὗτος
905 3154 1022 3216 τοίνυν
1039 3153 1128 3240 γόνῳ
1147 3147 1210 3235 μέν

202 3257 324 3324 οὐδένα
346 3256 448 3342 φησὶν
467 3255 622 3344 Ἀρχιάδη
640 3256 796 3341 γενέσθαι
816 3257 903 3341 υἱόν,
926 3257 1208 3342 διαμεμαρτύρηκε

204 3359 240 3428 δὲ
264 3362 425 3447 εγνησίων
452 3362 586 3448 όντων,’
614 3361 767 3429 ἐναντίαν
793 3370 838 3450 τῷ
867 3361 1032 3448 πράγματι
1053 3363 1114 3446 την
1136 3363 1210 3426 δια-

164 3485 190 3526 ῡο
204 3471 387 3553 μαρτυρίαν
415 3471 643 3554 ποιησάμενος.
683 3469 816 3553 ποιητὸς
847 3462 878 3533 δ’
909 3467 1082 3552 ὁμολογῶν
1110 3462 1211 3548 εἶναι,
1245 3517 1247 3522 .
