2658 3922
215 204 281 268 252
525 203 611 256 ινιτ.
637 199 917 253 ΔΗΜοΣοεαουΣ

214 387 330 440 νοντες
359 363 421 429 δύο
451 359 506 428 καὶ
535 372 622 448 τρεῖς
654 365 789 446 ψήφους
821 359 956 436 ἕκαστος
989 358 1077 442 παρὰ
1104 357 1246 422 τούτου

215 469 394 555 ἐνέβαλλον
416 471 463 546 είς
483 469 543 534 τὸν
565 468 734 532 καδίσκον.
778 477 914 550 σημεῖον
942 462 994 530 δέ·
1023 464 1060 530 ολ
1078 459 1142 548 μὲν
1167 464 1244 548 γάρ

214 575 440 659 ψηφισάμενοι
458 573 499 639 οὐ
517 575 651 649 πλείους
668 571 689 656 ἠ
707 568 870 658 τριάκοντ’
892 566 990 655 ἠσαν,
1012 569 1049 636 αλ
1064 566 1102 634 δὲ
1119 579 1243 655 ψῆφοι
1255 587 1287 635 13

215 681 455 766 ἠριθμήθησαν
482 682 617 754 πλείους
638 677 659 761 ἠ
683 675 856 761 ἑξήκοντα,
884 677 966 741 ὥστε
992 675 1116 752 πάντας
1144 674 1243 759 ἡμᾶς

178 807 202 846 ιι
216 786 426 870 ἐκπλαγῆναι.
469 782 525 850 καὶ
547 779 645 850 ταῦθ’
672 781 718 859 ὡς
739 782 848 866 ἀληθῆ
872 779 975 866 λέγω,
997 777 1053 847 καὶ
1075 780 1127 845 ότι
1152 778 1235 845 οὔτ’

216 892 320 977 ἐδόθη
349 891 370 976 ἠ
399 899 511 976 ψῆφος
543 889 580 956 έν
612 889 724 954 άπασι
745 892 879 965 πλείους
909 884 938 953 τ’
974 885 1128 972 ἐγένοντο
1162 897 1239 951 τῶν

216 995 463 1083 ἐψηφισμένων,
485 995 653 1081 μάρτυρας
670 994 752 1078 ὑμῖν
769 991 959 1079 παρέξομαι.
995 994 1174 1077 συμβαίνει
1195 991 1241 1056 δέ

217 1128 273 1190 μοι
295 1101 371 1190 περὶ
398 1102 526 1169 τούτων
552 1111 620 1166 τῶν
648 1095 709 1185 μέν
736 1103 844 1186 φίλοιν
866 1099 887 1183 ἠ
909 1109 976 1165 τῶν
998 1098 1109 1164 ἀλλον
1128 1094 1237 1182 Ἀθη-

215 1213 321 1277 ναίων
339 1207 465 1295 μηδένα
483 1208 633 1294 μάρτυρα
653 1217 818 1290 παρεῖναι,
841 1205 897 1271 διά
918 1227 954 1270 τε
975 1205 1036 1288 τήν
1059 1205 1152 1288 ὥραν
1174 1202 1236 1269 καὶ

218 1316 273 1383 διά
295 1319 332 1382 τὸ
356 1313 483 1400 μηδένα
505 1311 745 1399 παρακαλέσαι,
767 1311 880 1388 αὐτοῖς
903 1307 941 1375 δὲ
963 1321 1032 1387 τοῖς
1053 1310 1235 1395 ἠδικηκόσι

217 1446 257 1508 με
284 1427 428 1507 χρῆσθαι
455 1419 627 1504 μάρτυσιν.
664 1413 771 1484 δοῦν
797 1417 848 1484 οὐ.
867 1418 1069 1501 δυνήσονται
1095 1415 1234 1502 ἔξαρνοι

217 1525 386 1611 γενέσθαι,
408 1533 510 1590 ταῦτα
533 1520 670 1610 γέγραφ’
698 1523 819 1601 αὐτοῖς.
863 1521 948 1605 λέγε.

623 1685 814 1771 wrm

179 1861 204 1903 ιι
284 1843 330 1905 Εἰ
354 1837 416 1925 μὲν
442 1843 558 1906 τοίνυν
582 1835 608 1905 ὦ
631 1841 752 1927 ἀνδρες
779 1839 931 1907 δικασταὶ
958 1793 1133 1926 συνέβαινε
1160 1847 1229 1918 τοῖς

213 1946 437 2032 Ἀλιμουσίοις
462 1945 539 2033 περὶ
566 1945 721 2013 ἁπάντων
752 1958 819 2013 τῶν
847 1949 1000 2032 δημοτῶν
1028 1947 1228 2032 διαψηφίσα-

219 2060 299 2120 σθαι
322 2053 359 2119 ἐν
383 2052 492 2139 έκείνη
515 2060 554 2138 τῆ
577 2050 699 2140 ῆμέρφ,
722 2054 809 2129 εἰκὸς
829 2047 873 2138 ἠν
895 2051 952 2118 καὶ
974 2054 1022 2129 είς
1043 2047 1105 2131 ἀψὲ
1126 2056 1227 2138 ψηφί-

220 2164 349 2244 ζεσθαι,
381 2156 425 2224 ἵν’
459 2157 705 2243 ἀπηλλαγμένοι
736 2153 822 2243 ἠσαν
851 2162 1047 2242 ποιήσαντες
1077 2159 1118 2224 τά
1148 2159 1227 2244 ὑμίν

219 2263 435 2352 ἐψηφισμένα.
480 2267 512 2330 εί
534 2261 572 2330 δὲ
593 2269 728 2341 πλείους
750 2264 771 2348 ἠ
794 2270 919 2329 εἴκοσιν
945 2263 1123 2330 ὑπόλοιποι
1144 2259 1232 2349 ἠσαν-

218 2385 284 2438 τῶν
308 2373 477 2457 δημοτῶν,
504 2368 583 2458 περὶ
609 2365 656 2435 ὧν
685 2371 752 2435 ἔδει
779 2378 819 2456 τῆ
846 2369 1003 2456 ὑστεραία
1030 2371 1227 2455 διαψηφίσα-

220 2484 316 2560 σθαι,
343 2474 398 2542 καὶ
422 2476 543 2561 ὁμοίως
565 2470 609 2559 ἠν
631 2472 757 2559 ἀνάγκη
787 2472 1007 2557 συλλέγεσθαι
1028 2477 1107 2552 τοὺς
1129 2479 1226 2562 δημό-

219 2606 287 2665 τας,
308 2585 344 2646 τί
363 2578 434 2646 ποτ’
462 2575 505 2665 ἠν
528 2583 565 2647 τὸ
589 2577 747 2667 δυσχερὲς
768 2579 978 2668 Εὐβουλίδη,
1004 2580 1226 2668 ἀναβαλέσθαι

219 2691 266 2763 είς
288 2688 349 2771 τήν
371 2687 549 2773 ὑστεραίαν
576 2685 632 2752 καὶ
658 2685 735 2773 περὶ
760 2685 843 2772 έμοῦ
870 2688 1003 2771 πρώτου
1029 2689 1091 2773 τήν
1116 2699 1226 2775 ψῆφον

180 2813 206 2856 ιι
220 2793 352 2859 διδόναι
378 2803 448 2869 τοῖς
474 2794 647 2877 δημόταις;
677 2795 763 2859 διότι
791 2786 817 2857 ὦ
844 2793 965 2879 ἀνδρες
991 2792 1144 2860 δικασταὶ
1168 2795 1226 2862 οὐκ
1306 2817 1307 2820 ’

220 2900 334 2983 ἠγνόει
365 2897 592 2984 Ῑθλβουλίδης,
624 2899 676 2965 ότι
706 2899 738 2964 εἰ
768 2901 867 2982 λόγος
898 2897 1145 2984 ἀποδοθήσοιτο
1174 2902 1225 2969 καὶ

219 3001 460 3090 παραγένοιντό
497 3027 553 3088 μοι
589 3004 709 3082 πάντες
742 3004 779 3070 oc
812 3005 952 3088 δημόται
982 3001 1038 3070 καὶ
1068 3005 1090 3090 ἠ
1121 3017 1226 3092 ψῆφος

221 3112 356 3186 δικαίας
380 3111 515 3193 δοθείη,
542 3108 693 3194 οὐδαμοῦ
721 3112 918 3193 γενήσονται
946 3110 982 3177 οί
1005 3111 1085 3196 μετὰ
1111 3114 1224 3180 τούτου

221 3218 463 3300 συνεστηκότες.
508 3215 591 3281 ὅθεν
610 3212 641 3280 δ’
664 3210 757 3282 οὗτοι
780 3214 998 3300 συνέστησαν,
1018 3214 1125 3304 ταῦτ’,
1148 3217 1224 3285 έτει-

99 3379 100 3382 ,
222 3325 286 3388 δάν
303 3320 380 3408 περὶ
397 3331 457 3387 τοῦ
476 3319 595 3404 γένους
618 3327 711 3404 είπω,
732 3317 816 3405 τότ’,
837 3321 880 3387 ἀν
903 3319 1065 3407 βούλησθ’
1087 3323 1223 3411 ἀκούειν,

181 3447 207 3487 ιι
222 3428 297 3516 ε’ρῶ.
341 3437 406 3494 νῦν
430 3423 467 3493 δὲ
489 3429 525 3492 τί
544 3424 600 3492 καὶ
618 3428 749 3492 δίκαιον
767 3431 889 3512 νομίζω
907 3427 963 3494 καλ
979 3432 1015 3495 τί
1033 3433 1222 3516 παρεσκεόα·

222 3551 302 3617 σμαι
323 3544 433 3598 ποιεῖν
456 3535 576 3619 ἀνδρες
599 3534 764 3610 δικασταί;
793 3531 897 3611 δείξαι
918 3535 1001 3619 πρὸς
1026 3533 1113 3619 ὑμᾶς
1134 3533 1220 3619 ἐμαυ-
