2658 3922
167 173 234 238 200
468 177 542 231 Lm
568 173 871 245 [Δωιοτοτωοετ]

167 345 241 401 εἷται
263 337 304 413 ὡς
327 338 412 400 ἰδίων
434 337 484 399 καί
507 336 610 424 έκείνφ
637 337 849 420 προσηκόντων
871 335 969 400 ούδέν.
1008 333 1071 399 έπεί
1093 332 1125 397 δέ
1147 334 1182 397 τὸ
1308 353 1309 374 ³

167 447 286 518 πρᾶγμα
316 435 486 518 μοχθηρόν,
521 434 570 496 διὰ
600 429 690 496 τοῦθ’
726 433 742 498 δ
768 435 867 518 ’ῥητωρ
901 436 1043 516 διηγεῖται
1071 433 1183 513 πηλίκα

167 531 319 594 πέπονθεν
336 525 557 614 Ἀποίλόδωρος
574 523 627 592 ὑπ’
645 525 849 615 Ἀρεθουσίου,
871 532 921 593 ἵνα
938 532 1013 617 δοκῇ
1033 528 1074 610 μη
1093 529 1182 607 φύσει
1193 535 1274 584 1246
1309 585 1310 618 ³

166 629 298 712 πονηρὸς
317 625 360 692 ὢν
377 638 468 690 ταῦτα
489 629 636 711 πράττειν,
661 621 725 690 ἀλλ’
741 627 927 708 ἀμυνόμενος
943 626 996 690 τόν
1012 625 1181 688 ἀδικοῦντα.
1309 619 1310 670 ἶ

224 859 296 927 Ὅτι
327 858 389 947 μὲν
421 862 462 928 οὐ
498 874 733 950 συκοφαντῶν,
770 858 842 929 ἀλλ’
878 860 1095 945 ἀδικούμενος
1125 856 1180 924 καί
1310 889 1311 892 “

167 961 381 1052 ὑβριζόμενος
410 967 475 1034 ὑπὸ
504 959 632 1035 τούτων
660 965 719 1033 καί
749 969 903 1052 οἰόμενος
930 968 1002 1033 δεῖν
1031 976 1182 1050 τιμωρεῖ-

168 1079 248 1138 σθαι
270 1075 331 1158 τὴν
354 1072 551 1161 ἀπογραφὴν
575 1072 795 1159 ἐποιησάμην,
815 1069 971 1157 μέγιστον
992 1070 1074 1157 ὑμῖν
1096 1073 1181 1137 ἔστω

166 1182 344 1266 τεκμήριον
366 1175 392 1246 ὦ
415 1181 535 1267 ἄνδρες
557 1178 710 1246 δικασταί
738 1183 776 1247 τό
803 1202 837 1245 τε
860 1175 1001 1263 μέγεθος
1021 1186 1079 1261 τῆς
1101 1175 1183 1243 ἀπο-

167 1295 306 1372 γραφῆς,
328 1283 383 1351 καὶ
406 1286 457 1352 ότι
479 1285 578 1363 αὐτὸς
604 1285 670 1368 ἐγὼ
700 1281 881 1368 ἀπέγραψα.
922 1281 1048 1368 οὐγὰρ
1072 1277 1182 1368 δήπου’

168 1402 388 1478 συκοφαντεῖν
417 1413 454 1474 γε
482 1392 687 1476 βουλόμενος
714 1386 887 1476 ἀπέγραψα
913 1388 956 1457 άν
981 1382 1081 1455 πένθ’
1105 1389 1182 1473 ἡμι-

167 1500 296 1581 μναίων
318 1494 393 1574 ἀξια
416 1494 621 1579 ἀνδράποδα,
643 1496 688 1573 ὡς
705 1496 841 1573 αύτὸςὸ
860 1494 1076 1580 ἀμφισβητῶν
1097 1498 1181 1560 τετί-

167 1626 266 1687 μηται
294 1601 389 1684 αὐτά,
421 1600 636 1667 ἐκινδύνευον
664 1598 695 1667 δ’
723 1599 766 1667 ἀν
792 1604 871 1685 περί
894 1624 928 1666 τε
955 1604 1072 1686 χιλίων
1100 1601 1181 1686 δρα-

166 1718 278 1793 ημῶν,
306 1703 362 1772 καί
389 1716 450 1772 τοῦ
473 1705 635 1790 μηδέποτε
659 1704 785 1792 μηδένα
807 1701 908 1784 αὖθις
929 1702 1012 1790 ύπδρ
1035 1699 1180 1791 ἐμαυτοῦ

167 1812 374 1898 γράψασθαι·
406 1807 478 1878 οὐδ’
512 1806 555 1876 αύ
583 1812 689 1889 οὕτως
718 1814 842 1900 ἀπορος
871 1807 914 1896 ἦν
943 1808 1016 1878 οὐδ’
1048 1813 1180 1898 ἄφιλος,

141 1914 244 1984 τύπτ’
271 1917 332 1984 οὐκ
355 1915 397 1985 ἀν
420 1915 566 2004 ἐξευρεῖν
592 1919 651 1984 τὸν
674 1917 922 2004 ἀπογράψοντα·
946 1916 1029 1984 ἀλλά
1051 1928 1118 1985 τῶν
1141 1917 1179 1985 ἐν

167 2022 359 2108 ἀνθρώποις
377 2020 532 2091 ἁπάντων
549 2023 758 2109 ἡγησάμενος
780 2026 973 2090 δεινότατον
990 2018 1090 2106 εἶναι,
1107 2021 1180 2087 ἀδι-

166 2135 299 2197 κεῖσθαι
321 2124 383 2214 μέν
409 2129 524 2214 αύτός,
551 2128 666 2216 ἕτερον
694 2127 724 2196 δ’
751 2125 834 2215 ὑπὲρ
859 2128 941 2214 ἐμοῦ
963 2139 1023 2196 τοῦ
1045 2127 1180 2194 ἀδικου-

166 2234 269 2321 μένου
287 2236 434 2321 τούνομα
452 2232 619 2321 παρέχειν,
640 2233 696 2301 καί
720 2231 807 2302 εἶναι
824 2236 867 2301 άν
885 2259 916 2300 τι
934 2236 1063 2312 τούτοις
1079 2244 1179 2300 τοῦτο

166 2345 353 2429 τεκμήριον,
377 2343 473 2410 ὁπότε
498 2340 561 2425 ἐγὼ
585 2339 714 2426 λέγοιμι
740 2344 803 2427 τὴν
830 2344 957 2428 ἔχθραν
978 2342 1061 2426 πρὸς
1083 2340 1179 2424 ὑμᾶς,

165 2449 210 2525 ὡς
227 2450 405 2533 ψεύδομαι·
428 2448 469 2514 ού
487 2449 551 2534 γὰρ
569 2449 612 2513 ἄν
633 2469 711 2514 ποτε
730 2446 846 2534 ἕτερον
863 2445 1065 2532 ἀπογράψαι,
1087 2452 1178 2532 είπερ

165 2552 229 2637 ἐγὼ
252 2553 351 2630 αὐτὸς
372 2554 568 2638 ἠδικούμην.
605 2554 661 2618 διά
683 2548 744 2638 μὲν
763 2550 857 2619 ταῦτ’
881 2550 1063 2638 ἀπέγραψα.
1098 2550 1179 2619 ἀπο-

164 2657 293 2742 γράψας
311 2654 348 2723 δέ
368 2657 426 2723 ἐὰν
444 2657 607 2738 ἀποδείξω
625 2657 839 2743 τάνδράποδα
850 2654 1068 2744 Ἀρεθουσίου
1086 2660 1178 2742 όντα,

166 2758 267 2847 οὗπερ
296 2761 476 2848 ἐγέγραπτο
503 2759 606 2848 εἶναι,
632 2764 674 2828 τά
700 2758 762 2848 μὲν
789 2766 864 2850 τρία
886 2761 986 2848 μέρη,
1008 2763 1030 2829 ἃ
1053 2763 1090 2830 ἐκ
1111 2774 1178 2830 τῶν
1188 2784 1258 2834 1247

165 2853 280 2954 νόμων
303 2877 347 2956 τῷ
372 2870 486 2955 ίδιύτη
509 2877 555 2957 τῷ
579 2868 809 2954 ἀπογράψαντι
831 2873 994 2954 γίγνεται,
1022 2877 1061 2954 τῇ
1083 2870 1178 2935 πόλει

140 2973 302 3060 οάφίημι,
328 2973 417 3062 αύτῷ
446 2971 476 3039 δ’
505 2972 578 3059 ἐμοὶ
605 2980 850 3058 τετιμωρῆσθαι
877 2973 972 3060 ἀρκεῖ
996 2977 1111 3059 μόνον.
1147 2977 1180 3039 εί

166 3075 227 3165 μέν
257 3073 320 3144 οὖν
348 3103 405 3164 μοι
433 3073 478 3164 ἧν
494 3080 624 3145 ,ίκανδν
653 3081 691 3145 τὸ
719 3079 812 3164 ὕδωρ
842 3080 1067 3164 διηγήσασθαι
1096 3081 1179 3166 πρὸς

165 3185 251 3268 ὑμᾶς
277 3182 310 3262 ἐξ
338 3183 454 3270 ἀρχῆς,
481 3180 530 3249 ὅσ’
558 3183 669 3268 ἀγαθά
700 3187 903 3261 πεπονθότες
930 3181 986 3250 ὑπ’
1013 3184 1096 3270 ἐμοῦ
1123 3175 1177 3251 οἷά

166 3313 206 3375 με
229 3288 439 3377 εἰργασμένοι
461 3290 562 3373 εἰσίν,
589 3284 627 3355 εὖ
651 3285 715 3356 οἶδ’
742 3290 792 3376 δτι
814 3291 907 3374 ὑμεῖς
928 3287 956 3355 τ’
983 3290 1025 3355 άν
1048 3314 1106 3376 μοι
1128 3291 1177 3356 ἐτι

166 3401 293 3480 μᾶλλον
317 3393 515 3479 συγγνώμην
537 3401 638 3480 είγετε
661 3405 721 3462 τοῦ
744 3395 933 3481 ὀργίζεσθαι
956 3394 1079 3478 αὐτοῖς,
1101 3395 1176 3462 τού,

166 3526 244 3578 τους
265 3498 305 3588 τ’Ι
321 3500 563 3578 ἀνοσιωτάτους
585 3500 775 3585 ἀνθρώπων
797 3489 968 3588 ἡγήσασθε
991 3497 1088 3566 εἶναι·
1111 3509 1176 3566 νῦν
