2658 3914
208 149 252 213 94
500 153 594 206 xm.
618 149 924 222 [ΔΗιιοΣοεΝουε]

207 315 330 394 μίωνος
356 313 492 376 πολλοί·
524 311 591 394 ἅμα
617 306 645 374 τ’
672 312 759 387 εἰκός
787 307 855 375 ἐστι
883 313 960 386 τοὺς
987 308 1218 396 ἐγχειροῦντας

208 417 247 480 τὰ
269 416 384 498 ψευδῆ
400 426 597 501 μαρτυρεῖν,
619 413 674 480 καὶ
696 417 757 499 τήν
780 414 963 499 ἀπολογίαν
986 414 1112 493 εὐθέως
1133 411 1217 500 ὑπὲρ

181 520 317 586 ναύτῶν
335 525 483 605 μελετᾶν.
520 520 571 586 ὅτι
586 519 616 586 δ’
635 521 672 587 ἐν
690 522 837 610 τοσούτφ
856 524 944 610 λύγφ
963 520 1114 605 οὐδαμοῦ
1136 521 1218 606 μοίρ-

206 649 307 710 τυρας
324 624 500 712 παρέσχεθ’
523 628 615 711 ύμῖν,
637 627 682 704 ὡς
699 626 721 711 ή
740 626 959 715 διατιθεμένῳ
982 636 1027 715 τῷ
1050 624 1149 714 πατρί
1171 634 1217 713 τῷ

208 731 274 818 ἐμῷ
293 730 490 818 παρεγένετό
507 753 573 798 που
592 733 690 811 αὐτὸς
708 734 830 816 ταύτην
847 734 909 818 τήν
933 734 1111 817 διαθήκην,
1134 729 1213 797 ὥστ’

207 835 331 903 εἰδέναι
362 836 460 905 ταῦθ’
486 837 538 904 ὅτι
570 836 745 925 ἀντίγραφ’
773 836 862 905 ἐστὶν
895 833 943 904 ὧν
969 839 988 906 δ
1015 840 1121 923 πατήρ
1151 862 1217 923 μου

208 942 357 1029 διέθετο,
379 944 400 1028 ή
423 940 582 1030 ἀνοιχθὲν
604 941 672 1011 εἶδε
695 947 733 1011 τὸ
755 956 978 1030 γραμματεῖον
1001 945 1020 1011 ὅ
1042 961 1124 1030 φασι
1147 945 1218 1009 δια-

206 1048 352 1134 θέμενον
379 1050 508 1117 ἐκεῖνον
531 1057 737 1135 καταλιπεῖν,
767 1061 868 1117 ταῦτα
891 1047 1132 1136 συμμέμνησθέ
1151 1074 1218 1134 μοι.

181 1155 291 1222 εάλλδι
323 1157 389 1242 μήν
419 1157 516 1223 ὁπότε
546 1158 794 1242 μεμαρτύρηκεν
824 1155 1000 1244 ἀντίγραφ’
1033 1153 1119 1224 εἶναι
1150 1167 1217 1221 τῶν

208 1263 380 1348 διαθηκῶν
409 1273 476 1329 τῶν
505 1265 684 1340 Πασίωνος
714 1263 754 1328 τά
784 1262 821 1330 ἐν
852 1271 897 1352 τῷ
928 1267 1136 1351 γραμματείῳ
1165 1285 1218 1345 γε-

207 1367 390 1454 γραμμένα,
412 1370 469 1446 τὰς
487 1364 525 1434 δέ
544 1370 707 1453 διαθήκας
729 1371 773 1455 μή
797 1372 863 1456 ἐχει
886 1369 1044 1449 ἐπιδείξαι
1067 1365 1146 1453 μήθ’
1173 1369 1219 1444 ὡς

208 1475 227 1541 ὁ
249 1476 354 1558 πατήρ
373 1471 503 1540 διέθεθ’
524 1473 629 1559 ἡμῶν,
652 1473 734 1559 μήθ’
759 1477 804 1552 ὡς
826 1476 926 1554 αὐτὸς
946 1471 1014 1542 εἶδε
1036 1476 1219 1561 παραγενό-

208 1603 306 1664 μενος
332 1580 433 1656 αὐτὰς
460 1578 694 1665 διατιθεμένου
723 1591 783 1648 τοῦ
805 1585 945 1668 πατρός,
973 1593 1042 1660 πῶς
1064 1581 1106 1647 ού
1127 1601 1217 1666 περι-

208 1697 321 1771 φανῶς
344 1681 441 1763 οὗτος
463 1684 662 1772 ἐξελέγχεται
684 1687 724 1752 τδι
746 1689 854 1772 ψευδή
877 1689 1146 1774 μεμαρτυρηκύς;

180 1809 194 1848 4
274 1793 319 1856 Εί
346 1795 462 1857 τοίνυν
491 1795 675 1878 πρόκλησίν
704 1809 807 1878 φησιν
834 1789 920 1858 εἶναι
946 1789 1001 1858 καὶ
1028 1793 1072 1876 μή
1095 1816 1217 1878 μαρτυ-

208 1902 302 1984 ρίαν,
329 1897 391 1964 ούκ
418 1896 527 1982 ἀληθή
555 1896 652 1982 λέγει.
698 1899 825 1965 ἅπαντα
849 1899 911 1985 γὰρ
935 1899 997 1964 ὅσα
1019 1896 1217 1984 παρέχονται

208 2006 255 2081 είς
277 2007 314 2070 τὸ
334 2005 547 2091 δικαστήριον
564 2006 829 2090 προκαλούμενοι
851 2003 1015 2088 ἀλλήλους
1037 2004 1074 2070 οί
1092 2002 1299 2075 ἀντίδι-ειεο

207 2134 279 2194 κοι,
309 2111 365 2174 διδ
393 2112 573 2195 μαρτυρίας
598 2109 805 2197 παρέχονται.
851 2110 892 2176 οὐ
919 2111 982 2195 γὰρ
1010 2109 1052 2176 ἀν
1075 2107 1213 2195 εἰδείηθ’

207 2216 301 2301 ὑμεῖς
327 2213 384 2281 είτ’
413 2213 502 2281 ἐστὶν
530 2215 640 2300 ἀληθή
668 2223 731 2282 εἴτε
754 2218 861 2300 ψευδή
884 2217 906 2282 δι’
928 2233 1032 2302 φασιν
1061 2214 1219 2305 ἑκάτεροι,

207 2325 239 2387 εί
260 2324 304 2406 μή
327 2345 377 2399 τις
404 2318 559 2398 καὶτοὺς
584 2321 751 2406 μάρτυρας
774 2319 958 2407 παρέχοιτο.
995 2323 1075 2388 ὅταν
1099 2319 1136 2388 δέ
1158 2345 1219 2388 πα-

208 2429 378 2514 ρύσχηται,
388 2429 516 2505 τούτοις
530 2428 740 2504 πιστεύοντες
752 2426 924 2504 ὑποδίκοις
938 2423 1026 2512 οὖσι,
1035 2431 1218 2513 ψηφίζεσθε

208 2533 245 2599 ἐκ
263 2545 329 2599 τῶν
348 2531 535 2620 λεγομένων
552 2531 609 2600 καὶ
626 2529 906 2620 μαρτυρουμένων
929 2533 950 2599 δ
973 2533 1016 2600 ἀν
1032 2535 1112 2618 ύμῖν
1135 2535 1217 2618 δοκῇ

183 2641 319 2704 ιδίκαια
342 2635 437 2704 εἶναι.
478 2641 641 2725 βούλομαι
663 2642 779 2706 τοίνυν
802 2636 940 2724 καλιήν
963 2642 1146 2725 μαρτυρίαν
1168 2636 1218 2716 ἐξ·

208 2743 348 2828 ελέγξαι,
371 2746 421 2810 ὅτι
445 2745 486 2810 ού
504 2748 684 2831 πρόκλησίς
702 2743 783 2829 ἐστι,
804 2742 860 2810 καὶ
883 2746 928 2822 ὡς
950 2747 1017 2810 έδει
1040 2755 1218 2829 μαρτυρεῖν

209 2852 348 2935 αὐτούς,
370 2857 461 2937 εἴπερ
485 2849 632 2935 ἐγίγνετο
655 2851 676 2935 ή
698 2853 889 2936 πρόκλησις,
911 2851 955 2928 ὡς
977 2850 1039 2916 ούκ
1061 2848 1218 2933 ἐγίγνετο.

210 2957 430 3043 ’μαρτυροῦσι
458 2969 612 3044 παρεῖναι
641 2960 724 3044 πρὸς
750 2965 795 3045 τῷ
824 2959 973 3042 διαιτητῇ
1006 2960 1135 3044 Τεισίᾳ,
1164 2957 1218 3022 ὅτε

208 3063 426 3152 προύιιαλεῐτο
443 3068 601 3151 Φορμίων
620 3062 872 3149 Ἀπολλόδωρον
891 3062 1038 3146 ἀνοίγειν
1060 3065 1097 3129 τὸ
1115 3086 1218 3150 γραμ-

209 3181 356 3257 ματείου,
374 3167 392 3234 ὃ
410 3181 565 3257 παρεῖχεν
579 3166 717 3254 Ἀμφίας
735 3169 754 3235 ὁ
771 3172 1032 3254 Κηφισοφῶντος
1049 3171 1219 3256 κηδεστής,

207 3273 511 3361 Ἀπολλύδυρονδ
540 3274 601 3341 οὐκ
625 3273 754 3340 ἐθέλειν
778 3273 947 3358 ἀνοίγειν.’
984 3274 1070 3342 οὕτω
1093 3273 1154 3363 μδν
1177 3277 1219 3344 ἀν

210 3391 452 3466 μαρτυροῦντες
471 3381 611 3448 ἐδόκουν
629 3380 739 3465 ἀληθή
757 3392 948 3467 μαρτυρεῖν·
972 3381 1159 3470 ἀντίγραφα
1182 3387 1220 3450 δὲ

211 3498 277 3552 τῶν
305 3489 477 3572 διαθηκῶν
503 3498 569 3553 τῶν
598 3490 775 3564 Πασίωνος
801 3499 980 3573 μαρτυρεῖν
1007 3485 1093 3558 εἶναι
1119 3491 1160 3557 τά
1182 3491 1220 3558 έν
