2654 3926
584 898 668 966 XLL

193 1056 334 1133 ΠΡΟΣ
360 1055 629 1133 ΣΠΟΤΔΙΑΝ
654 1057 796 1133 ΤΠΕΡ
821 1055 1068 1134 ΠΡΟΙΚΟΣ.

528 1245 729 1299 ΤΠΟΘΕΣΙΣ,

189 1376 389 1456 Πολύευκτος,
412 1373 489 1456 ἀνὴρ
508 1371 681 1455 Ἀθηναῖος,
704 1374 760 1437 δύο
783 1372 958 1457 θυγατέρων
977 1372 1074 1456 πατὴρ
1091 1376 1132 1457 γί-
1144 1383 1211 1436 102⁷

117 1495 217 1552 νεται,
246 1466 289 1535 ὧν
315 1473 371 1553 τὴν
394 1471 448 1554 μέν
475 1469 620 1553 νεωτέραν
646 1472 813 1553 Λεωκράτει
834 1473 977 1554 πρότερον
1000 1473 1133 1554 δίδωσιν,

118 1563 183 1632 εἶτα
205 1572 360 1656 Σπουδίᾳ,
382 1569 438 1649 τὴν
459 1567 660 1650 πρεσβυτέραν
687 1567 720 1631 δέ
741 1574 781 1656 τῷ
803 1569 878 1651 πρὸς
899 1569 951 1632 τὸν
973 1570 1133 1632 Σπουδίαν

119 1666 313 1754 δικαζομένη).
351 1666 367 1730 δ
395 1664 450 1747 μέν
472 1658 529 1729 σύν
551 1667 742 1741 Πολύευκτος
764 1666 929 1746 ἐτελεύτησε
951 1673 1014 1741 ταῖς
1036 1673 1133 1748 θυγα-

118 1765 206 1844 τράσι
227 1762 397 1827 καταλιπὼν
415 1763 467 1826 τὸν
484 1767 594 1843 κλῆρον
613 1761 642 1836 έξ
661 1763 738 1842 ἴσον,
761 1761 777 1826 δ
801 1763 834 1826 δὲ
856 1763 910 1843 την
932 1762 1133 1845 πρεσβυτέραν

118 1861 219 1943 γήμας
247 1861 320 1940 φησί
348 1861 556 1941 τετταράκοντα
583 1870 658 1939 μνῖις
685 1859 910 1944 ὁμολογηθῆναι
937 1861 991 1940 την
1013 1869 1133 1944 προῖκα,

120 1957 159 2020 ού
183 1957 245 2037 μὴν
268 1958 340 2038 ὅλην
363 1958 458 2032 εύθύς
481 1959 622 2038 δοθῆναι,
646 1957 718 2019 ἀλλὰ
741 1957 812 2020 δέκα
835 1967 918 2040 μνῶν
940 1957 1133 2037 ὑπολειφθει-

121 2066 198 2136 σῶν,
226 2056 321 2130 ζῶντά
342 2050 381 2118 ’θ’
407 2053 560 2136 ὁμολογεῖν
587 2053 638 2116 τὸν
661 2056 853 2119 Πολύευκτον
880 2053 1009 2134 ὀφείλειν
1032 2056 1133 2134 αὐτάς,

119 2152 171 2214 καλ
198 2151 240 2226 ὥς
267 2151 364 2231 ἔμελλε
390 2157 540 2230 τελευτᾶν,
567 2150 622 2230 τήν
650 2152 748 2215 οἰκίαν
774 2162 826 2234 τῆς
852 2151 942 2233 άλλης
965 2150 1067 2226 οὐσίας
1089 2151 1133 2226 έξ-

120 2257 212 2331 ελεῖν,
241 2249 292 2312 καλ
314 2248 423 2328 ταύτην
445 2249 488 2321 εἰς
514 2247 546 2309 τδ
575 2248 659 2329 χρέος
683 2251 799 2312 δοῦναι.
834 2248 851 2312 δ
875 2249 907 2312 δὲ
927 2247 1132 2331 [Λεωκράτης]

120 2348 205 2423 άξιοῖ
227 2345 279 2408 καί
305 2346 415 2426 ταύτην
442 2339 517 2406 εἶναι
544 2344 658 2424 κοινὴν·
677 2345 774 2427 ὥσπερ
801 2345 851 2408 καί
877 2345 912 2408 τά
935 2343 1008 2406 άλλα
1029 2346 1134 2410 πάντα.

120 2448 171 2506 καί
193 2443 226 2505 τδ
246 2442 381 2525 μέγιστον
399 2450 458 2503 τῶν
476 2440 748 2524 ἀμφισβητημάτων
766 2453 825 2506 τῶν
847 2443 879 2505 έν
897 2447 937 2529 τῷ
954 2443 1031 2531 λόγφ
1053 2439 1131 2506 τοῦτ’

95 2541 189 2604 τέστι.
227 2544 424 2621 προσεγκαλεῖ
441 2536 473 2599 δέ
494 2543 535 2624 τῷ
552 2541 693 2625 Σπουδίᾳ
715 2539 764 2602 καί
786 2538 881 2622 ἕτερα·
906 2539 979 2621 φησί
1001 2539 1057 2622 γάρ
1080 2539 1134 2602 αύ-

120 2638 173 2701 τδν
202 2636 254 2699 καί
283 2645 336 2700 τοι)
365 2636 557 2698 Πολυεύκτου
586 2637 635 2700 καί
669 2646 721 2718 τῆς
749 2636 947 2720 πρεσβυτέρας
978 2633 1134 2715 ὀφείλοντα

122 2735 257 2817 χρήματα
285 2732 326 2813 μη
355 2734 530 2814 καταβαλεῖν
559 2734 602 2808 είς
629 2733 662 2796 τδ
689 2733 795 2815 μέσον,
824 2733 893 2797 δέον
919 2743 1005 2797 τοῦτο
1027 2740 1134 2810 ποιεῖν.

121 2841 175 2895 τοῦ
195 2830 229 2895 δέ
242 2832 400 2893 Σπουδίου
418 2829 537 2893 κάκεῖνο
556 2829 701 2913 λέγοντος,
720 2829 760 2906 ὡς
780 2831 867 2906 αὐτὸς
884 2831 1039 2912 τριάκοντα
1057 2840 1133 2910 μνᾶς

122 2925 222 3011 προῖκ’
248 2929 361 3008 είληφε,
384 2928 506 3008 μάλιστα
524 2925 578 3006 μέν
597 2927 703 3002 έξεῖναι
720 2928 760 3016 τῷ
779 2930 958 3014 Πολυεύκτῳ
982 2929 1084 3007 φησίν,
1108 2929 1135 2990 εί

121 3037 156 3113 τῇ
180 3025 264 3113 ἕτέρηι
286 3036 345 3090 τῶν
362 3025 536 3109 θυγατέρων
554 3023 690 3105 ἐβούλετο
711 3027 801 3088 πλείω
823 3033 932 3106 προῖκα
954 3027 1061 3088 δοῦναι
1082 3024 1134 3088 καί

123 3126 163 3206 μὴ
194 3124 249 3204 τὴν
279 3124 347 3204 ἴσην
377 3122 570 3203 ἀμφοτέραις,
601 3121 699 3185 ἔπειτα
728 3119 756 3184 δ’
788 3122 986 3186 έπιδείκνυσιν
1016 3119 1056 3196 ὡς
1083 3121 1132 3184 καί

123 3231 209 3286 τοῦτο
227 3222 384 3295 Σπουδίας
404 3221 559 3298 ψεύδεται·
581 3219 632 3294 τὰς
654 3219 781 3302 μὲνγὰρ
804 3221 959 3301 τριάκοντα
981 3229 1055 3299 μνᾶς
1078 3218 1133 3281 αύ-

123 3320 174 3382 τὸν
202 3319 235 3381 έν
261 3318 381 3405 άργύρφ
409 3317 483 3397 φησί
509 3319 625 3398 λαβεῖν,
652 3315 703 3390 τάς
731 3314 763 3377 δέ
792 3313 851 3378 δέκ’
877 3316 910 3378 έν
937 3317 1061 3395 ἱματίοις
1083 3315 1133 3376 καί

124 3418 263 3500 χρυσίοις,
284 3414 307 3482 δ
328 3414 378 3478 καλ
400 3417 535 3490 πλείονος
556 3411 577 3494 ἢ
600 3411 670 3475 δέκα
693 3422 776 3493 μνῶν
799 3408 875 3477 εἶναι
897 3411 974 3489 άξια.

521 3552 733 3564 ——-—

177 3650 301 3692 οιιομα
328 3650 380 3692 τοι.
393 3650 437 3692 111
955 3636 970 3681 1
