2650 3918
192 171 258 236 292
487 174 575 228 m
598 170 904 242 [Δευοεοευονε]

193 333 255 400 λόν
278 358 335 418 μοι
354 334 554 418 συγγνώμην
572 335 664 419 έχητε
683 331 893 423 ἀμυνομένῳ,
915 328 971 398 καὶ
993 332 1038 409 ώς
1060 331 1108 407 είς
1130 331 1213 408 τοῦς

195 438 353 525 ἐσχάτους
380 439 561 516 κινδύνους
587 436 787 523 κατέστημεν
813 440 893 524 περί
915 459 950 503 τε
972 445 1030 520 τής
1051 437 1212 522 πατρίδος

193 542 249 610 καὶ
271 542 347 629 περὶ
370 543 515 630 ἀτιμίας..

167 667 180 706 ²
266 647 509 736 Ψηφισαμέννυ
526 652 590 735 γδιρ
608 658 669 717 τοῦ
692 652 801 735 δήμου
822 659 883 716 τοῦ
901 646 1092 733 Ἀθηναίων
1110 644 1212 731 Ἀθη-

193 767 291 823 νατον
323 751 410 822 εἶναι
432 759 594 823 Πασίωνα
624 752 680 821 καὶ
709 754 868 839 ἐκγόνους
894 756 972 832 τοὺς
998 752 1130 821 ἐκείνου
1153 754 1211 819 διδ

192 862 252 939 τάς
277 862 466 947 εὐεργεσίας
494 863 553 940 τὰς
578 864 626 940 είς
652 862 716 946 τήν
737 864 855 944 πόλιν,
884 861 1090 945 ὁμογνώμων
1112 858 1168 926 καὶ
1191 861 1210 928 δ
1310 947 1311 952 ¹

192 968 299 1054 πατήρ
322 967 452 1051 ἐγένετο
476 968 494 1036 δ
518 967 595 1054 έμδς
616 977 656 1055 τή
678 976 740 1034 τοῦ
763 969 871 1052 δήμου
894 968 1028 1054 δωρειᾷ,
1049 964 1106 1033 καὶ
1128 968 1210 1033 ἔδω·
1310 993 1311 998 ’

192 1097 252 1140 κεν
280 1072 520 1165 Ἀπολλοδώρῳ
547 1083 592 1163 τῷ
625 1074 695 1140 υίει
719 1082 764 1161 τῳ
795 1071 924 1139 ἐκείνου
951 1070 1120 1158 θυγατέρα
1148 1068 1210 1157 μέν

191 1181 318 1269 αὑτοῦ,
331 1180 480 1274 ἀδελῳήν
500 1176 537 1246 δέ
556 1179 649 1265 έμήν,
672 1178 705 1259 ἐξ
726 1174 766 1263 ής
784 1175 1024 1268 Ἀπολλοδώρῳ
1044 1179 1081 1246 οἱ
1095 1176 1211 1256 παῖδές

192 1289 288 1368 είσιν.
325 1289 422 1370 ὄντος
453 1283 490 1352 δέ
521 1295 665 1373 χρηστοῦ
697 1294 757 1352 τοῦ
785 1279 1036 1370 ’Λπολλοδώρου
1067 1288 1147 1369 περί
1174 1307 1210 1350 τε

189 1393 254 1478 τήν
286 1392 435 1480 ἀδελφήν
470 1393 532 1478 τήν
562 1392 645 1477 ἐμήν
676 1389 732 1459 καὶ
764 1389 840 1477 περὶ
860 1391 946 1476 ήμᾶς
968 1391 1128 1475 ἅπαντας,
1153 1388 1210 1457 καὶ

192 1483 381 1584 ἡγουμένου
408 1507 448 1586 πή
477 1497 618 1587 ἀληθείη
645 1498 788 1575 οἰκείους
811 1499 909 1576 ὄντας
930 1509 1105 1564 κοινωνεῖν
1127 1496 1210 1563 πών-

101 1648 104 1653 -
192 1628 260 1669 των
289 1615 357 1670 τών
387 1607 514 1690 όντων,
549 1606 671 1689 ἔλαβον
706 1601 762 1670 καὶ
793 1603 856 1689 ἐγώ
886 1614 1028 1688 γυναῖκα
1053 1599 1210 1670 Ἀπολλο-

166 1710 306 1796 ιδώρου
329 1706 391 1795 μέν
412 1707 592 1797 θυγατέρα,
615 1708 799 1796 ἀδελφιδῆν
823 1706 854 1776 δ’
881 1709 1034 1794 έμαυτοῦ.
1068 1713 1209 1794 προελη-
1220 1725 1283 1775 1346

193 1818 337 1892 λυθότος
359 1811 398 1882 δέ
419 1819 543 1903 χρόνον
574 1815 731 1902 λαγχάνει
753 1817 929 1900 βουλεύειν
946 1812 1209 1899 Ἀπολλόδωρος·
1310 1861 1311 1902 χ

193 1919 409 2006 δοκιμασθεὶς
431 1918 469 1988 δέ
495 1919 551 1988 καὶ
578 1920 702 2006 ὀμόσας
730 1923 789 1988 τὸν
811 1925 955 2006 νόμιμον
978 1920 1098 2006 ὅρκον,
1128 1937 1209 2005 συμ-
1310 1903 1311 1931 ¹

193 2026 314 2111 βάντος
335 2036 376 2113 πή
398 2029 493 2093 πόλει
521 2037 642 2111 καιροῦ
668 2027 822 2095 τοιούτου
849 2025 905 2093 καὶ
926 2024 1092 2111 πολέμου,
1121 2025 1159 2092 έν
1181 2019 1208 2115 ᾧ

192 2127 236 2217 ήν
258 2133 279 2217 ή
302 2135 505 2218 κρατήσασιν
527 2133 609 2218 ὑμίν
636 2136 802 2219 μεγίστοις
828 2145 896 2200 τῶν
914 2129 1084 2218 Ἑλλήνων
1111 2127 1208 2218 εἶναι,

192 2236 249 2304 καὶ
272 2238 569 2326 ἀναμφισβητήτως
590 2239 631 2306 τά
656 2262 691 2305 τε
719 2236 859 2326 ὑμέτερα
882 2237 992 2304 αὐτῶν
1012 2241 1209 2323 κεκομίσθαι

192 2342 262 2410 καλ
286 2343 630 2431 καταπεπολεμηκέναι
668 2349 852 2432 Φίλιππον,
888 2345 910 2430 ή
938 2345 1139 2429 ὑστερήσασι
1169 2354 1207 2431 τη
1308 2361 1309 2370 ’

193 2453 337 2539 βοηθείᾳ
358 2449 414 2517 καὶ
443 2449 639 2538 προεμένοις
660 2453 740 2529 τοὺς
761 2451 969 2538 συμμάχους,
985 2446 1041 2517 ’δι’
1066 2449 1209 2537 ἀπορίαν

195 2556 371 2643 χρημάτων
393 2555 638 2634 καταλυθέντος
666 2566 727 2624 τοῦ
751 2552 991 2643 στρατοπέδου,
1017 2557 1156 2634 τούτους
1177 2552 1204 2622 τ’

194 2660 366 2746 ἀπολέσαι,
387 2661 444 2728 καὶ
465 2673 535 2741 τοϊς
556 2664 670 2741 ἀλλοις
682 2660 842 2746 Ἕλλησιν
865 2661 1023 2740 ἀπίστους
1044 2657 1131 2729 εἶναι
1153 2663 1210 2729 δο-

193 2777 284 2851 κελν,
314 2765 371 2834 καὶ
399 2768 610 2836 κινδυνεύειν
637 2765 806 2853 περὶτῶν
833 2767 1046 2852 ὑπολοίπων,
1072 2775 1150 2854 περί
1174 2791 1209 2834 τε

166 2873 337 2957 ιΛήμνου
359 2870 415 2938 καὶ
430 2871 568 2961 Ἴμβρον
589 2871 645 2942 καλ
667 2874 805 2959 Σκύρου
827 2871 882 2939 καὶ
906 2874 1132 2960 Χερρονήσου,
1153 2873 1210 2940 καὶ

194 2982 385 3065 μελλόντων
417 2981 657 3066 στρατεύεσθαι
685 2979 781 3064 ὑμῶν
810 2977 977 3064 πανδημεὶ
1004 2985 1054 3058 είς
1076 3001 1115 3046 τε
1142 2981 1210 3054 Εὕ-

194 3088 292 3170 βοιαν
324 3082 380 3151 καὶ
405 3075 601 3171 Ὄλυνθον,
624 3087 747 3171 ἔγραψε
779 3085 932 3169 ψήφισμα
964 3083 1001 3150 έν
1032 3093 1072 3170 τή
1104 3088 1209 3170 βουλή

191 3190 441 3277 Ἀπολλόδωρος
463 3190 636 3274 βουλεύων
657 3187 713 3256 καλ
735 3188 888 3274 ἐξήνεγκε
905 3190 1140 3276 προβούλευμα
1162 3192 1211 3268 είς

194 3297 255 3364 τδν
277 3298 397 3380 δῆμον,
420 3293 519 3380 λέγον
537 3297 824 3383 διαχειροτονῆσαι
845 3296 905 3362 τὸν
924 3296 1042 3381 δήμου,
1064 3303 1130 3363 εἴτε
1153 3299 1209 3363 δο·

195 3413 248 3467 κει
267 3401 308 3467 τά
333 3404 493 3486 περιόντα
518 3402 667 3488 χρήματα
694 3409 752 3486 τής
778 3401 972 3486 διοικήσεως
994 3403 1210 3497 στρατιωτικὰ

195 3501 281 3572 εἶναι
302 3512 368 3574 είτε
391 3507 539 3593 θεωρικά
546 3553 557 3591 ,
578 3510 784 3575 κελευόντων
806 3503 869 3593 μὲν
890 3519 958 3574 τών
980 3510 1106 3593 νόμων,
1129 3509 1209 3575 ὅταν
