2658 3914
394 183 491 235 ΚΑΤΑ
509 183 817 240 ΟΛΤΜΠΙΟΔΩΡΟΤ.
1045 179 1108 246 143

93 345 355 427 βονλευόμενος;
389 344 445 409 ἵνα
473 339 510 410 δὲ
537 345 581 428 μὴ
609 344 720 430 φάσκῃ
748 338 773 408 ώ
802 345 919 430 ἄνδρες
948 342 1111 426 δικασταί,

95 447 152 514 ἐπὶ
180 450 320 535 διαβολῇ
347 459 449 516 ταῦτα
477 447 585 533 λέγειν
613 472 652 533 με
680 458 741 516 τοῦ
768 447 896 533 ἀγῶνος
918 449 1014 515 ἕνεκα
1035 472 1111 515 του-

95 557 184 639 τουί,
203 557 388 641 μαρτυρίαν
405 554 486 639 ὑμίν
509 554 736 639 ἀναγνώσεται
754 566 821 620 τῶν
839 556 960 622 τούτου
980 557 1111 622 οἰκείων

97 659 155 725 καὶ
178 659 274 744 ἐμῶν.

506 783 696 837 ΜΑΡΓΤΡΙΑ.

53 924 83 966 ετ
163 903 438 991 ’Ὀλυμπιόδωρος
464 903 526 991 μὲν
554 905 669 972 οὑτοσὶ
695 910 845 983 τοιοῦτός
867 905 957 972 ἐστιν
980 907 1111 991 ἅνθρω-

97 1035 171 1098 πος,
199 1013 239 1079 οὐ
266 1015 372 1097 μόνον
400 1014 529 1097 ίίδικος,
561 1011 646 1078 ἀλλὰ
677 1011 733 1078 καί
764 1003 970 1098 μελαγχολᾶν
1002 1014 1110 1080 δοκῶν

97 1121 201 1186 ἅπασι
223 1130 292 1196 τοῖς
315 1120 449 1195 οἰκείοις
477 1115 534 1184 καί
560 1129 630 1196 τοῖς
655 1120 836 1203 γνωρίμοις
861 1126 901 1202 τῇ
924 1117 1112 1203 προαιρέσει

96 1235 161 1294 τοῦ
189 1227 283 1310 βίον,
316 1222 372 1290 καὶ
402 1225 482 1310 ὅπερ
511 1228 632 1291 Σόλων
659 1226 678 1292 δ
706 1222 892 1308 νομοθέτης
920 1222 1024 1308 λέγει,
1051 1246 1112 1290 πα-

97 1342 279 1419 ραφρονῶν
314 1331 359 1408 ώς
391 1329 503 1408 οὐδεὶς
534 1332 665 1396 πώποτε
697 1332 949 1416 παρεφρόνησεν
980 1329 1112 1414 ἀνθρώ-

97 1461 190 1522 πων,
212 1435 345 1521 γυναικί
366 1440 568 1522 πειθόμενος
589 1440 705 1524 πόρνη.
745 1434 800 1502 καὶ
823 1436 929 1520 ἄκυρά
950 1458 988 1521 γε
1010 1445 1112 1502 ταῦτα

97 1546 207 1612 πάντα
234 1542 477 1628 ἐνομοθέτησεν
511 1538 598 1609 εἶναι
626 1543 644 1610 ὁ
667 1546 805 1627 Σόλων,
832 1540 881 1606 ὅσ
909 1543 951 1608 δίν
976 1566 1027 1620 τις
1053 1566 1111 1626 γυ-

52 1667 81 1706 57
97 1648 191 1717 ναικὶ
213 1653 411 1735 πειθόμενος
432 1649 572 1737 πράττη,
594 1649 702 1726 ἄλλος
719 1671 755 1714 τε
773 1646 829 1714 καί
850 1649 995 1734 τοιαύτη.
1035 1645 1111 1733 περὶ
1152 1673 1156 1686 ·

98 1753 162 1842 μὲν
190 1750 251 1821 οὖν
278 1756 405 1822 τούτων
433 1759 540 1832 καλῶς
562 1755 581 1821 δ
604 1753 790 1840 νομοθέτης
817 1753 1019 1839 ἐπεμελήθη,
1046 1753 1110 1838 ἐγὼ

99 1859 131 1928 δ·
157 1861 251 1946 ὑμῶν
274 1861 405 1947 δέομαι,
433 1860 488 1927 καί
516 1861 556 1927 οὐ
585 1865 690 1950 μόνον
713 1861 795 1944 ἐγώ,
822 1859 905 1926 ἀλλὰ
927 1858 983 1926 καὶ
1004 1861 1026 1945 ἡ
1050 1860 1110 1946 ἐμη

98 1971 203 2053 γυνη,
229 1964 500 2053 Ὀλυμπιοδώρου
529 1964 567 2033 δὲ
589 1965 725 2033 τουτουί
753 1965 899 2052 ἀδελφή,
927 1963 983 2031 καὶ
1005 1966 1025 2050 ἡ
1048 1973 1111 2032 θυ-

98 2075 203 2159 γοίτηρ
232 2073 253 2156 ἡ
287 2072 366 2157 ἐμή,
392 2070 664 2157 Ὀλυμπιοδώρου
699 2068 737 2138 δὲ
769 2068 904 2138 τουτουὶ
938 2069 1111 2156 ἀδελφιδῆ,

99 2179 290 2262 ἱκετεύομεν
311 2178 396 2261 ὑμᾶς
423 2176 478 2243 καὶ
508 2177 749 2262 ἀντιβολοῦμεν
771 2172 797 2242 ώ
820 2179 939 2261 ἄνδρες
962 2175 1119 2258 δικασταὶ

98 2287 243 2359 ἅπαντες
268 2282 361 2367 ἡμεῖς
392 2280 563 2370 (νομίσατε
591 2284 655 2367 γὰρ
687 2281 814 2359 ἐκείνας
845 2281 968 2347 ἐνθάδε
999 2294 1111 2366 παρεί-

54 2408 83 2450 ιε
97 2387 185 2475 ναι),
213 2388 353 2472 μάλιστα
380 2384 441 2473 μὲν
470 2386 603 2453 τουτονὶ
630 2385 900 2470 Ὀλυμπιόδωρον
928 2397 1038 2452 πείσαι
1066 2389 1110 2472 μη
1146 2373 1148 2378 ’

98 2495 230 2562 ἀδικεῖν
255 2493 356 2579 ἡμᾶς,
382 2493 441 2559 ἐὰν
469 2491 500 2558 δ’
527 2495 590 2581 ἄρα
618 2493 662 2578 μη
689 2490 773 2579 θέλη
800 2496 995 2577 πείθεσθαι,
1026 2492 1111 2578 ὑμᾶς

99 2599 329 2687 μεμνημένους
357 2597 513 2666 ἁπάντων
545 2610 612 2665 τῶν
639 2596 837 2685 εἰρημένων,
868 2600 1109 2684 ψηφίζεσθαιό

99 2731 132 2773 τι
163 2707 206 2773 διν
237 2706 317 2792 ὑμίν
354 2708 436 2793 δοκῇ
473 2704 646 2791 βέλτιστον
681 2701 737 2771 καὶ
773 2706 980 2772 δικαιότατον
1015 2701 1109 2772 εἶναι.

100 2811 156 2878 καί
185 2822 288 2878 ταῦτα
317 2822 491 2890 ποιοῦντες
519 2813 560 2878 τοί
587 2835 622 2877 τε
653 2813 763 2878 δίκαια
791 2812 962 2895 γνώσεσθε
988 2810 1109 2878 καὶτὰ

102 2917 314 3005 συμφέροντα
335 2919 416 3004 ἡμῖν
439 2919 577 3004 ἅπασιν,
606 2918 666 3004 οὐχ
693 2918 810 3001 ἥκιστα
832 2914 869 2984 δὲ
889 2912 1110 3004 Ὀλυμπιοδώ-

101 3047 148 3114 ρῳ
171 3025 258 3113 αὐτῷ
283 3027 410 3116 τουτῳί.
