2654 3926
511 93 610 146 ΠΡΟΣ
627 92 810 147 ΑΕΩΧΔΡΗ.
1123 90 1167 156 55

97 269 130 309 1⁹
148 248 194 316 ἐν
218 245 256 316 δέ
278 251 383 340 τούτῳ
405 260 451 340 τῷ
477 260 580 340 καιρςδ
609 254 694 338 ἔχων
721 255 783 338 τὴν
809 261 866 337 τῆς
896 255 1087 336 συγγενείας
1111 260 1169 336 της

146 357 239 442 πρὸς
260 369 428 440 γυναικών
450 361 620 445 πρόφασιν
642 359 842 446 Λεωκράτης
864 360 882 427 ὁ
905 355 1039 427 τουτωιί
1061 357 1167 443 πατὴρ

147 463 392 548 Λεωστράτου,
423 467 564 530 εἰσποιεῖ
593 464 696 531 αὑτὸν
726 467 805 532 υίὸν
836 473 882 552 τῷ
910 461 1083 550 Ἀρχιάδη,
1113 458 1169 529 καί

149 567 371 653 ἐνεβάτευσεν
400 571 448 647 εἰς
479 572 540 654 τὴν
574 569 693 636 οὐσίαν
727 572 773 648 ὡς
800 568 857 637 ὑπ’
891 571 1021 638 ἐκείνου
1051 573 1170 648 ζῶντος

149 675 206 738 έτι
224 675 436 759 εἰσποιηθείς.
469 674 669 761 ἀφικόμενος
687 673 719 742 δ’
737 677 978 762 δΜειδυλίδης
994 675 1170 761 ἠγανάκτει

150 801 191 844 τε
214 787 260 866 τῷ
284 778 492 869 γεγενημένῳ
515 780 570 847 καί
597 773 668 859 οἰος
694 778 738 866 ἦν
762 781 925 861 ἐπεξιέναι
946 793 992 871 τῷ
1015 781 1170 867 Λεωκρά-

151 903 218 950 τει·
241 887 430 952 πειθόντων
458 881 496 950 δέ
523 896 590 952 τῶν
618 888 750 953 οἰκείων
777 886 833 953 καί
861 885 1028 972 δεομένων
1051 886 1109 954 ἐᾶν
1132 884 1170 952 ἐν

152 998 202 1077 τῷ
236 997 316 1080 οἰκω
347 987 435 1059 εἰναι
468 993 527 1058 τὸν
556 992 759 1077 Λεωκράτην
796 994 873 1059 υίὸν
904 995 1092 1078 εἰσποιητὸν
1123 1001 1169 1079 τῷ

150 1094 323 1184 Ἀρχιάδη,
346 1099 577 1184 συνεχώρησεν
596 1098 614 1165 δ
632 1100 853 1183 Μειδυλίδης,
875 1099 936 1184 οὐχ
958 1096 1111 1183 ἡττηθεὶς
1132 1097 1170 1163 ἐν

148 1205 370 1292 δικαστηρίω,
392 1201 476 1269 άλλδ
498 1204 535 1269 τὸ
558 1199 620 1288 μέν
644 1203 724 1270 ὅλον
746 1204 812 1270 ὑπὸ
831 1205 958 1270 τούτων
981 1203 1171 1288 ἀπατηθείς,

113 1327 141 1368 20
156 1311 270 1376 ἔπειτα
292 1307 405 1392 μέντοι
432 1306 488 1374 καὶ
514 1320 583 1386 τοῖς
611 1311 745 1387 οἰκείοις
766 1313 956 1394 πιθόμενος.
992 1305 1047 1374 καί
1069 1308 1088 1373 δ
1111 1304 1172 1391 μὶν

157 1416 369 1498 Μειδυλίδης
385 1424 488 1481 ταῦτα
505 1414 630 1502 πράξας
647 1421 781 1503 τελευτᾷ
800 1419 859 1483 τὸν
877 1419 965 1501 βίον,
988 1415 1006 1482 ὁ
1025 1412 1063 1480 δὲ
1080 1417 1172 1478 Λεω-

157 1521 280 1606 κράτης
302 1515 368 1606 εἶχε
390 1522 452 1605 τὴν
474 1530 535 1586 τοῦ
550 1517 726 1608 Ἀρχιάδου
744 1521 863 1589 οὐσίαν
880 1519 935 1588 καί
958 1520 1173 1605 ἐκληρονόμει

157 1627 266 1693 πολλά
288 1629 343 1710 ἐτη
367 1627 412 1704 ώς
435 1627 483 1692 ὢν
507 1625 636 1692 ἐκείνου
657 1629 731 1704 υίὸς
752 1631 887 1713 ποητός·
910 1626 1003 1712 ἡμεῖς
1024 1623 1062 1692 δὲ
1083 1627 1246 1712 παρδιοει

159 1735 197 1799 τὸ
215 1735 274 1800 τὸν
291 1733 504 1817 Μειδυλίδην
522 1742 625 1798 ταῦτα
644 1743 855 1821 συγχωρῆσαι
872 1732 1013 1819 ἡσυχίαν
1030 1739 1171 1817 εἰχομευ.

159 1841 269 1928 χρόνῳ
300 1835 332 1904 δ’
358 1838 500 1925 ὕστερον
532 1837 574 1904 οὐ
604 1843 832 1926 πολλῷ-τοϊς
862 1839 926 1925 γάρ
958 1839 1038 1923 μετά
1069 1847 1171 1904 ταῦτα

21 1989 23 2000 =
160 1947 272 2028 λόγοις
288 1946 353 2029 ἤδη
373 1946 504 2031 σφόδρα
522 1947 580 2014 τὸν
599 1954 684 2011 νοῦν
701 1944 875 2032 προσέχετε
894 1941 920 2011 ὦ
938 1945 1058 2030 άνδρες
1081 1944 1165 2008 δικαν

120 2069 145 2109 21
161 2054 246 2116 σταί·
281 2050 299 2116 δ
331 2051 395 2136 γάρ
426 2050 624 2136 Λεωκράτης
655 2051 674 2117 ὁ
710 2052 883 2135 εἰσποητὸς
917 2053 1094 2134 γενόμενος
1125 2057 1169 2136 τῷ

18 2167 20 2188 '
156 2153 329 2241 Ἀρχιάδη,
371 2154 596 2237 ἐγκαταλιπών
632 2155 764 2222 τουτονί
799 2158 1018 2241 Λεώστρατον
1054 2153 1090 2220 ἐν
1125 2161 1171 2243 τῷ

162 2267 244 2348 οἰκρι
266 2260 344 2324 υἰὸν
366 2261 522 2342 γνήσιον,
549 2259 737 2343 ἐπανῆλθεν
763 2260 863 2336 αὐτὸς
889 2262 937 2337 εἰς
962 2262 1041 2336 τοὺς
1062 2256 1172 2325 Ἐλευ-

162 2369 307 2449 σινίους,
336 2364 418 2430 ὅθεν
445 2359 488 2447 ἦν
510 2365 548 2430 τὸ
572 2362 605 2442 ἐξ
629 2364 737 2450 ἀρχῆς.
778 2363 833 2431 καί
856 2362 928 2432 οὐδ’
956 2363 1089 2432 ἐνταῦθ’
1115 2366 1172 2433 οὐ·

162 2470 251 2538 δέπω
279 2470 372 2555 ἡμεῖς
398 2465 501 2536 οὐδὲν
526 2480 593 2535 τών
622 2472 848 2556 [πραγμάτων]
871 2469 946 2558 περί
968 2473 1027 2538 τὸν
1048 2477 1172 2557 κλῆρον

124 2597 149 2637 ει
163 2578 350 2663 ἐκινοῦμεν,
373 2572 447 2642 ἀλλ’
475 2574 634 2660 ἐμένομεν
662 2574 807 2643 ἐπὶτῶν
829 2577 948 2644 αὐτῶν.
983 2578 1083 2644 πάλιν
1104 2583 1171 2645 τοί-

162 2708 225 2750 νυν
243 2685 459 2770 Λεώστρατος
477 2683 576 2759 αώτὸς
598 2681 725 2767 οὑτοσί,
747 2685 931 2768 εἰσποιητὸς
953 2684 1000 2750 ὢν
1022 2686 1095 2762 υἰὸς
1116 2683 1172 2750 καὶ

163 2789 430 2876 ἐγκαταλειφθεὶς
449 2788 550 2878 ἐντῷ
568 2799 630 2856 τοῦ
645 2785 821 2875 Ἀρχιάδου
839 2795 931 2880 οἰκρ,
949 2788 1171 2875 ἐπανέρχεται,

157 2894 270 2982 ’ὥσπερ
292 2895 312 2962 δ
334 2896 440 2980 πατὴρ
464 2894 579 2979 αὐτοῦ,
602 2893 656 2962 ἐπὶ
677 2897 755 2973 τοὺς
774 2893 1014 2979 Ἐλευσινίους,
1037 2895 1170 2979 ἐγκατα-

162 3003 267 3068 λιπὼν
293 3001 370 3066 υἰὸν
397 3003 537 3085 γνήσιον
569 2999 624 3066 καί
657 3001 713 3066 διδι
740 3013 841 3087 τριῶν
869 3001 1029 3086 σωμάτων
1051 3004 1170 3086 κυρίαν

164 3109 222 3192 την
250 3105 282 3186 ἐξ
311 3106 412 3193 ἀρχῆς
438 3110 560 3190 πόησιν
591 3107 680 3193 παρὰ
706 3109 784 3184 τοὺς
809 3110 934 3192 νόμους
959 3109 1170 3192 καταστήσας.

131 3225 230 3290 ειπώς
252 3214 315 3297 γάρ
339 3212 380 3278 οὐ
401 3213 491 3298 παρὰ
514 3215 591 3290 τοὺς
608 3215 743 3297 νόμους,
766 3210 857 3279 ὁπότ’
879 3215 1050 3297 εἰσποητὸς
1071 3213 1171 3292 αὐτὸς

166 3318 209 3384 δν
232 3320 426 3404 εἰσποητοὺς
446 3318 542 3395 υἰοδς
564 3317 803 3402 ἐγκαταλείπων
828 3315 976 3404 ἐπανῄεις
999 3317 1169 3388 καὶτοῦτο

166 3423 360 3492 διατετέλεκε
386 3435 493 3490 ποιῶν
520 3421 614 3510 μέχρι
640 3425 759 3508 ταύτης
786 3432 843 3507 τῆς
868 3422 1005 3509 ἡμέρας,
1032 3423 1087 3490 καί
1115 3426 1170 3490 διδ
