2658 3922
429 189 529 240 ΠΡΟΣ
547 188 810 242 ΝΙΚΟΣΤΡΑΤΟΝ.
1061 186 1126 252 205

111 345 169 414 καὶ
190 348 393 434 φυτευτήρια
421 345 528 414 ἐλαῶν
555 350 774 434 περιστοίχων
800 345 1014 431 κατέκλασεν,
1041 346 1127 414 οὕτω

71 470 98 512 1⁶
113 455 233 534 δεινῶς
255 453 299 530 ὡς
318 449 393 519 οὐδ’
413 451 457 518 ἂν
475 453 512 518 οί
524 450 676 538 πολέμιοι
694 454 853 520 διαθεῖεν.
888 454 971 538 πρὸς
993 447 1031 518 δέ
1052 453 1128 519 τού-

112 582 182 642 τοις
204 555 282 644 μεθ’
306 555 433 644 ήμέραν
460 559 638 646 παιδάριον
666 558 767 625 άστὸν
795 556 1049 644 εἰσπέμψαντες,
1071 557 1127 624 διὰ

112 667 151 732 τὸ
174 663 320 749 γείτονές
340 687 376 730 τε
399 659 485 730 είναι
506 663 563 730 καὶ
589 663 715 752 ὅμορον
742 667 780 732 τὸ
807 668 948 752 χωρίον,
975 662 1127 732 ἐκέλευον

112 771 175 858 τήν
203 769 373 857 ῥοδωνιὰν
400 769 655 854 βλαστάνουσαν
683 769 859 855 ἐκτίλλειν,
885 766 949 855 ἵν’,
974 770 1006 835 εί
1030 793 1128 836 κατα-

112 877 227 962 λαβὼν
258 877 360 944 αὐτὸν
393 875 457 959 ἐγὼ
486 876 570 962 πρὸς
601 877 706 962 ὁρμήν
738 877 875 963 δήσαιμι
902 875 923 960 ἢ
952 873 1127 961 κατάξαιμι

112 982 159 1059 ὡς
176 982 302 1047 δοῦλον
320 983 412 1065 ὄντα,
434 983 569 1066 γραφήν
591 1003 631 1066 με
653 981 837 1066 γράψαιντο
854 977 991 1066 ὕβρεως.
1028 982 1072 1058 ῶς
1089 977 1205 1048 δδιεσε

112 1086 233 1154 τούτου
264 1087 463 1172 διήμαρτον,
493 1085 584 1169 κάγὼ
613 1086 782 1172 μάρτυρας
812 1081 875 1172 μέν
906 1080 954 1150 ὧν
985 1089 1128 1172 ἔπασχον

113 1191 312 1277 ἐποιούμην,
339 1190 438 1269 αὐτὸς
466 1188 498 1257 δ’
531 1186 632 1257 οὐδὲν
663 1189 888 1278 ἐξημάρτανον
919 1191 967 1268 είς
997 1191 1128 1275 αὐτούς,

113 1297 262 1365 ἐνταῦθα
290 1297 333 1381 δή
361 1319 417 1380 μοι
444 1295 699 1383 ἐπιβουλεύουσι
725 1298 787 1381 τήν
813 1298 970 1381 μεγίστην
996 1294 1127 1380 ἐπιβου-

72 1421 98 1462 ιτ
112 1405 190 1488 λήν·
214 1399 477 1487 ἀνακεκριμένου
500 1402 564 1487 γὰρ
591 1403 657 1486 ήδη
680 1425 745 1486 μου
766 1398 836 1468 κατ’
863 1400 966 1468 αὐτοῦ
989 1402 1050 1487 τήν
1072 1411 1130 1487 της

111 1509 370 1592 ψευδοκλητείας
397 1509 529 1594 γραφήν
561 1504 617 1573 καλ
650 1503 828 1592 μέλλοντος
854 1505 991 1574 εἰσιέναι
1016 1508 1065 1585 είς
1089 1509 1128 1575 τὸ

114 1616 346 1701 δικαστήριον,
381 1614 527 1699 τηρήσας
557 1635 597 1698 με
629 1611 766 1678 ἀνιόντα
801 1611 838 1679 ἐκ
868 1619 1036 1701 Πειραιῶς
1066 1610 1128 1693 ὀψὲ

112 1718 190 1805 περὶ
211 1720 269 1798 τὰς
291 1722 501 1805 λιθοτομίας,
526 1721 617 1785 παίει
642 1741 677 1784 τε
705 1717 768 1797 πὺξ
791 1715 847 1785 καὶ
869 1718 1003 1807 ἁρπάζει
1025 1718 1127 1806 μέσον

113 1823 170 1892 καὶ
192 1826 279 1892 ὠθεῖ
298 1848 337 1909 με
360 1827 408 1903 είς
428 1825 487 1902 τὰς
508 1827 718 1910 λιθοτομίας,
744 1825 777 1890 εί
797 1827 842 1910 μή
863 1848 951 1904 τινες
971 1829 1127 1911 προσιόν-

112 1955 177 2016 τες,
199 1933 346 2015 βοῶντός
368 1953 434 2016 μου
456 1929 673 2015 ἀκούσαντες,
699 1927 921 2015 παρεγένοντο
948 1929 1004 1997 καὶ
1031 1930 1127 2017 ἐβοή-

112 2045 235 2122 θησαν.
276 2033 413 2121 ήμέραις
440 2033 471 2101 δ’
497 2035 539 2102 οδ
566 2041 704 2113 πολλαῖς
730 2035 872 2122 ὕστερον
894 2038 1058 2103 είσελθὼν
1080 2039 1128 2114 είς

112 2146 151 2210 τὸ
188 2142 401 2224 δικαστήριον
435 2142 518 2227 πρὸς
551 2139 679 2227 ήμέραν
715 2140 1037 2228 διαμεμετρημένην,
1071 2142 1127 2209 καὶ

115 2243 248 2328 ἐλέγξας
276 2243 377 2309 αὐτὸν
407 2245 447 2310 τὰ
479 2247 587 2329 ψευδή
621 2248 858 2330 κεκλητευκότα
890 2245 947 2312 καὶ
974 2249 1015 2313 τὰ
1043 2249 1127 2314 ἄλλα

73 2372 101 2414 ιε
115 2351 179 2418 ὅσα
201 2355 316 2436 είρηκα
337 2349 527 2434 ήδικηκότα,
549 2341 650 2417 εἷλον.
685 2348 741 2417 καὶ
768 2350 805 2416 έν
831 2361 871 2439 τῇ
897 2355 1027 2438 τιμήσει
1047 2358 1127 2439 βου-

114 2452 266 2542 λομένων
288 2465 355 2521 τῶν
378 2458 541 2522 δικαστῶν
568 2457 719 2523 θανάτου
746 2465 880 2542 τιμῆσαι
908 2458 1013 2550 αὐτῷ,
1036 2458 1127 2545 έδεή·

114 2571 183 2650 θην
197 2562 262 2646 ἐγὼ
275 2571 343 2628 τῶν
357 2562 522 2628 δικαστῶν
538 2557 645 2647 μηδὲν
663 2557 709 2628 δι’
725 2559 807 2647 ἐμοῦ
824 2573 978 2631 τοιοῦτον
994 2564 1126 2654 πρᾶξαι,

115 2668 199 2735 άλλδ
222 2668 437 2754 συνεχώρησα
459 2667 604 2754 ὅσουπερ
633 2665 729 2734 αὐτοὶ
756 2667 929 2756 ἐτιμῶντο,
951 2673 1125 2758 ταλάντου,

115 2774 176 2861 οὐχ
202 2775 259 2840 ἵνα
285 2772 330 2858 μή
358 2771 525 2840 ἀποθάνοι
553 2770 806 2859 δἈρεθούσιος
834 2773 923 2864 (άξια
949 2778 1012 2865 γὰρ
1035 2778 1124 2870 αὐτῷ

114 2880 265 2946 θανάτου
291 2885 444 2964 είρμαστο
474 2879 523 2956 είς
554 2876 647 2967 ἐμέ),
679 2875 752 2946 ἀλλ’
780 2878 826 2946 ἵν’
857 2880 921 2966 ἐγὼ
948 2887 1125 2963 Πασίωνος

116 2985 163 3052 ὢν
180 2982 336 3051 καὶκατὰ
357 2986 511 3070 ψήφισμα
532 2988 669 3070 πολίτης
691 2984 818 3070 μηδένα
837 2985 1023 3073 Ἀθηναίων
1049 2989 1125 3056 άπε-

115 3090 239 3168 κτονῶς
260 3096 342 3176 είηυ.
378 3091 423 3167 ὡς
446 3087 477 3156 δ’
502 3089 612 3176 ἀληθῆ
634 3097 750 3178 είρηκα
771 3093 854 3179 πρὸς
875 3093 975 3180 ὑμᾶς,
997 3095 1125 3162 τούτων

114 3195 196 3281 ὑμῖν
217 3197 295 3275 τοὺς
316 3196 483 3284 μάρτυρας
504 3197 641 3265 πάντων
663 3195 853 3284 παρέξομαι.
