2614 3922
504 873 852 986 ΕΠΙΣΤΟΛΑΙ.

243 1051 329 1108 Οοδᾶ.
345 1050 476 1118 '81⁴'th

447 1144 479 1195 Δ.
507 1143 595 1194 ΠΕΡΙ
612 1143 687 1194 ΤΗΣ
706 1141 906 1196 ΟΜΟΝΟΙΑΣ.

242 1245 358 1317 Dempsi
381 1245 534 1313 cancellos,
559 1244 661 1315 quibus
679 1245 733 1300 Dd.
750 1241 949 1300 Demosthenis
970 1259 1073 1298 nomen
1095 1243 1190 1300 inelu-

172 1328 260 1395 sernt,
280 1343 337 1380 non
355 1341 410 1395 quo
428 1327 558 1394 putarem
576 1323 649 1378 hanc
667 1324 819 1394 epistulam
838 1340 855 1378 s
872 1323 1060 1378 Demosthene
1078 1325 1191 1394 populo

171 1405 237 1460 Aen.
255 1420 286 1458 re
303 1421 370 1459 vera
387 1403 505 1458 missam
523 1419 594 1472 esse,
613 1403 662 1457 sed
680 1403 771 1458 mults
789 1403 838 1456 ille
856 1402 887 1456 in
900 1401 1011 1456 schedis
1025 1401 1191 1472 relinquere

171 1487 290 1553 poteret.
323 1483 401 1537 Idem
420 1481 528 1537 dictum
546 1482 631 1537 velim
650 1482 685 1536 de
699 1481 782 1553 epist.
797 1483 907 1551 quarta.
940 1481 1121 1552 Inscriptioni
1136 1485 1191 1538 ad-

172 1562 307 1632 scriptum
324 1562 355 1615 in
369 1562 399 1617 S:
420 1557 451 1616 όν
470 1561 542 1634 ἄλλῳ
560 1562 626 1632 περὶ
643 1569 831 1632 παρασκευῆς.
847 1562 913 1617 -1
933 1556 1029 1616 ἐλθεῖν
1048 1557 1095 1616 ἐπὶ
1113 1573 1191 1618 νοῦν

172 1658 223 1697 ser.
243 1658 297 1697 see.
316 1657 438 1712 prooem.
457 1645 517 1709 ΚΕ,
534 1647 563 1695 3:
583 1637 630 1696 ἐπὶ
647 1649 716 1696 νοῦν
736 1636 832 1697 ἕόθεῑν
851 1641 915 1711 (br).
936 1672 968 1681 -
987 1640 1005 1695 2
1024 1641 1101 1712 (περὶ
1118 1643 1189 1716 μὲν]

171 1721 236 1791 περὶ
254 1719 286 1775 δὲ
305 1719 344 1791 S.)
370 1752 402 1761 —
428 1721 648 1792 θ(περιμεῑναι]
668 1727 841 1791 παραμεῖναι
857 1738 899 1791 pr.
914 1719 953 1791 S.)
981 1751 1015 1761 -
1043 1720 1190 1794 βοήθειαν

174 1798 231 1869 ἔχει
249 1817 314 1854 sen:
338 1797 395 1870 ἔχει
419 1798 559 1872 βοήθειαν
583 1800 646 1871 (br).
673 1831 706 1841 -
734 1800 786 1855 σὺν
803 1803 884 1862 θεοῖς
901 1798 990 1854 Wolf:
1014 1801 1064 1855 καὶ
1081 1803 1134 1857 σὺν
1154 1807 1189 1858 θ.

173 1878 263 1946 codd.‚
282 1879 318 1941 ὡς
335 1879 386 1933 σὺν
405 1882 436 1933 θ.
456 1878 566 1933 Schaef.
584 1879 637 1935 Dd.
652 1879 703 1950 (h).
726 1911 760 1920 —
784 1876 885 1934 δέονθ’
905 1878 976 1949 ὑπὲρ
994 1896 1059 1935 sen:
1080 1880 1190 1938 δέοντα

173 1958 237 2028 περὶ
256 1959 319 2028 (br).
339 1989 372 1998 -
391 1958 410 2013 4
428 1955 468 2027 (δ’
488 1961 554 2027 post
572 1958 755 2028 ἀπορούντων
773 1974 827 2013 om.
847 1956 914 2029 SQ.)
929 1989 962 1998 —
979 1953 1030 2028 (ὧν
1047 1959 1099 2029 μὲν
1118 1959 1188 2036 οὖν]

172 2046 227 2092 τῶν
246 2036 297 2107 μὲν
317 2034 367 2092 οὖν
386 2036 426 2107 S.)
445 2067 479 2077 -
497 2037 515 2093 5
534 2038 640 2108 (κοινῇ]
659 2057 756 2092 κοινον
777 2055 818 2107 pr.
838 2037 878 2108 S.)
899 2069 934 2078 -
956 2037 1099 2109 προτέραν
1117 2059 1188 2100 sen:

173 2118 308 2187 πρότερον
327 2117 391 2187 (br).
406 2113 525 2186 -μήθ’
545 2113 578 2170 ἓν
597 2115 669 2186 μήθ’
691 2116 783 2180 διπόῶς
801 2133 866 2171 son:
891 2116 961 2186 μηδὲ
977 2115 1011 2172 ἓν
1029 2116 1097 2187 μηδ’
1118 2120 1187 2179 διττὶἡ

173 2196 266 2266 codd„
289 2195 360 2267 μηδὲ
381 2193 415 2251 ἓν
439 2194 502 2250 διπλ.
521 2194 598 2251 Tm.
616 2195 669 2252 Dd.
689 2196 752 2267 (br).
776 2227 810 2237 -
834 2196 853 2250 6
874 2195 1014 2266 (ποιήσειν
1033 2197 1129 2270 SBQ.)
1149 2235 1189 2244 -

173 2270 215 2344 (ἐν
235 2279 300 2331 ante
319 2271 429 2347 ἑκαστῃ,
450 2274 551 2345 μηδενὶ
569 2277 634 2330 ante
653 2274 721 2345 μήτε
739 2294 815 2346 πτκρ,
835 2275 900 2330 add.
918 2275 1016 2347 Wolf.)
1035 2308 1068 2319 -
1089 2280 1105 2334 7
1125 2291 1189 2347 τοῖς

174 2355 363 2425 καθεστηκόσι
386 2373 450 2410 sen:
473 2361 532 2417 τοῖς
555 2354 735 2424 συνεστηκόσι
757 2357 804 2425 (ex
825 2354 988 2418 συνειδότας
1010 2359 1039 2410 et
1057 2375 1189 2431 συναγω-

175 2434 288 2505 νιστδις).
309 2467 341 2476 -
360 2436 409 2490 καὶ
427 2437 562 2490 κίνδυνον
581 2433 641 2500 SQ=
660 2436 802 2489 κίνδυνον.
822 2465 855 2475 -
875 2435 893 2490 8
912 2435 985 2505 φημὶ
1003 2436 1038 2506 δὴ
1058 2437 1187 2498 Schaef.:

174 2534 203 2582 φ.
229 2513 268 2569 δὲ.
289 2545 322 2554 -
344 2514 423 2584 (μήτε
444 2513 525 2569 πόλει
547 2516 613 2568 ante
636 2511 705 2584 μήτε
728 2519 870 2586 στρατηγῷ
895 2514 926 2568 in
948 2515 1029 2572 codd.
1053 2517 1187 2577 additum

176 2593 222 2665 [cf.
239 2594 268 2665 6]
287 2592 341 2648 del.
360 2593 464 2662 Saupp.
482 2593 547 2664 Dd.)
565 2625 601 2635 -
619 2599 684 2660 (τῶν
703 2593 734 2648 δὲ
753 2595 872 2665 κώπαις]
890 2599 928 2666 τῷ
947 2593 979 2649 δὲ
997 2615 1022 2650 κ.
1037 2596 1134 2671 SBQ.)
1149 2634 1186 2644 -

172 2675 191 2728 θ
210 2672 320 2742 ὀλίγους
338 2675 415 2742 (ante
433 2674 545 2743 κομιδῇ)
564 2672 628 2728 add.
648 2689 711 2727 cum
728 2673 761 2726 R.
781 2673 842 2742 (qui
860 2675 925 2728 anne
945 2693 1024 2737 τινας
1042 2677 1128 2750 αδδ).
1147 2714 1187 2724 -

174 2751 210 2822 μὴ
230 2750 374 2823 μέμνησθε
392 2751 438 2807 R.:
457 2749 609 2822 μέμνησθε.
633 2783 666 2794 -
690 2752 728 2807 10
751 2751 822 2822 (ἀλλ’
844 2753 907 2808 οὔτε
924 2753 989 2808 Bk:
1012 2755 1074 2810 ἀλλ’
1094 2761 1186 2834 ουδὲ.)

175 2831 263 2887 -11
288 2833 404 2899 εἴρηται
428 2830 512 2886 Wolf.
539 2862 574 2872 -
602 2831 639 2886 12
662 2839 822 2901 στρατηγῶν
846 2831 901 2887 del.
926 2834 992 2887 mal.
1018 2835 1127 2895 Schaef.
1147 2873 1186 2882 —

174 2909 212 2966 14
229 2910 295 2974 τοός
312 2910 354 2981 τε]
372 2909 437 2973 τοός
454 2929 483 2965 τε
502 2909 538 2979 δὴ
556 2909 659 2980 Sanpp.
675 2909 729 2980 (h);
748 2910 812 2965 fort.
829 2910 894 2974 τοός
911 2909 937 2965 τ’
958 2909 1017 2968 οὖν.
1030 2946 1066 2956 -
1080 2917 1117 2972 15
1137 2917 1186 2974 ἔκ-

174 2993 255 3046 δειαν
270 2989 297 3058 S,
315 3006 384 3044 corr.
398 2989 434 3043 B:
454 2987 574 3044 ἔνδειαν.
603 2989 644 3046 cf.
659 3005 698 3044 or.
710 2989 821 3058 XXXII,
830 2995 873 3044 30.
884 3021 917 3030 -
928 2993 1184 3066 (μεταβουλεύεσθς

175 3068 241 3138 SQ.)
261 3101 296 3111 -
315 3069 353 3124 16
371 3068 431 3137 (τὸν
448 3071 515 3138 post
531 3070 588 3123 Δία
607 3085 660 3124 om.
680 3084 771 3123 errore
789 3068 862 3139 Dd.).

398 3231 429 3282 B.
457 3231 544 3281 ΠΕΡΙ
561 3230 636 3281 ΤΗΣ
653 3230 753 3280 ῙΔΙΑΣ
770 3229 955 3284 ΚΑΘΟΔΟΤ.

245 3335 330 3390 lusor.
337 3333 402 3404 περὶ
410 3341 459 3403 τῆς
469 3331 543 3395 ἰδίας
552 3332 680 3388 καθόδου
689 3331 777 3387 etism
784 3334 869 3389 schol.
876 3333 1094 3404 Hermog.V‚495
1100 3335 1182 3392 W.—

176 3413 320 3470 Caneellos
335 3411 443 3467 nomini
455 3411 651 3467 Demosthenis
666 3412 810 3482 appositos
823 3413 870 3467 hie
883 3414 1053 3468 confidenter
1067 3415 1184 3484 sustuli;

175 3494 244 3549 item
265 3492 297 3546 in
314 3490 395 3561 epist.
414 3491 508 3546 sertia.
527 3520 561 3532 —
580 3490 597 3545 1
616 3489 671 3546 κᾶν
688 3489 786 3561 μέτρια
805 3509 870 3546 sen:
889 3493 938 3547 καὶ
955 3489 1044 3564 μέτρι’
1064 3491 1101 3549 δν
1117 3493 1181 3566 (br).
