2650 3918
489 179 586 230 ΚΑΤΑ
602 179 766 233 ΝΕΑΙΡΑΣ.
1069 175 1135 242 323

125 339 308 420 γενόμενον
337 344 394 420 τῆς
419 339 538 415 νυκτὸς
563 339 649 404 πολὺ
677 335 841 405 ἐκώλυσεν
871 336 992 414 αὐτοῦς
1013 337 1137 415 πάντας

126 443 304 508 εἰσελθεῖν·
337 443 442 527 δγάρ
466 439 612 520 Ἀσωπὸς
642 444 786 527 ποταμὸς
817 441 917 527 μέγας
948 442 1049 528 ἐρρύη
1080 439 1137 508 καλ

73 567 112 606 100
126 548 282 632 διαβῆναι
304 547 346 613 οὐ
369 544 488 634 βοίδιον
509 543 565 633 ἦν,
588 549 696 625 άλλως
716 571 752 613 τε
774 545 830 614 καλ
851 551 983 624 νυκτός·
1007 547 1052 625 ὡς
1074 541 1136 614 οὖν

125 647 218 726 εἶδον
250 655 286 719 oc
314 658 494 731 Πλαταιεῖς
522 657 601 730 τοὺς
624 657 792 738 Θηβαίους
824 652 861 719 ἐν
889 662 928 738 τῇ
957 656 1053 720 πόλει
1081 651 1136 720 καλ

125 761 275 842 ἔγνωσαν
302 758 354 824 ότι
381 759 422 826 οὐ
448 758 568 836 πάντες
593 760 762 846 πάρεισιν,
789 758 990 826 ἐπιτίθενται
1011 756 1067 825 καὶ
1089 761 1136 837 είς

124 865 236 950 μάχην
257 864 413 956 ἐλθόντες
434 875 592 949 κρατοῦσι
619 862 675 932 καλ
703 865 896 950 φθάνουσιν
918 863 1137 942 ἀπολέσαντες

124 971 247 1046 αὐτούς
267 968 348 1058 πρὶν
369 972 447 1046 τοῦς
469 969 590 1047 ἀλλους
611 974 880 1057 προσβοηθῆσαι,
908 967 963 1035 καλ
987 971 1031 1047 ὡς
1052 972 1136 1056 ὑμᾶς

123 1074 311 1161 πέμπουσιν
329 1077 434 1152 εῦθῦς
450 1076 593 1159 ἄγγελον
610 1081 672 1161 τήν
690 1099 724 1143 τε
747 1076 866 1162 πρᾶξιν
888 1076 1060 1161 φράσοντα
1080 1073 1135 1141 καλ

123 1183 185 1266 την
206 1181 314 1267 μάχην
334 1181 527 1263 δηλώσοντα
545 1179 597 1246 ὅτι
613 1191 742 1264 νικῶσι,
764 1178 820 1246 καλ
842 1184 983 1267 βοηθεῖν
1005 1178 1137 1258 ἀξιοῦν-

124 1309 187 1371 τες,
210 1285 252 1352 άν
275 1287 312 1352 οἱ
332 1289 475 1370 Θηβαῖοι
496 1287 564 1370 Ιτὴν
590 1287 702 1372 χώραν
725 1286 835 1352 αὐτῶν
858 1287 993 1371 δηῶσιν.
1038 1284 1136 1351 ἀκού-

125 1410 241 1468 σαντες
263 1388 300 1459 δέ
324 1392 361 1458 οί
376 1389 548 1476 Ἀθηναῖοι
570 1394 610 1456 τά
628 1395 799 1476 γεγονότα,
823 1392 878 1457 διά
900 1392 1019 1477 τάχους
1042 1390 1136 1476 ἐβοη-

123 1503 212 1564 θουν
230 1499 277 1574 είς
294 1497 351 1575 τάς
364 1497 546 1575 Πλαταιάς·
568 1493 624 1562 καλ
646 1497 683 1564 ολ
694 1500 834 1581 Θηβαῖοι
857 1497 901 1574 ὡς
924 1495 1037 1584 ἑώρων
1058 1499 1136 1575 τοῦς

120 1599 319 1687 Ἀθηναίους
340 1605 587 1688 βεβοηθηκότας
614 1614 683 1679 τοῖς
704 1607 945 1686 Πλαταιεῦσιν,
971 1602 1135 1688 ἀνεχώρη-

71 1726 109 1766 101
124 1725 187 1773 σαν
210 1705 259 1775 ἐπ’
287 1714 390 1774 οίκου.
432 1707 477 1785 ὡς
499 1701 562 1774 οὖν
584 1705 747 1793 ἀπέτυχον
769 1707 806 1772 σί
826 1711 966 1792 θηβαῖοι
988 1716 1045 1792 τῆς
1058 1713 1135 1793 πεί-

124 1837 184 1898 ρας
204 1810 260 1904 καλ
283 1815 319 1881 οἱ
338 1818 517 1891 Πλαταιεῖς
538 1815 617 1890 τοῦς
639 1813 779 1898 ἀνδρας,
801 1812 860 1889 οῦς
883 1816 1003 1898 ἐλαβον
1026 1814 1135 1882 αὐτῶν

124 1918 161 1985 έν
182 1928 222 2005 τῇ
245 1920 331 2006 μάχη
356 1922 487 2002 ζῶντας,
510 1916 716 2002 ἀπέκτειναν,
739 1917 951 2002 ὀργισθέντες
974 1920 1010 1986 oc
1028 1924 1135 1986 Λακε-

124 2026 293 2109 δαιμόνιοι
307 2024 560 2110 ἀπροφασίστως
572 2025 637 2107 ἤδη
652 2025 888 2109 στρατεύουσιν
903 2023 955 2090 ἐπὶ
973 2026 1030 2102 τάς
1043 2029 1135 2092 Πλα-

123 2130 231 2212 ταιάς,
259 2132 544 2211 Πελοποννησίοις
575 2124 636 2213 μὲν
668 2129 769 2193 ἀπασι
800 2130 888 2212 πλὴν
912 2127 1069 2212 Ἀργείων
1095 2132 1135 2196 τά

125 2236 188 2298 δύο
211 2230 293 2318 μέρη
317 2242 375 2316 τῆς
393 2241 544 2319 στρατιᾶς
562 2231 626 2299 ἀπὸ
645 2244 712 2298 τῶν
734 2237 865 2300 πόλεων
889 2233 1034 2300 ἑκάστων
1056 2234 1133 2320 πέμ-

123 2356 199 2402 πειν
227 2335 452 2421 ἐπιτάξαντες,
481 2340 641 2414 Βοιωτοῖς
668 2334 706 2404 δέ
732 2350 801 2416 τοῖς
823 2340 936 2416 ἀλλοις
958 2340 1059 2405 ἀπασι
1080 2340 1135 2406 καλ

123 2445 270 2528 Λοκροῖς
296 2441 352 2508 καλ
375 2447 540 2517 Φωκεῦσι,
554 2440 610 2508 καλ
631 2447 800 2529 Μηλιεῦσι
827 2441 883 2510 καὶ
907 2447 1053 2522 Οίταίοις
1080 2445 1135 2512 καλ
1199 2459 1208 2482 ·

71 2567 110 2610 ιον
124 2549 262 2618 Αίνιῦσι
280 2545 444 2632 πανδημεὶ
466 2546 715 2631 ἐπαγγείλαντες
738 2551 936 2634 στρατεύειν.
971 2549 1027 2616 καὶ
1044 2572 1134 2637 περι-

124 2656 340 2739 καθεζόμενοι
369 2654 478 2718 αῦτῦν
501 2654 538 2719 τὸ
561 2663 668 2738 τεῖχος
688 2660 793 2742 πολλῇ
817 2657 956 2740 δυνάμει
978 2655 1131 2742 ἐπηγγέλ-

125 2764 234 2844 λοντο,
257 2761 288 2827 εί
309 2760 486 2843 βούλοιντο
504 2758 566 2842 τὴν
583 2754 645 2842 μὲν
662 2763 761 2826 πόλιν
784 2761 895 2838 αὐτοῖς
916 2764 1134 2848 παραδοῦναι,

124 2867 184 2948 τὴν
203 2861 240 2931 δέ
258 2866 370 2952 χώραν
391 2867 479 2951 ἐχειν
496 2862 551 2930 καὶ
568 2871 779 2951 καρποῦσθαι
796 2866 836 2932 τά
854 2867 975 2952 αὑτῶν,
998 2867 1134 2954 ἀφίστα-

125 2977 206 3035 σθαι
229 2967 266 3035 δέ
293 2979 350 3054 τῆς
374 2967 564 3054 Ἀθηναίων
591 2973 783 3056 συμμαχίας.
821 2971 881 3037 οῦκ
904 2971 1134 3057 ἐθελησάντων

126 3071 163 3141 δέ
176 3085 243 3140 τῶν
257 3073 463 3159 Πλαταιέων,
485 3071 557 3139 ἀλλ’
575 3072 848 3159 ἀποκριναμένων
868 3077 917 3142 ότι
936 3079 1016 3144 ἀνευ
1036 3073 1134 3163 Ἀθη-

123 3184 228 3247 ναίων
252 3176 417 3246 οὐδὲν-ἀν
438 3178 614 3266 πράξειαν,
645 3179 861 3266 ἐπολιόρκουν
885 3181 1004 3260 αὐτοὺς
1027 3185 1132 3272 διπλῷ
1144 3204 1211 3254 1⁸80

124 3291 223 3374 τείχει
240 3288 513 3372 περιτειχίσαντες
531 3286 593 3352 δύο
613 3287 680 3370 έτη,
702 3287 826 3364 πολλάς
846 3285 901 3353 καλ
923 3289 1135 3365 παντοδαπάς

74 3409 112 3451 ιω
125 3396 239 3479 πείρας
260 3390 490 3476 προσάγοντες.
526 3388 598 3456 ἐπεὶ
615 3387 646 3456 δ’
669 3389 887 3476 ἀπειρήκεσαν
907 3393 942 3459 οί
957 3397 1134 3471 Πλαταιεῖς

125 3495 180 3564 καλ
209 3497 333 3575 ἐνδεεῖς
360 3491 447 3581 ἦσαν
473 3494 628 3562 ἁπάντων
654 3495 709 3563 καὶ
736 3497 923 3582 ἠποροῦντο
950 3507 1008 3581 τῆς
1030 3513 1133 3581 σωτη-

917 3603 950 3652 21
957 3599 972 3632 *
