2658 3914
216 130 278 196 176
540 133 571 183 L.
600 126 904 200 [εΗαοΣοεαοτΣ]

213 314 282 358 νων
305 293 342 357 τὸ
365 287 463 376 μέρος
485 287 651 356 ἀπέδοσαν
678 296 723 378 τῷ
746 289 969 378 Μνησιλόχῳ,
994 283 1133 354 καὶτοῦ
1156 289 1293 354 loo-1²20

214 405 279 463 ποῦ
308 399 433 482 χρόνον
465 395 526 462 ὅσα
558 393 663 460 ἐδείτο
692 394 740 471 είς
766 394 827 477 τήν
857 401 943 460 ναῦν
971 394 1225 478 συνανήλισκον.

214 505 272 572 καί
291 525 349 586 μοι
370 502 499 568 τούτων
521 499 694 584 ἀνάγνωθι
716 500 778 584 τήν
801 502 993 586 μαρτυρίαν.

625 693 816 758 ΜΑΡΤΤΡΙᾹ.

176 841 201 882 ιι
273 814 370 895 Ἴσως
391 812 455 888 οὖν
477 814 503 884 ὦ
526 819 646 905 άνδρες
664 815 815 884 δικασταὶ
837 824 972 884 ποθεῖτε
995 816 1147 899 ἀκοῦσαι,
1169 813 1225 882 διδ

215 925 250 988 τί
268 944 346 989 ποτε
369 924 388 990 δ
411 925 592 1011 στρατηγὸς
609 923 671 990 ούκ
689 923 849 1008 ήνάχκαζε
871 931 991 989 τοῦτον
1013 921 1226 1008 παραλαμβά-

214 1051 287 1095 νειν
300 1030 362 1115 τήν
380 1040 478 1117 ναῦν,
500 1029 658 1116 διάδοχον
676 1029 800 1114 ήκοντα
818 1026 867 1095 ἐπ’
890 1028 1006 1114 αύτήυ,
1028 1039 1094 1094 τῶν
1112 1029 1224 1112 νόμων

216 1135 320 1214 οὕτως
334 1137 480 1223 ἰσχυρῶν
494 1137 611 1202 ὄντων.
646 1132 722 1222 περὶ
745 1136 787 1220 δή
809 1135 937 1201 τούτων
955 1134 1119 1219 βούλομαι
1140 1132 1225 1217 ὑμᾶς

216 1253 329 1327 σαφῶς
360 1240 492 1321 διδάξαι
523 1243 560 1308 τὸ
592 1247 708 1308 αίτιον.
754 1244 939 1327 Τιμόμαχος
966 1239 1030 1326 χδιρ
1057 1233 1083 1304 ὦ
1106 1238 1225 1324 ἄνδρες

216 1345 366 1413 δικασταὶ
392 1358 524 1434 πρῶτον
550 1343 612 1431 μὲν
635 1346 791 1432 ἐβούλετο
820 1341 859 1412 εὖ
881 1341 1164 1431 κατεσκευασμένῃ
1186 1351 1223 1428 τῇ

177 1456 341 1540 ιιτριήρει
369 1454 452 1538 πρὸς
481 1453 608 1518 ἅπαντα
639 1458 794 1538 χρῆσθαι.
837 1449 935 1539 ᾔδειν
962 1445 1025 1518 οὖν
1051 1451 1102 1517 ὅτι
1129 1444 1225 1525 οὗτος
1304 1463 1305 1516 λ

216 1554 277 1642 μὲν
307 1558 509 1645 παραλαβὼν
541 1557 645 1642 αύτήν
675 1569 783 1636 κακῶς
814 1560 928 1643 ἔμελλε
959 1557 1223 1644 τριηραρχήσειν·

216 1663 291 1729 ούτε
320 1663 383 1749 γάρ
415 1673 460 1753 τῷ
488 1667 747 1751 τριηραρχήματι
778 1664 855 1730 ούτε
881 1675 950 1741 τοῖς
977 1662 1145 1748 ἐπιβάταις
1170 1659 1224 1727 καὶ

216 1777 254 1852 τῇ
281 1769 444 1857 ὑπηρεσία
474 1772 645 1855 χρήσοιτο·
677 1766 787 1847 οὐδεὶς
818 1771 881 1856 χδρ
914 1769 1004 1858 αύτῷ
1032 1778 1224 1855 παραμενοῑ.

215 1877 263 1940 ἐτι
286 1870 323 1940 δέ
345 1875 428 1961 πρὸς
449 1876 594 1961 τούτοις,
617 1875 714 1942 δπότε
737 1876 782 1961 μή
804 1876 920 1952 διδοὺς
942 1873 1103 1962 ἀργύριον
1124 1891 1224 1960 προσ-

215 1981 325 2047 τάττοι
342 1985 449 2066 πλεῖν,
472 1981 534 2048 ούιι
552 1983 688 2066 ἔμελλεν
706 1980 795 2070 αύτῷ
815 1979 997 2060 ἀνάξεσθαι
1015 1981 1124 2066 ὥσπερ
1148 1979 1223 2064 ἐγώ,
1304 2027 1305 2030 ¹

217 2087 299 2153 άλλδ
325 2087 500 2174 πράγματα
525 2085 688 2174 παρέξειν.
732 2088 815 2170 πρὸς
844 2081 881 2152 δέ
907 2087 1014 2175 τούτῳ
1044 2087 1224 2165 δανείζεται
1304 2081 1305 2084 '

214 2191 291 2281 παρ’
314 2194 418 2261 αὐτοῦ
436 2193 612 2280 τριάκοντα
630 2201 725 2277 μνῦς,
748 2192 831 2258 ὥστε
849 2193 894 2276 μή
917 2191 1100 2276 ἀναγκάσαι
1121 2213 1224 2275 παρα-

177 2304 330 2386 ιολαβείν
360 2300 422 2385 τήν
453 2308 548 2366 ναῦν.
594 2297 627 2378 ἐξ
656 2292 703 2364 ὧν
731 2293 768 2363 δέ
800 2297 941 2383 μάλιστά
972 2321 1029 2382 μοι
1056 2295 1224 2385 ὀργισθεὶς

216 2405 369 2494 ἐπηρέαζε
397 2403 453 2473 καί
484 2402 564 2472 οὐδὲ
591 2407 692 2489 λόγον
720 2401 872 2469 ἑκάστοτε
900 2402 1014 2470 ἐδίδου
1041 2399 1120 2469 οὐδὲ
1149 2402 1223 2490 περὶ

217 2511 301 2596 ἑνός,
319 2513 482 2596 βούλομαι
499 2512 582 2596 ὑμῖν
600 2521 713 2596 σαφῶς
730 2510 968 2594 διηγήσασθαι,
985 2507 1029 2574 ἵν’
1048 2511 1155 2594 είδήτε
1173 2509 1224 2575 ὅτι

217 2617 258 2683 οὐ
279 2616 354 2704 περὶ
376 2622 529 2694 πλείονος
551 2616 733 2701 ἐποιούμην
751 2616 827 2682 οὔτε
850 2616 911 2700 τήν
933 2615 1076 2700 ἐμαυτοῦ
1099 2615 1223 2704 ρῳστάι·

216 2747 280 2807 νην
303 2721 340 2789 έν
358 2720 472 2814 ἐκείνῳ
495 2733 540 2813 τῳ
563 2726 673 2812 χρόνῳ
692 2722 768 2788 ούτε
790 2721 852 2806 τήν
874 2719 1003 2788 ἐκείναν
1025 2721 1141 2808 ῥώμην
1162 2733 1223 2790 τοῦ

216 2830 325 2914 δήμου
347 2836 406 2894 τοῦ
425 2826 614 2914 Ἀθηναίων
636 2825 691 2894 καί
713 2839 781 2894 τῶν
797 2830 923 2913 νόμιον,
946 2825 1017 2892 ἀλλ’
1044 2829 1222 2915 ήνειχόμην
1304 2835 1305 2888 λ

216 2933 272 3000 καὶ
298 2937 384 3024 έρχῳ
413 2933 629 3019 ἀδικούμενος
655 2930 711 2999 καὶ
734 2936 822 3024 λόχῳ
844 2935 1180 3020 προπηλακιζόμενος,
1202 2935 1222 3000 δ

126 3057 127 3062 ’
176 3045 327 3130 απολλῷ
350 3062 408 3125 μοι
425 3040 589 3126 βαρύτερα
610 3033 654 3122 ἦν
675 3049 742 3106 τῶν
765 3038 998 3125 ἀναλωμάτων.
1034 3040 1078 3118 ὡς
1100 3042 1163 3127 χδρ
1186 3040 1222 3110 ἐν

217 3148 316 3237 Θάσῳ
348 3141 515 3232 διατριβαὶ
545 3153 605 3211 τοῦ
633 3153 792 3212 ναυτικοῦ
820 3143 1009 3230 ἐγίγνοντο,
1038 3145 1222 3232 ἀφικνεῖται

216 3255 252 3322 ἐκ
280 3255 450 3337 Μεθώνης
480 3260 537 3336 τής
563 3252 777 3328 Μακεδονίας
805 3251 1003 3338 ὑπηρετικὸν
1033 3254 1081 3330 είς
1111 3253 1222 3320 Θάσον
1304 3295 1305 3338 η

216 3363 300 3444 άμον
322 3359 428 3444 ἀνδρα
445 3355 500 3423 καὶ
524 3356 696 3434 ἐπιστολάς
717 3357 806 3443 παρά
824 3358 1074 3444 Καλλιστράτου
1097 3359 1143 3436 ὡς
1168 3363 1221 3425 Τι-

216 3468 377 3552 δόμῦλθνι
400 3462 437 3529 51¹
459 3455 511 3540 αἷς
532 3459 586 3547 ἦν,
609 3463 653 3538 ὡς
674 3462 814 3548 ὕστερον
833 3461 896 3547 ἐχδο
919 3460 1009 3529 ταῦτ’
1036 3462 1220 3550 ἐπυθόμην,
