2614 3922
175 166 215 222 Vl
570 161 783 219 PRAEFATIO.

118 313 120 318 ¹
174 321 314 391 indioem
324 324 493 390 nominum
512 325 643 409 confeci,
659 323 818 390 Graecum
835 324 1019 389 litterarum
1037 322 1184 389 ordinem

175 435 312 496 secutus.
331 467 373 478 -
391 429 534 496 Indidem
553 435 662 496 sutem
680 429 976 515 interpolationum,
1000 451 1096 514 quem
1112 428 1182 512 ipse

174 535 280 620 primo
314 535 470 602 volumini
505 535 622 619 adieci,
658 535 830 621 quominus
864 535 918 600 hio
951 535 1183 619 locupletatum

176 663 215 706 ex
236 642 454 707 voluminibus
483 641 607 706 duobus
637 640 872 726 posterioribus
899 641 1063 725 iterarem,
1090 644 1182 705 erunt

175 769 258 831 quoe
293 770 345 813 me
381 749 592 832 deterrerent,
635 747 781 832 quamvis
817 747 1042 832 supplemento
1076 745 1184 828 ampla

176 854 385 940 collegissem.
430 853 539 919 Habet
566 853 629 919 iste
655 853 752 919 index
778 853 855 918 telis
884 853 988 938 qualis
1016 856 1066 917 est
1085 874 1183 916 suum

140 1025 147 1039 ‚
176 982 283 1043 usum,
305 981 409 1045 neque
431 982 483 1024 me
506 959 612 1044 operis
635 957 792 1043 poenitet3
818 979 932 1024 verum
953 959 1025 1044 ipso
1046 979 1081 1022 re
1103 957 1183 1021 mul-

176 1064 319 1129 tifariam
354 1064 486 1130 edootus
522 1064 626 1150 magis
665 1086 751 1129 nuno
782 1087 881 1149 quem
912 1067 1008 1128 antea
1037 1063 1183 1150 cognovi,

176 1193 274 1255 quam
295 1169 426 1235 difficile
445 1171 488 1236 sit
507 1170 777 1255 interpolamenta
794 1169 895 1254 probe
914 1169 1120 1254 distinguere.
1140 1207 1181 1214 —

176 1274 405 1340 Additamento
430 1277 587 1361 quaedem
614 1276 655 1340 ad
681 1275 792 1359 priore
818 1274 881 1339 duo
909 1274 1074 1339 volumino
1099 1295 1183 1340 oom-

176 1381 335 1447 mentorio
362 1381 474 1447 oritioo
505 1380 602 1446 huius
633 1380 806 1446 voluminis
841 1379 976 1464 subieci,
1003 1380 1070 1445 dies
1097 1382 1183 1446 enim

176 1488 260 1552 diem
284 1487 386 1570 dooet,
408 1491 441 1552 et
464 1487 527 1552 elia
545 1487 650 1552 multo
666 1487 805 1551 fortasse
824 1485 902 1551 olim
924 1484 1044 1550 rectius
1068 1507 1182 1572 eogno-

176 1614 266 1657 soum
287 1615 384 1676 quam
407 1593 511 1657 adhue
534 1592 678 1679 cognovi.

242 1732 281 1799 D.
304 1733 410 1798 Kiliae
433 1755 541 1798 mense
563 1732 670 1819 Aprili
692 1755 719 1798 u
743 1730 1064 1798 MDOOOLXXXIX

746 1925 954 1994 Fridorieus
976 1926 1094 1995 Bless.
