2654 3926
477 237 572 288 RATA
590 236 788 289 ενεσεαον
806 238 838 289 A.
1118 229 1159 297 87

149 407 259 482 μισεῖν
282 397 326 474 ώς
347 398 463 462 ’κοινὸν
482 395 606 482 έχθρδν
624 406 682 481 τῆς
700 397 832 482 φύσεως
849 395 929 479 ὅλης
949 403 1008 480 τῆς
1030 393 1162 480 ἀνθρω·

108 522 135 563 εν
149 507 247 586 πίνης
277 504 451 588 προσήκεις
483 498 578 585 ἔγωγ’
615 501 657 567 ἀν
691 504 803 587 φαίην.
845 511 948 566 ταῦτα
981 498 1094 584 μέντοι
1122 499 1161 564 τά

149 610 314 692 τοσαύτην
343 605 448 694 ἔχοντ’
483 609 644 694 αἰσχύνην
674 602 700 672 ὦ
730 608 849 692 ἀνδρες
880 603 1073 690 Ἀθηναῖοι,
1109 602 1162 672 ἐπὶ

149 723 194 802 τῷ
226 716 289 799 τὴν
320 717 419 780 πόλιν
449 715 587 800 φεύγειν
623 711 679 778 καὶ
714 713 754 779 τά
789 710 856 778 ὄντ’
893 711 1162 800 ἀποκρύπτεσθαι

149 817 333 908 προῄρηται
368 820 539 905 πράττειν,
574 816 617 884 ἵν’
654 816 807 905 ἐργασίας
842 816 980 904 ἀφανεῖς
1016 819 1072 883 διά
1102 825 1159 900 τῆς

9 935 13 943 ’
149 925 308 1012 τραπέζας
338 934 489 1009 γοῦν,
520 922 576 990 καὶ
603 926 683 1008 μήτε
715 932 840 1009 ιοεινῖι
872 927 951 1009 μήτε
982 931 1162 1010 mmmm

149 1030 223 1118 μήτ’
251 1033 333 1098 ἄλλο
356 1029 461 1116 μηδὲν
484 1025 531 1096 ὧν
553 1033 712 1117 προσήκει
734 1039 821 1115 ποιῇ.
858 1028 913 1095 καὶ
935 1034 1162 1116 κατείργασται

149 1147 257 1204 τοῦτο.
293 1140 471 1224 τεκμήριον
490 1136 541 1203 δέ·
561 1136 728 1222 ἔχωνγὰρ
747 1134 866 1201 οὐσίαν
887 1136 1052 1220 τοσαύτην
1074 1132 1157 1201 ὥσθ’

150 1241 270 1310 ἑκατὸν
300 1251 384 1327 μνᾶς
416 1242 589 1308 ἐπιδοῦναι
624 1250 663 1328 τῇ
700 1245 860 1326 θυγατρί,
897 1239 970 1307 οὐδ’
1005 1241 1163 1326 ἡντινοῦν

151 1347 292 1436 ἑώραται
319 1352 520 1436 λῃτουργίαν
547 1343 608 1433 ὑφ’
638 1347 733 1431 ὑμῶν
761 1352 970 1434 λῃτουργῶν,
998 1342 1077 1413 ούδέ
1103 1346 1165 1430 τὴν

151 1455 336 1541 ἐλαχίστην.
376 1457 484 1521 καίτοι
509 1457 603 1544 πύσφ
631 1453 769 1520 κάλλιον
794 1454 1076 1539 φιλοτιμούμενον
1098 1449 1164 1530 ἐξε·

150 1562 306 1640 νίζεσθαι
339 1559 394 1627 καὶ
423 1561 707 1646 προθυμούμενον
739 1562 786 1637 είς
813 1559 834 1626 ἃ
862 1561 917 1626 δεῖ
939 1567 978 1646 τῇ
1006 1561 1111 1642 πόλει,
1142 1557 1163 1642 ἣ

152 1668 376 1734 κολακεύοντα
398 1664 454 1733 καὶ
476 1668 516 1733 τά
538 1668 646 1751 ψευδῆ
669 1677 915 1753 μαρτυροῦντας
945 1662 1015 1731 ἀλλ’
1043 1662 1096 1731 ἐπὶ
1116 1674 1162 1753 τρο

112 1789 140 1830 σῖ
154 1773 343 1858 κερδαίνειν
365 1781 432 1838 πᾶν
455 1772 497 1839 ἀν
515 1769 613 1850 οὗτος
629 1776 807 1857 ποιήσειεν.
843 1770 899 1838 καὶ
916 1773 983 1857 μην
1000 1767 1027 1836 ώ
1045 1773 1165 1857 ἄνδρες

149 1876 321 1964 Ἀθηναῖοι
343 1885 471 1964 μάλλον
493 1877 588 1958 ἀξιον
611 1878 751 1965 ὀργίλως
774 1881 861 1965 ἔχειν
883 1888 952 1955 τοῖς
973 1875 1042 1963 μετ’
1068 1878 1164 1944 εύπο-

152 1989 224 2071 ρίας
242 1994 402 2071 πονηροῖς
419 1983 440 2068 ἣ
458 1997 527 2062 τοῖς
549 1982 618 2069 μετ’
641 1984 777 2061 ἐνδείας.
813 1994 882 2061 τοῖς
904 1981 965 2068 μὲν
987 1985 1050 2070 γάρ
1068 1984 1089 2068 ἡ
1108 1992 1165 2068 τῆς
1175 2000 1242 2050 11εε

152 2094 263 2176 ’χρείας
280 2089 408 2172 ἀνάγκη
426 2087 520 2176 φέρει
534 2091 609 2155 τινά
623 2091 823 2174 συγγνώμην
841 2090 929 2175 παρὰ
946 2100 1017 2166 τοῖς
1033 2090 1164 2176 ἀνθρω-

153 2198 257 2271 πίνως
279 2194 516 2277 λογιζομένοις·
545 2195 580 2260 οί
601 2191 633 2260 δ’
661 2193 697 2260 ἐκ
718 2199 910 2280 περιουσίας
932 2195 1042 2281 ὥσπερ
1069 2190 1165 2273 οὗτος

153 2302 307 2384 πονηροί,
330 2299 490 2383 οὐδεμίαν
511 2302 679 2385 πρόφασιν
702 2301 833 2366 δικαίαν
856 2302 963 2386 ἔχοιεν
985 2298 1029 2366 ἀν
1050 2302 1165 2385 είπεῖν,

154 2401 227 2470 ἀλλ’
261 2407 511 2491 αίσχροκερδείηι
540 2403 595 2470 καί
628 2404 801 2493 πλεονεξίᾳ
828 2403 883 2471 καὶ
911 2406 1008 2492 ύβρει
1035 2404 1091 2471 καὶ
1119 2416 1164 2496 τῷ

153 2512 211 2588 τὰς
239 2510 349 2577 αὑτῶν
377 2510 550 2587 συστάσεις
581 2508 781 2596 κυριωτέρας
812 2521 878 2576 τών
909 2513 1024 2594 νόμων
1051 2509 1166 2590 ἀξιοῦν

153 2613 241 2683 εἶναι
270 2627 380 2684 ταῦταΙ
403 2618 610 2703 φανήσονται
642 2617 848 2704 πράττοντες.
890 2617 972 2701 ὑμῖν
1001 2614 1032 2682 δ’
1066 2615 1166 2685 οὐδὲν

154 2723 283 2790 τούτων
313 2720 493 2808 συμφέρει,
522 2721 605 2786 ἀλλά
634 2725 694 2788 τὸν
723 2721 850 2807 ἀσθενῆ
872 2723 961 2809 παρά
982 2732 1042 2790 τοῦ
1064 2730 1165 2792 πλου-

155 2833 232 2896 σίου
259 2829 371 2912 δίκην,
399 2826 441 2894 ἀν
470 2826 637 2912 ἀδικῆται,
665 2828 833 2895 δύνασθαι
855 2831 979 2913 λαβεῖν.
1015 2832 1105 2896 ἔσται
1129 2831 1166 2898 δέ

155 2931 259 3018 τοῦτ’,
282 2933 342 2999 ε’δν
364 2933 519 3018 κολάζητε
546 2936 624 3011 τοὺς
649 2946 801 3021 φανερῶς
823 2933 987 3015 1ούτωςίξ
1011 2936 1166 3023 εὐπορίας

155 3040 332 3125 πονηρούς.

117 3165 143 3205 σε
224 3146 275 3212 Ού
311 3148 427 3212 τοίνυν
464 3143 539 3211 οὐδ’
575 3145 596 3212 ἃ
627 3144 809 3213 πέπλασται
838 3145 894 3213 καὶ
923 3149 1048 3232 βαδιζει
1078 3152 1166 3236 παρὰ

155 3254 233 3328 τοὺς
250 3255 381 3337 τοίχους
399 3247 495 3329 οὗτος
514 3251 789 3338 ἐσκυθρωπακώς,
813 3254 1031 3339 σωφροσύνης
1053 3256 1095 3320 ἀν
1117 3279 1166 3332 τις

156 3354 305 3441 ἡγήσαιτ’
342 3359 476 3434 είκύτως
507 3352 595 3440 εἶνοη
626 3371 758 3443 σημεῖα,
790 3357 874 3424 ἀλλὰ
905 3364 1165 3444 μισανθρωπίας.

158 3461 221 3546 ἐγὼ
250 3463 333 3547 γὰρ,
362 3462 452 3539 ὅστις
480 3460 568 3549 αὐτῷ
599 3465 740 3547 μηδενὸς
771 3466 1015 3548 συμβεβηκότος
1041 3465 1166 3543 δεινοῦ,

157 3564 241 3654 μηδὲ
270 3579 337 3634 τών
367 3567 555 3652 ἀναγκαίων
586 3572 768 3653 σπανίζων,
797 3568 834 3634 ἐν
863 3568 965 3651 ταύτῃ
991 3575 1030 3650 τῇ
1059 3563 1166 3647 σχέσει
