2654 3926
205 167 247 232 26
497 168 595 219 mn.
625 163 927 236 [ΔΗΜοΣοΕαουΣ]

208 369 210 376 ‹
249 330 462 410 ἐπιδικάσηται,
484 328 587 407 ἀτελής
609 327 689 390 ἐσται
706 323 726 408 ή
746 326 912 390 ἐπιδικασία
932 337 985 390 τοῦ
1007 326 1126 408 κλήρου.
1162 324 1228 388 ἐδιν

250 425 282 490 δὲ
310 425 351 506 μή
380 429 413 511 ζή
437 423 453 488 6
481 424 724 504 ἐπιδικασάμενος
755 434 807 488 τοῦ
834 424 960 505 κλήρου,
987 424 1224 504 προσκαλείσθω

249 523 322 585 κατδι
340 522 441 603 ταύτά,
465 512 545 608 ᾧύιν
563 519 583 601 ἡ
602 524 769 602 προθεσμία
787 522 875 602 μήπω
894 520 991 607 ἐξήκη.
1026 515 1131 599 τήνδ’
1158 517 1224 598 άμ-

249 620 428 701 φισβήτησιν
456 613 532 682 εἶναι
558 623 599 705 τῷ
627 618 736 699 ἐχοντι,
762 618 869 680 καθότι
896 617 1086 680 ἐπεδικάσατο
1114 608 1152 678 οὐ
1176 613 1224 677 διν

249 715 300 803 ἐχη
322 717 357 778 τδι
380 717 519 798 χρήματα.

168 871 192 911 ιι
276 858 343 921 Τοῦ
366 851 427 939 μέν
449 858 556 939 νόμου
579 853 749 939 ἀκηκόατε,
772 850 888 937 δέομαι
910 849 941 918 δ’
963 851 1058 936 ὐμῶν
1081 851 1222 918 δικαίαν

205 957 319 1044 δέησιν
343 954 507 1046 ιιύὐίνδρες
525 961 685 1026 δικασταί.
723 957 780 1024 ἐὰν
803 957 865 1043 γὰρ
889 955 1039 1034 ἐπιδείξω
1063 960 1219 1042 Θεοπόμ-

204 1087 270 1130 που
296 1074 357 1130 τοῦ
383 1066 506 1151 πατρὸς
531 1076 592 1132 τοῦ
614 1063 837 1150 Μακαρτάτου
864 1061 954 1146 γένει
983 1063 1081 1139 ὐντας
1097 1061 1219 1150 Ἆγνίρι

206 1169 367 1256 ἐγγυτέρω
386 1171 599 1256 Εὐβουλίδην
616 1193 652 1236 τε
673 1171 733 1236 τὸν
750 1169 852 1234 παῖδα
874 1165 1007 1234 τουτονί
1029 1166 1084 1236 καλ
1103 1173 1218 1236 Φυλο-

205 1278 331 1362 μάχην,
352 1277 374 1359 ή
397 1275 466 1342 ἐστι
488 1281 594 1362 μήτηρ
616 1285 662 1363 πρό
685 1277 790 1359 παιδί,
812 1274 1024 1357 Εὐβουλίδου
1046 1269 1084 1338 δὲ
1105 1275 1216 1357 θυγά-

204 1404 285 1467 τηρ,
321 1380 375 1447 καλ
403 1382 443 1447 ού
476 1385 581 1466 μόνον
607 1380 696 1464 γένει
723 1380 889 1464 ἐγγυτάτω
917 1381 1031 1463 ὐντας,
1062 1378 1146 1446 ἀλλὰ
1174 1383 1215 1448 τὸ

204 1488 358 1572 παράπαν
381 1483 461 1552 οὐδὲ
484 1488 565 1552 όντα
582 1485 704 1553 οὐδένα
722 1485 912 1571 ἀνθρώπων
935 1483 973 1550 ἐν
994 1493 1039 1573 τῷ
1063 1491 1143 1574 οίκρτ
1165 1495 1213 1574 τῷ

200 1591 333 1675 Ἀγαίου
361 1594 463 1658 ὐίλλον
490 1592 510 1676 ή
537 1595 598 1677 τήν
626 1590 749 1677 μητέρα
776 1601 835 1658 τοῦ
862 1591 979 1666 παιδὸς
1001 1590 1134 1658 τουτουὶ
1155 1590 1214 1658 καί

205 1699 307 1763 αὐτόν
328 1695 461 1763 τουτονί
483 1700 542 1764 τὸν
563 1700 683 1782 παῖδα,
705 1693 796 1763 ταῦτ’
823 1696 881 1763 ἐὰν
904 1694 1073 1782 ἐπιδείξω,
1095 1697 1209 1783 δέομαι

204 1804 299 1888 ὐμῶν
321 1799 347 1869 ὦ
371 1804 490 1889 άνδρες
512 1803 663 1870 δικασταί
684 1808 824 1889 βοηθεῖν
846 1803 934 1887 ἡμῖν.

166 1926 191 1965 18
277 1910 322 1974 To
345 1903 405 1992 μέν
425 1903 486 1974 οὖν
504 1921 636 1993 πρῶτον
656 1911 837 1994 διενοήθην
859 1904 885 1974 ὦ
909 1909 1028 1994 άνδρες
1050 1910 1211 1994 δικασταί,

204 2015 332 2100 γράψας
350 2012 387 2078 ἐν
400 2017 514 2080 πίνακι
528 2017 672 2092 ἅπαντας
689 2018 767 2092 τοὺς
784 2025 955 2098 συγγενεῖς
971 2018 1048 2093 τοὺς
1065 2013 1211 2100 Ἁγνίου,

204 2121 309 2197 οὕτως
331 2118 551 2186 ἐπιδεικνύειν
569 2121 650 2205 ὑμῖν
667 2117 746 2186 καθ’
768 2119 918 2186 ἕκαστον·
943 2119 1054 2204 ἐπειδὴ
1078 2117 1111 2186 δ’
1138 2120 1211 2188 ἐδό-

203 2249 253 2292 κει
277 2225 337 2292 οὐκ
365 2224 407 2291 δν
434 2221 519 2292 εἶναι
546 2224 579 2304 ἐξ
604 2232 678 2292 ίσου
704 2225 726 2309 ἡ
752 2228 880 2309 θεωρία
907 2226 1008 2292 ἅπασι
1029 2237 1098 2303 τοῖς
1120 2228 1209 2292 δικα-

205 2343 313 2416 σταίς,
336 2328 408 2397 ἀλλ’
435 2331 470 2398 oc
489 2334 601 2418 πόρρω
624 2334 809 2417 καθήμενοι
831 2330 1083 2414 ἀπολείπεσθαι,
1111 2331 1209 2414 ἀναγ-

203 2448 299 2503 καῖον
323 2443 401 2513 ἴσως
417 2444 462 2524 τςδ
482 2440 570 2526 λόγῳ
588 2436 758 2503 διδάσκειν
780 2437 880 2520 ὑμᾶς·
903 2446 1000 2504 τοῦτο
1022 2437 1086 2523 γὰρ
1109 2439 1209 2504 άπασι

203 2544 318 2607 κοινόν
333 2541 431 2608 ἐστιν.
472 2545 699 2628 πειρασόμεθα
717 2538 755 2607 δὲ
773 2540 829 2607 καί
846 2541 939 2625 ἡμεῖς
952 2543 997 2619 ὡς
1011 2541 1052 2608 ὐίν
1070 2543 1207 2627 μάλιστα

205 2648 384 2731 δυνώμεθα
411 2647 467 2712 διδι
493 2647 707 2733 βραχυτάτων
734 2645 892 2726 ἐπιδεῖξαι
914 2646 989 2732 περὶ
1011 2646 1208 2730 τοῦγένους

204 2763 265 2819 τοῦ
282 2751 426 2836 Ἁγνίου.

166 2877 190 2916 ιι
270 2859 436 2934 Βούσελος
458 2857 521 2943 γάρ
544 2854 587 2941 ήν
609 2857 643 2937 ἐξ
669 2863 752 2926 Οίου
774 2855 801 2926 ὦ
825 2860 944 2945 ἄνδρες
967 2861 1133 2944 δικασταί,
1154 2859 1208 2928 καί

205 2964 309 3053 τούτῳ
337 2960 489 3046 ἐγένοντο
517 2960 613 3028 πέντε
639 2965 740 3048 υίεῑς,
767 2962 898 3049 Ἁγνίας
924 2962 979 3030 καὶ
1002 2965 1208 3052 Εὐβουλίδης

204 3067 258 3135 καί
286 3072 446 3154 Στρατίος
474 3067 529 3134 καὶ
548 3067 681 3154 Ἅβρων
710 3068 765 3136 καλ
792 3074 999 3156 Κλεόκριτος.
1035 3068 1090 3135 καί
1117 3066 1206 3138 οὗτοι

204 3176 343 3252 άπαντες
369 3176 405 3242 οί
429 3185 489 3240 τοῦ
511 3173 681 3242 Βουσέλου
708 3176 793 3253 υίεῑς
815 3177 934 3260 άνδρες
956 3173 1126 3260 ἐγένοντο,
1154 3176 1206 3244 καλ

204 3280 367 3366 διένειμεν
390 3280 501 3358 αὐτοῖς
518 3283 579 3365 τήν
602 3281 720 3348 οὐσίαν
734 3283 752 3349 6
766 3285 871 3367 πατήρ
890 3283 908 3349 6
927 3283 1093 3360 Βούσελος
1110 3283 1205 3348 ἅπασι

204 3392 311 3464 καλῶς
339 3385 395 3452 καλ
421 3388 573 3470 δικαίως,
603 3387 712 3474 ὥσπερ
739 3397 913 3473 προσῆκεν.
953 3385 1204 3473 νειμάμενοιδύ

204 3495 264 3576 τήν
287 3493 420 3577 οὐσίαν,
447 3503 587 3576 γυναῖκα
614 3491 724 3560 αὐτῶν
753 3493 887 3570 ἕκαστος
908 3496 1007 3579 ἔγημε
1029 3494 1110 3559 κατὰ
1132 3498 1204 3574 τοὺς
1213 3518 1275 3569 1056
