2658 3914
180 147 244 212 124
460 152 570 205 mn.
599 149 904 222 [Δωιουοωυονε]

615 309 752 362 ΝΟΜΟΣ.

138 433 164 474 τι
244 418 464 501 Πολλαχόθεν
487 410 549 499 μὲν
571 409 634 482 οὑν
653 412 745 501 οἶμαι
767 411 794 482 ὦ
817 417 937 501 ἄνδρες
959 413 1109 482 δικασταὶ
1131 439 1191 481 κα·

176 530 305 608 ταφανή
332 520 414 606 ὑμῖν
444 521 506 605 τήν
536 525 719 608 μαρτυρίαν
746 516 832 587 εἶναι
861 522 907 599 ὡς
932 523 1059 605 ψευδής
1086 519 1191 605 ἐστιν,

177 627 238 712 οὐχ
260 627 378 711 ήκιστα
393 621 423 691 δ’
442 623 478 690 ἐκ
490 635 558 690 τῶν
578 623 818 711 πεπραγμένων
836 627 949 703 αὑτοῖς
966 623 1086 714 ῥᾴδιον
1103 637 1189 710 γνῶ-

177 757 241 799 ναι.
278 727 371 799 οὑτοι
389 731 452 816 γὰρ
471 728 578 819 ᾤοντο
597 725 624 796 ὦ
641 732 760 818 ἀνδρες
779 730 929 798 δικασταὶ
947 729 1016 817 έμέ,
1034 733 1066 797 εί
1081 732 1189 798 πολλοί

177 863 241 922 μου
265 839 400 923 λάβοιεν
418 834 568 923 ἐνέχυρα,
591 838 737 921 ἄσμενον
755 837 897 922 ἀφήσειν
918 841 984 923 [με]
1007 839 1085 915 τοὺς
1107 837 1189 922 μάρ-

175 967 277 1030 τυρας
306 954 374 1010 τῶν
405 944 722 1029 ψευδομαρτυριῶν,
753 943 837 1009 ὥστε
868 942 1048 1026 ἀπολαβεῖν
1077 966 1117 1028 με
1147 943 1189 1009 τὰ
1308 909 1311 1022 ὑ

137 1065 164 1106 ῖῡ
177 1048 326 1137 ἐνέχυρα.
362 1046 418 1115 καὶ
445 1047 559 1134 ἐπειδή
588 1049 733 1134 ἐδεήθην
755 1049 858 1117 αὑτοῦ
881 1047 1108 1134 ἀναβαλέσθαι
1131 1072 1188 1134 μοι

176 1156 238 1241 τήν
267 1156 510 1241 ὑπερημερίαν,
541 1156 684 1240 ἄσμενος
709 1155 871 1238 ήκουσεν,
899 1155 955 1220 ἵνα
983 1153 1189 1241 ὑπερήμερος

176 1263 265 1350 αὐτῷ
288 1265 449 1346 γενοίμην
470 1258 526 1326 καί
548 1258 768 1346 ἐκφορήσαιτό
791 1283 856 1344 μου
883 1260 929 1337 ὡς
949 1265 1094 1326 πλεῖστα.
1130 1258 1186 1326 καὶ
1199 1273 1268 1322 1162
1312 1253 1313 1318 λ

177 1369 234 1434 διδ
251 1377 348 1435 τοῦτο
367 1365 496 1444 ἀκάκως
513 1363 569 1431 καὶ
586 1367 668 1452 ταχύ
687 1389 744 1450 μοι
762 1365 988 1450 ὡμολόγησεν,
1010 1366 1067 1431 ἵνα
1087 1373 1188 1432 πιθα·

176 1476 235 1551 νὸς
252 1470 386 1558 γένηται
404 1469 460 1537 καὶ
480 1472 524 1557 μή
544 1472 733 1556 καταφανής
751 1470 987 1556 ἐπιβουλεύων,
1005 1470 1189 1557 ἡγούμενος
1313 1484 1314 1566 ή

177 1580 239 1646 οὑκ
262 1575 348 1644 εἶναι
371 1577 460 1664 αὑτῷ
479 1574 523 1642 δι’
545 1577 650 1643 ἀλλον
672 1579 798 1661 τρόπου
820 1578 898 1653 τοὺς
920 1577 1088 1662 μάρτυρας
1108 1576 1188 1664 ἀφε-

176 1690 280 1766 θῆναι
297 1693 365 1748 τῶν
382 1683 692 1768 ψευδομαρτυριῶν,
714 1681 811 1766 ήδιδ
832 1692 893 1749 τοῦ
912 1682 1110 1767 ἐξαπατήσαι
1132 1681 1187 1748 καί
1314 1765 1315 1770 ¹

177 1792 291 1873 λαβεῖν
314 1811 354 1872 με
381 1787 590 1874 ὑπερήμερον
616 1785 673 1853 καὶ
699 1787 949 1873 ἐκφορήσασθαι
972 1788 1017 1865 ὡς
1037 1794 1186 1854 πλεῖστα·

177 1894 303 1979 οὐγὰρ
332 1894 394 1959 ὅσα
422 1897 539 1980 ἔχουσί
562 1918 627 1979 μου
650 1892 733 1982 ᾤετο
756 1896 941 1978 λήψεσθαι,
967 1892 1052 1961 ἀλλὰ
1073 1900 1185 1982 πολλῷ

137 2018 163 2058 ιο
176 2003 287 2066 πλείω.
324 1996 456 2066 καὶτὸν
474 1995 536 2084 μὲν
554 2001 657 2065 ἀλλον
675 2002 798 2086 χρόνον
817 1997 987 2085 ἀνέμενεν,
1009 2001 1054 2077 ὡς
1071 2001 1112 2067 οὐ
1130 2001 1187 2066 διδ

175 2104 301 2191 ταχέων
324 2128 364 2190 με
386 2114 568 2190 ποριοῦντα
597 2105 686 2193 αὐτῷ
708 2107 745 2173 τὸ
776 2104 956 2191 ἀργύριον,
984 2109 1187 2192 βουλόμενος

175 2210 233 2277 ὑπ’
254 2211 375 2289 αὐτοὺς
396 2213 474 2288 τοὺς
487 2211 619 2294 ἀγῶνας
638 2221 705 2276 τῶν
722 2213 1020 2298 ψευδομαρτυριῶν
1037 2213 1099 2297 τήν
1117 2211 1186 2278 ένε-

176 2321 338 2403 χυρασίαν
366 2341 431 2402 μου
457 2319 675 2401 ποιήσασθαι·
703 2317 815 2402 ἐπειδή
839 2315 870 2384 δ’
897 2316 1075 2403 ἐπήγγειλα
1097 2318 1185 2407 αὐτῷ

176 2428 379 2508 κομίσασθαι
409 2423 471 2506 τήν
501 2424 616 2507 δίκην,
649 2423 760 2490 έλθόν
789 2447 854 2508 μου
881 2423 922 2488 τό
950 2445 985 2488 τε
1008 2424 1109 2508 σκεόη
1131 2421 1186 2488 καὶ

175 2531 254 2605 τοὺς
275 2527 403 2606 οίκέτας
423 2525 479 2593 καὶ
505 2528 545 2592 τδι
567 2531 716 2613 πρόβατα
745 2530 863 2613 έλαβεν
885 2524 960 2593 ἀντὶ
981 2537 1041 2594 τοῦ
1064 2528 1186 2594 ἀπολα·

176 2638 258 2719 βεῖν.
293 2645 428 2721 γεωργῶ
448 2629 485 2698 δδ
507 2633 591 2720 πρὸς
608 2642 652 2722 τςό
674 2634 878 2724 ίπποδρόμφ,
901 2634 985 2700 ὥστε
1008 2633 1049 2699 οὐ
1071 2635 1184 2719 πόρρω

137 2758 162 2799 ιι
175 2741 244 2806 ἔδει
270 2740 373 2805 αὑτὸν
400 2738 524 2804 ἐλθεῖν.
561 2738 611 2804 ὅτι
639 2737 669 2804 δ’
696 2738 807 2825 ἀληθῆ
837 2738 937 2823 λέγω,
965 2736 1048 2824 μέγα
1070 2742 1186 2823 τεκμή-

176 2868 251 2932 ριον
274 2844 354 2929 ὑμῖν
377 2846 475 2909 ἔστω·
500 2853 539 2930 τή
562 2844 719 2931 ὑστεραία
741 2844 805 2928 γὰρ
828 2842 1001 2929 ἐκομίσατο
1024 2845 1062 2911 τὸ
1085 2843 1185 2928 ἀργύ-

176 2974 253 3037 ριον
274 2960 332 3035 τής
354 2952 459 3035 δίκης,
481 2948 502 3033 ή
525 2950 565 3015 τὰ
588 2948 727 3036 ἐνέχυρα
750 2953 877 3034 ἔλαβεν.
912 2952 1020 3016 καίτοι
1041 2961 1110 3026 πῶς
1132 2949 1185 3035 διν,

175 3060 207 3123 εί
227 3058 272 3142 μή
302 3053 545 3142 πεπορισμένον
570 3050 632 3140 ήν,
659 3055 764 3133 εὐθὺς
790 3054 932 3140 ἀπέλαβε
959 3057 996 3122 τὸ
1024 3055 1185 3141 ἀργύριον

175 3166 281 3248 χιλίας
308 3165 497 3248 τριακοσίας
524 3159 604 3226 δέκα
631 3171 718 3245 τρεῖς
741 3159 796 3226 δύ’
823 3160 947 3245 ὀβολός
976 3158 1094 3226 καὶτὰ
1117 3158 1185 3226 ένέ-

175 3267 260 3353 χοροί
292 3292 349 3353 μοι
381 3267 443 3334 οὑκ
474 3265 651 3350 ἀπεδίδου,
683 3263 755 3331 ἀλλ’
787 3269 835 3332 ἔτι
865 3263 921 3331 καί
952 3276 1017 3332 νῦν
1047 3269 1114 3352 ἔχει
1142 3267 1186 3343 ὡς

175 3370 385 3458 ὑπερημέρου
412 3373 517 3448 ὄντος.
553 3371 603 3436 ὅτι
631 3367 666 3436 δ’
693 3371 755 3438 οὑκ
780 3367 824 3456 ήν
851 3369 939 3458 αὐτῷ
970 3371 1185 3458 ὑπερήμερος,

176 3476 353 3559 ἀνάγνωθί
363 3498 420 3561 μοι
439 3476 501 3558 τήν
515 3479 699 3560 μαρτυρίαν
716 3473 771 3540 καὶ
789 3478 847 3541 τὸν
865 3477 982 3561 νόμον,
1005 3475 1041 3552 ὃς
1058 3477 1184 3541 κελεύει
