2654 3926
460 203 560 256 ΠΡΟΣ
578 204 827 258 ΜΑΚΑΡΤΑΤΟΝ.
1109 201 1149 268 ΒἹ

139 359 255 426 ὁτιοῦν
278 363 384 428 ἔνεστι
402 363 439 428 τὸ
458 362 539 429 αὐτὸ
559 365 665 448 ὄνομα
682 376 749 430 τῶν
768 364 805 430 έν
822 373 868 452 τῷ
887 368 1054 451 Στρατίου
1074 372 1153 454 οίκμ

139 466 249 532 όντων
276 466 440 551 ἐκγόνων,
466 465 538 535 ἀλλ’
573 465 655 536 οὐδὲ
682 472 926 555 παραπλήσιον·
955 468 1027 536 ἀλλ’
1059 467 1153 536 αὐτοὶ

140 568 185 637 δι’
208 572 319 639 αὑτῶν
337 575 536 659 πορεύονται
553 574 591 640 ἐν
609 584 655 663 τῷ
678 582 758 664 οίκμ
781 585 826 664 τῷ
846 573 993 662 Ἁγνίου,
1014 578 1055 643 τά
1078 577 1153 643 ὀνό-

139 701 226 761 ματα
243 673 320 764 παρ’
338 676 492 763 ἀλλήλων
509 681 833 766 παραλαμβάνοντες.
869 691 1017 769 πανταχῇ
1038 684 1079 767 δὴ
1098 679 1153 748 καὶ

139 782 246 848 πάντα
268 784 392 869 τρόπον
423 782 646 870 ἐξελέγχονται
670 785 703 864 έξ
732 782 846 870 ἑτέρον
870 793 964 852 οίκου
986 785 1041 853 καὶ
1063 786 1152 872 γένει

139 886 297 974 ἀπωτέρω
321 891 428 973 ὄντες,
455 887 510 954 καὶ
538 890 579 956 οὐ
608 900 777 977 προσηκον
800 892 911 969 αὐτοῖς
933 898 1152 979 κληρονομεῖν

139 993 279 1071 οὐδενὸς
310 1005 376 1059 τῶν
403 991 547 1078 Ἁγνίου.
589 987 639 1072 οἷς
665 997 727 1082 γὰρ
756 998 895 1062 δίδωσιν
923 997 941 1064 δ
969 996 1153 1084 νομοθέτης
1258 989 1260 993 ’

7 1169 8 1184 ,
138 1101 201 1184 την
224 1098 412 1185 ἀγχιστείαν
434 1098 489 1165 καί
507 1101 568 1184 τὴν
586 1105 823 1188 κληρονομίαν,
844 1103 983 1179 τούτους
1004 1103 1151 1188 ἀναγνώ-

138 1222 230 1270 σεται
252 1205 334 1289 ὑμῖν
356 1208 435 1283 τοὺς
456 1209 589 1291 νόμους.

574 1384 710 1438 nomon.
1161 1390 1227 1441 ιοετ
1273 1396 1287 1462 j

7 1505 8 1510 ¹
97 1503 124 1547 οι
241 1488 341 1565 Ὅστις
370 1490 409 1554 δν
436 1490 476 1572 μη
501 1491 677 1573 διαθέμενος
706 1491 864 1581 ἀποθάνη,
891 1494 944 1558 ἐὰν
966 1492 1021 1575 μέν
1042 1497 1151 1570 παῖδας

184 1589 329 1675 καταλίπῃ
350 1590 485 1669 θηλείας,
508 1589 565 1652 σὺν
586 1591 741 1678 ταύτησιν,
764 1591 817 1653 έὰν
840 1590 872 1654 δέ
896 1591 947 1671 μη,
970 1593 1075 1655 τούσδε
1097 1617 1149 1654 κυ-

186 1684 268 1765 ρίους
291 1678 448 1747 εἶναιτῶν
471 1686 633 1766 χρημάτων.
679 1687 731 1749 έδιν
754 1686 809 1769 μέν
837 1688 963 1769 ἀδελφοί
985 1681 1057 1751 δοσιν
1080 1686 1150 1769 δμο-

184 1780 320 1861 πάτορες·
351 1779 402 1844 καλ
429 1782 481 1844 έδιν
508 1784 612 1856 παῖδες
640 1783 669 1858 έξ
692 1783 832 1863 ἀδελφῶν
854 1786 989 1868 γνήσιοι,
1019 1784 1074 1864 τὴν
1096 1795 1149 1848 ταῶ

182 1877 292 1959 πατρὸς
321 1885 429 1961 μοῖραν
457 1881 625 1962 λαγχάνειν·
657 1879 708 1941 έάν
738 1881 770 1944 δέ
801 1882 842 1963 μὴ
872 1881 995 1962 ἀδελφοί
1025 1876 1098 1946 δοσιν
1128 1881 1148 1965 ἢ

182 1963 323 2056 ἀδελφῶν
344 1979 467 2058 παῖδες,
494 1996 576 2038 *ε*
599 1978 628 2053 ἐξ
653 1979 749 2042 αὐτῶν
771 1980 844 2042 κατὰ
868 1979 958 2042 ταύτά
980 1981 1149 2064 λαγχάνειν·

182 2079 299 2158 κρατεῖν
322 2070 354 2135 δέ
376 2074 446 2148 τοὺς
468 2072 592 2156 άρρενας
620 2075 671 2138 καί
692 2077 762 2150 τοὺς
785 2076 898 2139 ἐκτῶν
921 2074 1069 2158 ἀρρένων,
1096 2077 1149 2140 έδιν

181 2169 214 2233 έκ
237 2160 296 2232 τῶν
320 2169 418 2232 αὐτῶν
441 2165 510 2251 ὦσι,
536 2173 586 2234 καί
613 2173 665 2235 ἐὰν
693 2172 771 2256 γένει
793 2173 941 2254 ἀπωτέρω.
977 2174 1030 2236 ίδιν
1053 2174 1084 2236 δὲ
1107 2174 1147 2256 μη

181 2263 236 2331 ὦσι
257 2267 332 2348 πρδς
353 2268 462 2350 πατρὸς
484 2267 566 2351 μέχρι
588 2268 721 2348 ἀνεψιῶν
743 2272 875 2349 παίδων,
901 2270 972 2343 τοὺς
993 2270 1068 2352 πρὸς
1092 2295 1148 2351 μη-

181 2366 248 2449 τρὸς
268 2365 334 2444 [τοῦ
353 2364 476 2449 ἀνδρὸς]
494 2365 568 2428 κατδι
585 2365 677 2427 ταδτδι
693 2368 816 2447 κυρίους
835 2362 917 2428 εἶναι.
946 2365 998 2427 έδιν
1013 2365 1045 2428 δὲ
1059 2369 1148 2447 μηδε-

181 2462 312 2544 τέρωθεν
325 2453 345 2549 ᾖ
360 2463 442 2537 έντδς
458 2463 582 2541 τούτων,
605 2461 656 2525 τδν
669 2463 744 2544 πρδς
764 2463 872 2544 πατρὸς
886 2463 1030 2545 ἐγγυτάτω
1044 2464 1149 2545 κύριον

181 2555 267 2624 εἶναι.
307 2560 396 2648 νόθμ-
425 2557 457 2622 δέ
489 2558 564 2641 μηδέ
590 2561 670 2648 νόθη
699 2560 739 2640 μὴ
768 2555 845 2623 εἶναι
878 2559 1041 2643 ἀγχιστείαν
1067 2559 1144 2643 μήθ’

181 2659 269 2739 ἱερῶν
291 2653 366 2737 μήθ’
393 2655 495 2737 δσίων,
519 2654 570 2719 ἀπ’
596 2658 762 2722 Εὐκλείδου
785 2656 934 2739 άρχοντος.

98 2811 125 2853 ιε
204 2788 404 2874 Διαρρήδην
431 2786 521 2871 λέγει
544 2787 563 2855 δ
585 2791 689 2873 νόμος
710 2784 737 2854 ὦ
761 2789 880 2874 ἀνδρες
907 2789 1072 2873 δικασταί,
1099 2781 1148 2868 οἷς

137 2893 190 2959 δελ
209 2895 271 2978 την
292 2897 518 2980 κληρονομίαν
546 2890 645 2960 εἶναι·
675 2894 716 2960 οὐ
744 2895 788 2978 μδ
810 2891 871 2959 Δί’
898 2894 940 2961 οὐ
964 2898 1146 2986 Θεοπόμπῳ

136 2995 215 3064 οὐδὲ
244 2999 454 3090 Μακαρτάτῳ
486 3008 532 3089 τῷ
565 3003 764 3085 Θεοπόμπου
791 3001 874 3084 υίεῑ,
905 3011 975 3078 τοῖς
1001 2998 1082 3086 μηδὲ
1109 3006 1147 3069 τὸ

135 3105 289 3192 παράπαν
313 3104 350 3171 έν
372 3115 417 3194 τῷ
442 3112 522 3195 οίκμ
552 3101 627 3172 οὖσι
653 3115 699 3193 τῷ
718 3104 862 3190 Ἁγνίου.
899 3105 981 3172 ἀλλὰ
1003 3112 1070 3174 τίνι
1093 3106 1147 3174 καὶ

136 3212 290 3291 δίδωσιν;
313 3222 382 3289 τοῖς
405 3210 555 3296 ἐκγόνοις
573 3223 643 3290 τοῖς
660 3209 809 3296 Ἁγνίου,
830 3222 900 3289 τοῖς
922 3207 1019 3278 οὖσιν
1043 3213 1079 3278 έν
1101 3223 1146 3302 τῷ

135 3323 215 3407 οἴκῳ
233 3326 279 3405 τῷ
300 3315 438 3383 ἐκείνου,
474 3327 577 3384 ταῦτα
599 3316 653 3384 καὶ
677 3319 695 3386 ὁ
714 3322 816 3404 νόμος
839 3316 938 3402 λέγει,
960 3317 1014 3383 καὶ
1037 3321 1074 3385 τὸ
1098 3322 1146 3386 δέ·

135 3445 231 3490 κακον
254 3422 357 3500 οὕτως
380 3425 454 3509 έχει.

96 3543 122 3588 ⁵³
204 3529 255 3595 Οά
281 3531 397 3594 τοίνυν
425 3524 452 3594 ὦ
479 3529 599 3615 ἀνδρες
626 3528 776 3597 δικασταὶ
803 3540 904 3596 ταῦτα
932 3524 994 3612 μὲν
1021 3517 1166 3592 ἔδωκεν
