2650 3918
201 174 266 240 288
493 178 592 230 LVIII.
621 174 925 247 [ΔΗΜοΣοωαοοΣ]

201 333 451 424 ἀπεχθάνεσθαι
464 336 647 421 βούλεσθαι
660 347 825 423 φανερῶς·
848 336 953 414 ούτῳς
970 337 1106 403 ἔλαττον
1124 335 1218 422 παρά

163 467 189 508 ιο
202 460 269 509 τισι
291 445 327 510 τὸ
352 445 481 510 δίκαιον
504 444 610 530 ίσχύει
627 451 685 527 της
701 445 891 530 παρρησίας.
926 446 1061 508 πολλῶν
1078 439 1110 507 δ’
1132 441 1218 526 ἡμῖν

203 545 228 614 ὦ
252 550 371 634 ἀνδρες
389 547 541 615 δικασταὶ
559 549 615 615 διδ
636 547 770 616 τουτονὶ
789 551 974 636 Θεοκρίνην
996 546 1218 635 ἀτυχημάτων
1229 569 1282 620 1341

203 653 239 718 ἐν
262 654 363 742 όλίγῳ
386 658 496 744 χρόνῳ
520 657 791 740 συμβεβηκότων,
818 655 957 732 οὐδενὸς
986 652 1122 720 ἔλαττόν
1144 653 1217 720 ἐστι

201 761 239 825 τὸ
257 770 321 826 νῦν
341 765 536 846 συμβαῖνον,
560 761 611 828 ὅτι
628 762 668 827 τά
689 761 784 827 δεινδ
801 759 857 826 καὶ
879 761 968 848 παρὰ
989 763 1066 837 τοὺς
1088 763 1217 844 νόμους

201 864 412 950 πεπραγμένα
427 869 599 953 Θεοκρίνει
616 875 662 954 τῳ
680 862 741 952 μὲν
764 865 863 954 πατρὶ
884 875 929 954 τῷ
953 869 1137 933 πεπονθότι
1159 863 1216 930 καὶ

202 969 375 1062 δυναμένῳ
398 971 441 1038 ἀν
463 974 610 1056 δηλῶσαι
637 974 720 1060 πρὸς
741 973 827 1057 ὑμᾶς
849 971 882 1052 ἐξ
906 971 1050 1058 ἀνάγκης
1071 971 1215 1058 ἡσυχίαν
1304 1000 1305 1055 j

202 1074 313 1144 ἑκτέον
336 1078 426 1145 ἐστίν
448 1076 500 1166 (οί
514 1079 577 1166 γὰρ
595 1082 695 1164 νόμοι
712 1089 814 1145 ταῦτα
835 1075 1055 1164 κελεύουσιν),
1079 1075 1153 1162 ἐμοὶ
1179 1073 1215 1142 δὲ

200 1192 246 1271 τῷ
269 1184 403 1250 πάντων
424 1186 553 1252 τούτων
579 1186 781 1272 ὑστερίζοντι
805 1183 954 1269 λεκτέον,
982 1182 1130 1260 καὶτοῖς
1152 1179 1214 1267 μὲν

201 1291 314 1369 ἀλλοις
339 1301 409 1369 τοῖς
437 1293 643 1375 τηλικούτοις
664 1293 700 1358 οί
719 1289 855 1378 πατέρες
882 1295 1088 1376 βοηθοῦσιν,
1117 1285 1216 1366 οὗτος

162 1417 188 1460 οι
202 1393 232 1460 δ’
259 1396 297 1464 ἐν
320 1395 394 1480 ἐμοὶ
415 1406 480 1463 νῦν
502 1399 570 1485 ἔχει
599 1399 656 1475 τὰς
679 1397 822 1476 ἐλπίδας.
867 1407 1019 1464 τοιοῦτον
1043 1391 1105 1463 οὖν
1129 1395 1216 1480 ἀγω-

200 1503 367 1586 νιζόμενοι
392 1501 506 1586 ἀγῶνα
534 1500 674 1587 δεόμεθ’Ι
693 1504 787 1588 ὑμῶν
815 1503 1004 1590 ἐπικουρεῖν
1030 1501 1129 1587 ἡμῖν,
1159 1498 1216 1567 καὶ

203 1605 307 1685 δεῖξαι
332 1616 434 1684 πᾶσιν
459 1608 527 1694 ότι,
553 1609 617 1676 κάν
643 1619 720 1688 παῖς
746 1609 810 1676 κάν
838 1607 948 1696 γέρων
969 1607 1033 1675 κάν
1054 1607 1216 1692 ἡντινοῦν

201 1712 332 1795 ἡλικίαν
354 1715 440 1799 ἔχων
461 1714 525 1802 ἤκη
547 1717 630 1801 πρὸς
646 1715 733 1800 ὑμᾶς
754 1716 836 1782 κατὰ
848 1707 938 1793 ’τοὺς
957 1717 1093 1800 νόμους,
1116 1709 1216 1790 οὗτος

201 1815 347 1895 τεύξεται
373 1818 507 1886 πάντων
535 1831 602 1887 τῶν
630 1822 779 1889 δικαίων.
823 1824 926 1888 καλὸν
952 1821 1015 1908 γδρ
1045 1817 1216 1905 ὧάνδρεῖ

203 1925 364 2010 δικασταί,
386 1927 466 2011 μήτε
483 1929 562 2004 τοὺς
578 1931 703 2012 νόμους
727 1925 808 2014 μηθ’
826 1929 912 2013 ὑμᾶς
930 1928 1051 2004 αὐτοὺς
1069 1924 1123 1992 ἐπὶ
1146 1937 1216 2003 τοῖς

203 2028 338 2114 λέγουσι
354 2044 474 2119 ποιεῖν,
497 2031 568 2100 ἀλλ’
591 2033 738 2112 ἐκείνους
756 2032 808 2121 ἐφ’
830 2034 923 2119 ὑμῖν,
945 2032 1000 2100 καὶ
1021 2031 1122 2120 χωρίς
1144 2035 1215 2118 κρί·

202 2159 275 2203 νειν
296 2138 374 2216 τούς
395 2134 424 2204 τ’
450 2135 489 2206 εὖ
511 2138 568 2206 καὶ
591 2152 703 2227 σαφῶς
727 2139 782 2206 καὶ
803 2143 882 2218 τοὺς
902 2141 944 2206 τά
966 2141 1077 2206 δίκαια
1101 2135 1215 2222 λέγον·

202 2264 272 2322 τας·
302 2242 379 2332 περὶ
410 2245 473 2333 γδρ
503 2247 624 2314 τούτου
651 2249 712 2332 την
737 2255 852 2332 ψῆφον
880 2241 1064 2330 ὀμωμόκατ’
1099 2250 1213 2310 οῖσειν.

163 2371 190 2412 οι
203 2351 244 2418 ού
266 2351 329 2438 γὰρ
357 2352 399 2435 δὴ
425 2355 532 2418 πείσει
553 2341 701 2438 ’γ”ῦμᾶς
730 2351 840 2430 οὐδεὶς
862 2353 907 2429 ὡς
929 2351 1159 2431 ἐπιλείψουσιν
1182 2349 1215 2414 οί

201 2467 346 2524 τοιοῦτοι
378 2453 531 2544 ῥήτορες,
561 2455 635 2524 οὐδ’
661 2459 705 2536 ὡς
731 2459 788 2524 διά
815 2466 913 2526 τοῦτο
941 2457 1096 2544 χεῖρονή
1119 2458 1214 2533 πόλις

202 2565 376 2646 οίκησεται.
419 2563 617 2630 τούναντίον
643 2563 718 2651 γάρ
735 2563 842 2649 ἐστιν,
870 2563 915 2640 ὡς
941 2562 1005 2646 ἐγὼ
1038 2573 1106 2628 τῦν
1137 2583 1213 2649 πρε-

203 2666 373 2754 σβυτέρων
402 2667 526 2736 ἀκούω·
558 2673 631 2736 τότε
653 2671 717 2756 γάρ
739 2686 843 2756 φασιν
866 2671 983 2756 ἄριστα
1009 2667 1131 2755 πρᾶξαι
1151 2670 1211 2752 την

202 2775 312 2856 πόλιν,
335 2773 389 2842 ὅτε
411 2771 538 2861 μίτριοι
560 2773 615 2842 καὶ
638 2777 808 2863 σώφρονες
829 2777 950 2861 ἀνδρες
972 2774 1211 2841 ἐπολιτεύοντο.

203 2881 343 2964 πότερον
372 2879 435 2967 γάρ
466 2882 675 2966 συμβούλους
701 2882 795 2969 εύροι
820 2905 870 2959 τις
896 2880 938 2947 ἀν
963 2881 1102 2958 τούτους
1131 2879 1209 2964 ἀγα-

203 2985 302 3063 θούςς
334 2981 406 3050 ἀλλ’
433 2982 534 3052 οὐδὲν
563 2985 600 3052 ἐν
627 2995 673 3076 τῷ
701 2989 794 3077 δήμῳ
825 2985 998 3072 λέγουσιν,
1030 2985 1114 3052 ἀλλὰ
1137 2989 1212 3063 τοὺς

164 3111 191 3152 οι
204 3089 334 3158 ἐκεῖθεν
352 3093 556 3178 γραφόμενοι
574 3085 721 3179 χρήματα
738 3093 975 3179 λαμβάνουσιν.
1012 3089 1030 3158 δ
1053 3090 1108 3158 καί
1130 3098 1211 3158 θαυ-

204 3199 330 3282 μαστόν
348 3196 456 3283 ἐστιν,
473 3197 524 3265 ὅτι
544 3201 659 3277 ζῶντες
677 3197 714 3264 ἐκ
731 3209 791 3266 τοῦ
815 3189 1046 3284 συκοφαντεῖν,
1068 3197 1110 3264 ού
1132 3214 1210 3283 φασι

204 3303 385 3388 λαμβάνειν
408 3303 472 3370 ἀπὸ
495 3314 553 3389 τῆς
574 3307 713 3381 πόλεως·
736 3302 791 3371 καὶ
808 3302 890 3391 πρὶν
910 3307 1110 3391 προσελθεῖν
1132 3306 1210 3391 πρὸς

203 3408 288 3494 ὑμᾶς
305 3404 408 3476 οὐδὲν
426 3411 566 3495 ἔχοντες,
588 3418 653 3479 νῦν
671 3409 890 3496 εὐποροῦντες
912 3406 992 3476 οὐδὲ
1013 3409 1110 3495 χάριν
1132 3409 1209 3494 ὑμῖν
1305 3455 1306 3474 ο

205 3507 355 3602 ἔχουσιν,
384 3513 468 3581 ἀλλά
494 3515 675 3600 περιιόντες
704 3513 857 3600 λέγουσιν
880 3515 925 3593 ὡς
947 3513 1100 3600 ἀβέβαιός
1122 3513 1209 3582 ἐστιν
