2658 3914
206 141 270 209 158
493 147 588 198 mx.
618 143 921 210 [επιτονοουονυ]

204 303 376 388 τιθέμενος
398 306 653 389 παραλήψεσθαι
677 301 753 370 οὔδ’
777 304 796 370 6
817 301 990 382 ὑποτιθεὶς
1010 305 1071 370 τὸν
1093 303 1222 390 χαλινὸν

203 412 425 496 παραδώσειν,
461 405 532 478 οὐδ’
566 405 609 475 αὖ
642 410 660 476 6
691 410 798 495 πατήρ
834 413 970 495 ἔμελλεν
1007 408 1107 486 αύτδς
1140 409 1222 474 ούτε
1233 415 1305 466 1²0⁰

204 523 309 583 οἰσειν
331 518 390 582 τὸν
411 517 535 601 χαλκὸν
558 517 633 583 ούτε
658 518 854 600 στήσεσθαι,
881 511 952 581 ἀλλ’
980 514 1102 583 οἰκέται
1130 509 1222 598 ήσαν

204 621 305 710 αὐτῷ,
327 623 362 688 οδ
381 623 421 688 τά
444 620 580 708 ἐνέχυρα
608 631 675 687 τῶν
702 621 930 707 δανεισμάτων
952 621 1221 707 παρελάμβανον.

164 747 190 787 τι
204 727 362 812 θαυμάζω
386 724 417 793 δ’
444 729 547 812 ἐχωχε
568 724 624 792 τταλ
646 728 737 804 τίνος
763 728 806 793 άν
832 747 912 793 ποτε
935 728 1044 792 εἵνεκα
1065 726 1221 791 ὑπετίδει

203 834 262 898 τὸν
289 834 411 919 χαλκὸν
438 841 483 921 τῷ
510 830 610 919 πατρὶ
636 840 681 921 τςό
711 831 777 920 ἐμρλ
807 832 825 899 6
853 833 1014 910 Βοιώτιος
1039 833 1220 918 ναύαρχος,

205 941 358 1028 Φιλίππῳ
383 937 527 1023 ὀφείλων
549 939 656 1024 χιλίας
683 938 839 1022 δραχμάς.
880 941 1021 1024 πότερον
1044 938 1089 1015 ὡς
1111 939 1130 1004 6
1155 941 1219 1003 Φί-

204 1047 323 1122 λιππος
345 1044 407 1110 οὐκ
429 1043 472 1110 δν
489 1042 594 1128 ήδέως
614 1045 714 1110 τόνον
732 1043 929 1128 ἐλάμβανεν,
951 1045 1042 1128 εἰπερ
1060 1041 1219 1128 ἀσφαλῶς

203 1145 245 1234 ήν
268 1149 356 1238 αὐτῷ
379 1152 417 1216 τὸ
440 1149 601 1236 ἀργύριον
626 1147 885 1233 δεδανεισμένον
905 1146 961 1214 ιιαί
983 1146 1032 1214 ἐπ’
1055 1149 1217 1242 ἐνεχύρῳ;

204 1254 225 1340 ἢ
249 1257 294 1335 ὡς
316 1256 378 1324 ούτι
399 1251 442 1340 ἦν
464 1263 510 1342 τῷ
535 1258 691 1346 Φιλίππῳ
715 1253 890 1341 άρνύριονς
914 1255 997 1320 ὥστε
1019 1258 1055 1320 τί
1069 1256 1137 1322 ἔδει
1154 1266 1219 1322 τοῦ

202 1365 324 1449 πατρὸς
341 1372 402 1428 τοῦ
419 1361 501 1445 ἐμοῦ
520 1362 683 1446 δεηθῆναι
702 1362 853 1426 δανεῖσαι
870 1361 928 1438 τάς
945 1349 1051 1446 χιλίας
1068 1361 1218 1447 δραχμάς

203 1470 262 1534 τὸν
284 1469 448 1533 Βοιώτιον
469 1468 639 1553 ναύαρχον
665 1464 721 1532 τιαί
750 1465 934 1532 ἀποδοῦναι
957 1469 1216 1555 Φιλίππωμάλ-

164 1591 191 1633 ιι
205 1578 265 1637 λον
295 1571 316 1654 ή
346 1570 387 1636 ού
415 1572 474 1636 τὸν
502 1573 626 1656 χαλτιὸν
654 1572 834 1638 ὑποθεῖναι
863 1581 908 1661 τῷ
941 1575 1110 1661 Φιλίππῳς
1137 1568 1210 1637 ἀλλ’

205 1673 280 1742 οὔδ’
308 1676 326 1742 6
356 1676 476 1760 χαλκὸς
508 1673 653 1760 ὑπετέδη
684 1671 711 1741 ὦ
741 1677 860 1763 ἄνδρες
893 1678 1047 1743 δικασταί
1052 1727 1061 1762 ,
1091 1674 1168 1744 οὔδ’
1194 1677 1214 1743 6

203 1783 364 1858 Βοιώτιος
399 1781 565 1868 ναύαρχος
606 1779 797 1849 ἐδανείσατο
833 1783 891 1860 τάς
926 1786 1034 1871 χιλίας
1069 1784 1215 1869 δραχμάς

203 1888 291 1973 παρὰ
314 1897 374 1953 τοῦ
396 1889 518 1975 πατρὸς
539 1897 600 1954 τοῦ
624 1883 721 1972 ἐμοῦ,
744 1887 828 1954 άλλδ
855 1892 1019 1974 Τιμόθεος
1041 1886 1154 1956 οὑτοσί
1176 1887 1213 1954 ἐν

205 1993 326 2082 άπορίςι
339 1994 387 2060 ών
400 1999 519 2080 πολλή·
538 1995 599 2079 τήν
617 1990 655 2060 δέ
671 1998 797 2081 χρείαν,
815 1997 863 2073 εἰς
877 1994 920 2078 ἣν
933 1997 1153 2081 κατεχρήσατο
1167 1997 1211 2082 τῷ

206 2098 372 2190 άρχυρίςο,
398 2107 514 2187 εἰρηνα
540 2099 630 2185 ὑμῖν.
672 2097 747 2166 άντλ
769 2097 807 2168 δέ
828 2111 889 2168 τοῦ
911 2101 1008 2188 χάριν
1030 2099 1212 2167 ἀποδοῦναι
1308 2123 1309 2152 ι

204 2201 252 2273 ών
275 2206 454 2291 ἐπιστεύθη
486 2203 542 2272 καὶ
568 2208 665 2291 ἔλαβε
692 2207 781 2293 παρὰ
806 2215 867 2272 τοῦ
892 2208 1015 2291 πατρὸς
1036 2217 1096 2272 τοῦ
1120 2205 1210 2291 ἐμοῦ,

204 2319 307 2380 οίεται
328 2314 400 2380 δείν
418 2309 475 2378 καὶ
495 2312 535 2377 τὰ
555 2309 685 2398 άρχαῑα,
710 2311 753 2378 δν
774 2312 923 2396 δύνηται,
944 2310 1171 2398 άποστερήσαι.
1307 2359 1308 2379 ι

164 2436 191 2479 ιι
270 2416 357 2505 Περὶ
380 2421 497 2485 τοίνυν
519 2428 585 2484 τῶν
607 2423 738 2504 φιαλῶν
764 2415 819 2484 τταί
845 2427 902 2502 της
924 2426 1007 2502 μνᾶς
1028 2425 1089 2483 τού
1111 2417 1209 2504 άρχυ-

203 2528 297 2609 ρίου,
330 2523 373 2608 ἣν
407 2523 598 2590 ἐδανείσατο
631 2524 720 2610 παρὰ
753 2531 813 2589 τοῦ
846 2525 969 2610 πατρὸς
996 2522 1124 2608 πέμψας
1152 2525 1209 2590 τὸν
1306 2545 1307 2601 ι

204 2627 394 2695 άιιόλουθον
416 2632 475 2696 τὸν
503 2627 622 2695 ἑαυτοῦ
644 2632 836 2716 Αἰσχρίωνα
862 2639 920 2714 τῆς
945 2631 1064 2706 νυκτὸς
1086 2629 1130 2706 ὡς
1151 2630 1209 2695 τὸν

203 2732 326 2820 πατέρα
349 2737 407 2800 τὸν
430 2734 523 2819 ἐμόν,
544 2735 673 2821 ἠρόμην
700 2735 801 2801 αὐτὸν
827 2737 910 2822 πρὸς
930 2744 975 2824 τῷ
999 2737 1158 2821 διαιτητῇ,
1180 2736 1209 2799 εἰ
1305 2771 1306 2822 5

205 2845 253 2907 ἐτι
277 2842 397 2916 δοῦλος
423 2847 472 2924 εἰη
496 2840 514 2907 6
537 2843 723 2927 Αἰσχρίων,
748 2838 804 2907 τιαλ
829 2840 945 2926 ήξίονν
972 2841 1073 2907 αύτδν
1101 2840 1137 2907 έν
1163 2847 1206 2929 τῷ

205 2945 342 3032 δέρματι
369 2947 428 3012 τὸν
458 2948 594 3032 ἔλεγχον
621 2947 761 3014 διδόναι.
797 2944 1062 3033 ἀποκριναμένου
1089 2944 1130 3012 δέ
1153 2969 1207 3031 μοι
1304 2977 1305 3028 χ

203 3053 325 3118 τούτου
354 3051 406 3117 ὅτι
436 3051 611 3137 ἐλεύθερος
641 3059 704 3136 εἰη,
737 3061 795 3137 τῆς
827 3048 889 3137 μὲν
918 3051 1110 3137 ἐξαιτήσεως
1137 3049 1206 3118 ἐπέ-
1304 3029 1305 3047 ¹

205 3176 303 3244 σχον,
338 3160 522 3244 μαρτυρίαν
557 3153 588 3222 δ’
624 3157 725 3224 αὐτὸν
760 3157 876 3242 ήξίονν
912 3156 1113 3243 ἐμβαλέσθαι
1147 3167 1205 3224 τοῦ

164 3282 191 3323 ⁵⁶
205 3267 412 3350 Αἰσχρίωνος
434 3264 478 3340 ὡς
501 3260 681 3349 ἐλευθέρου
700 3265 802 3340 ὄντος.
844 3264 862 3330 6
886 3260 923 3330 δέ
946 3263 1022 3330 οὔτε
1048 3264 1093 3340 ὡς
1118 3263 1204 3329 ἐλευ-
1213 3281 1267 3332 1201

203 3369 309 3456 δέρον
344 3371 440 3444 ὄντος
472 3378 532 3434 τοῦ
562 3370 768 3454 Αἰσχρίωνος
801 3371 985 3456 μαρτυρίαν
1018 3367 1203 3454 παρέσχετο,

204 3472 282 3542 οὔδ’
309 3475 353 3551 ώς
376 3476 499 3541 δοῦλον
520 3476 580 3540 τὸν
602 3476 792 3559 Αἰσχρίωνα
813 3473 982 3559 παραδούς
1004 3472 1041 3539 ἐκ
1061 3483 1121 3540 τοῦ
1144 3475 1203 3540 σώ-
1301 3561 1302 3566 ¹
