2656 3926
177 136 242 200 416
539 135 819 206 Δεαοευεειουε

177 295 278 376 δόξαν
301 299 388 382 ἔχειν
410 295 431 380 ἣ
454 294 497 379 ἣν
524 293 599 382 περὶ
627 299 746 375 ζῶντος
772 291 868 382 εἴχετ’
896 293 1041 377 ἐκείνου,
1067 289 1124 359 καὶ
1150 295 1200 360 τὸ

175 413 243 469 τῶν
256 405 542 486 τετελευτηκότων
564 401 585 486 ἢ
608 413 675 468 τῶν
694 404 870 486 παρόντων
891 404 994 465 πλείω
1016 405 1198 466 ποιεῖσθαι

176 510 278 593 λόγον
297 511 426 573 δίκαιον
444 503 542 590 εἶναι,
566 505 621 573 καὶ
638 508 746 574 πάντα
762 509 802 572 τά
820 503 958 590 τοιαῦτ’,
981 505 1080 570 έάσω·
1094 505 1196 590 ’παρά

176 615 238 699 γάρ
265 623 367 679 πᾶσιν
394 611 631 699 ὁμολογεῖσθαι
658 609 756 680 ταῦθ’
783 613 964 697 ὑπείληφα
993 611 1084 688 ὅσοις
1111 609 1195 696 μέν·
1290 693 1291 700 ¹

176 743 226 786 τοι
248 721 407 805 πατρικάς
429 719 616 805 εὐεργεσίας
644 718 952 804 ἀπομνημονεύσατε
975 723 1041 782 τῶν
1065 718 1194 801 ἄλλων,

175 823 279 908 ἡδέως
301 820 468 911 ἀνάλωμ’
495 819 580 909 ὑμᾶς
602 825 891 910 ἀναμνησθέντας,
919 817 992 892 οἷον
1014 834 1084 900 τοίς
1102 821 1193 909 Ἀρι-
1290 827 1291 830 ’

177 934 308 998 στείὺον
331 930 386 998 καὶ
410 933 651 1017 Θρασυβούλου
679 930 734 997 καὶ
761 941 831 1009 τοϊς
850 929 1003 1017 Ἀρχίνου
1029 928 1084 995 κοιλ
1106 935 1192 994 πολ-

137 1054 163 1095 20
178 1042 245 1103 λῶν
275 1036 395 1125 ἑτέρων
428 1037 615 1121 ἀπογόνοις.
661 1039 724 1124 οὐχ
754 1039 798 1115 ὡς
832 1037 988 1121 ἐπιτιμῶν
1019 1033 1191 1102 δὲταῦτα

175 1147 372 1230 παρήνεγκα.
404 1138 568 1210 τοσούτου
584 1145 648 1230 γάρ
668 1143 731 1210 ὑέω
749 1149 850 1210 τοῦτο’
865 1155 985 1227 ποιεῖν,
1003 1143 1085 1207 ὥστε
1104 1158 1191 1227 συμ

176 1248 290 1336 φέρειν
313 1251 453 1335 μάλιστα
475 1259 514 1336 ’τῇ
537 1253 631 1316 πόλει
652 1251 693 1314 τά
715 1261 852 1316 τοιαῦτα
874 1254 994 1335 κρίνω·’
1014 1254 1189 1333 προκαλεῖ-

176 1363 238 1422 σθε
261 1357 325 1442 γάρ
347 1357 471 1433 πάντας
493 1355 529 1422 ἐκ
550 1358 678 1422 τούτων
702 1358 899 1441 ἀημοτικοὺς
921 1351 1019 1439 εἶναι,
1041 1355 1190 1440 ὁρῶντας

176 1463 226 1528 ὅτι
250 1462 313 1528 κάν
342 1461 380 1528 έν
408 1471 453 1551 τῷ
483 1460 561 1527 καθ’
588 1460 725 1538 ἑαυτοὺς
753 1464 815 1552 βίφ
845 1471 916 1539 ταῖς
944 1463 1188 1547 προσηκούσαις
1290 1513 1291 1520 2

176 1568 285 1633 αὑτῶν
307 1579 415 1652 τιμαῖς
437 1568 455 1634 ὁ
479 1571 609 1652 φθόνος
627 1567 774 1654 ἀντιστῇ,
796 1579 866 1644 τοῖς
888 1591 926 1652 γε
949 1565 1064 1633 παισὶν
1082 1567 1187 1653 ὑπάρ-

137 1691 162 1730 21
177 1671 224 1751 ξει
246 1673 286 1738 τά
312 1675 521 1758 προσήκοντα
547 1670 623 1760 παρ’
650 1673 745 1756 ὑμῶν
772 1680 984 1758 κομίσασθαι.
1027 1685 1096 1750 πῶς
1123 1667 1186 1739 οὑν

176 1778 237 1844 οὐκ
261 1779 400 1862 ἀτοπον,
415 1783 554 1862 Ιμάλλον
579 1774 616 1845 ἀὲ
638 1776 694 1845 καὶ
721 1782 876 1866 αἰσχρόν,
901 1791 968 1845 τῶν
990 1775 1051 1864 μὲν
1074 1781 1185 1845 ἀλλων
1290 1839 1291 1844 ,

174 1881 256 1968 τισὶ,
283 1881 337 1951 καὶ
363 1873 513 1950 παλαιῶν
541 1884 648 1950 ὄντων
675 1895 743 1951 τῶν
771 1889 902 1973 χρόνων
931 1884 1008 1951 καθ’
1035 1885 1094 1964 οὓς
1117 1885 1185 1970 ἐγέ-

174 2013 274 2056 νοντο
304 1991 476 2076 χρήσιμοι,
504 1989 559 2056 καὶ
590 1988 634 2056 δι’
661 1984 709 2056 ὧν
739 1990 873 2058 ἀκούετε
902 1993 959 2070 τάς
987 1992 1186 2078 εὐεργεσίας,

176 2096 236 2162 οὑκ
263 2095 296 2174 ἐξ
325 2091 372 2162 ὧν
400 2088 555 2183 ἑοράκαθ’
581 2097 818 2184 ὑπειληφότας,
850 2097 938 2182 ὅμως
964 2099 1026 2182 τὴν
1053 2100 1185 2164 ἀικαίαν

175 2203 310 2268 εὔνοιαν
338 2201 527 2292 διασῴζειν,
549 2205 736 2293 Λυκούργῳ
765 2201 794 2270 δ’
823 2202 928 2281 οὑτως
953 2205 1103 2288 ὑπογύου
1130 2203 1185 2271 καὶ

136 2323 162 2362 22
175 2318 233 2392 τῆς
254 2312 419 2386 πολιτείας
444 2307 500 2375 καὶ
527 2319 584 2395 τῆς
610 2313 969 2397 τελευτῆς-γεγονυίας,
991 2309 1067 2395 μηδ’
1094 2312 1184 2389 είςά

174 2413 229 2480 καλ
258 2427 327 2491 τοίς
354 2401 503 2498 Ιἀγνῶσιν
532 2414 587 2482 καὶ
617 2413 675 2502 ὑφ’
703 2411 749 2482 ὧν
777 2415 945 2484 ἀάικοῐσθ’
975 2418 1099 2504 ἕτοιμοι
1125 2421 1184 2485 τὸν

176 2523 280 2586 ἀλλον
303 2515 359 2604 ᾗτε
381 2523 521 2607 χρόνον,
548 2525 595 2599 είς
618 2525 712 2589 ἔλεον
738 2521 794 2589 καὶ
815 2528 1083 2610 φιλανθρωπίαν,
1105 2523 1181 2610 μηδ’

175 2629 222 2702 είς
243 2622 343 2691 ταῦθ’
364 2626 450 2710 ὑμᾶς
468 2629 590 2704 αὐτοὺς
608 2629 744 2713 ὁμοίους
764 2629 931 2716 παρέχειν,
952 2629 1008 2696 καὶ
1026 2629 1115 2697 ταῦτ’
1137 2633 1183 2709 είς

174 2734 252 2808 τοὺς
273 2732 393 2808 παῖδας
416 2728 519 2799 αὑτοῦ
542 2733 741 2819 γιγνομένης
763 2744 820 2818 τῆς
840 2741 1014 2822 τιμωρίας,
1040 2737 1100 2814 οὑς
1121 2736 1182 2802 κάν

176 2837 306 2924 ἐχθρὸς,
329 2843 419 2921 είπερ
443 2837 572 2925 μέτριος
589 2847 640 2924 εἴη
659 2838 714 2905 καὶ
736 2842 896 2925 λογισμὸν
920 2844 1015 2927 έχων,
1037 2842 1185 2928 ε’λεήσαι;Ι

135 2964 160 3004 ιε
243 2943 403 3029 Θαυμάζω
426 2948 542 3010 τοίνυν
564 2942 620 3009 καὶ
643 2942 730 3011 τοῦτ’
752 2951 787 3011 εί
804 2968 854 3021 τις
875 2945 969 3030 ὑμῶν
992 2946 1117 3033 ἀγνοεῖ,
1139 2949 1181 3026 ὡς
1191 2964 1253 3014 1480

175 3045 255 3117 οὐδὲ
277 3060 374 3116 τοῦτο
398 3048 558 3138 συμφέρει
580 3060 620 3136 τῇ
641 3055 790 3139 πολιτείᾳ
807 3055 954 3137 φανερὸν
972 3058 1180 3140 γιγνόμενον,

174 3157 225 3221 ὅτι
248 3169 316 3232 τοῖς
338 3153 400 3242 μὲν
422 3149 530 3240 ἀλλην
554 3157 629 3222 τινά
655 3155 869 3242 κτησαμένοις
891 3162 1022 3243 φιλίαν,
1049 3158 1105 3226 καὶ
1126 3185 1179 3226 κα·
1290 3177 1291 3184 ³

174 3268 357 3348 τορθοὺσιν
381 3261 417 3328 ἐν
439 3271 540 3328 πᾶσιν
561 3268 770 3329 πλεονεκτεῖν
793 3263 948 3351 ὑπάρχει,
974 3265 1037 3332 κάν
1064 3265 1179 3353 ἀτυγη-
1290 3289 1291 3346 g

174 3372 278 3433 σωσίν
306 3392 356 3453 τι,
391 3368 507 3456 ῤηὺίας
536 3365 622 3434 εἶναι
649 3369 706 3446 τάς
733 3370 861 3454 λύσεις,
894 3381 964 3447 τοῖς
991 3368 1023 3436 δ’
1049 3373 1097 3450 είς
1122 3375 1178 3439 τὸν
1290 3373 1291 3464 λ

174 3473 280 3554 δῆμον
313 3467 534 3560 ἀναρτησασιν
566 3471 718 3560 ἑαυτούς,
754 3475 795 3542 ού
832 3479 936 3560 μόνον
971 3477 1052 3542 κατὰ
1091 3471 1178 3544 τᾶλλ’
