2650 3918
501 206 596 258 ΚΑΤΑ
613 207 779 266 mm.
1079 207 1146 272 325

137 363 287 449 ἕκαστον,
309 366 341 430 τί
358 365 426 430 ἔστι
444 368 629 443 Πλαταιεὺς
651 364 706 430 καί
729 367 761 432 εί
781 377 848 432 τῶν
870 370 978 452 φίλων
999 376 1067 432 τῶν
1089 377 1146 451 της

135 473 279 554 πόλεως,
305 470 428 555 ἵναμὴ
452 469 505 537 ἐπὶ
527 472 629 558 ταύτῃ
656 480 695 557 τῇ
724 473 889 558 προφάσει
910 471 1027 541 πολλοί
1050 495 1145 557 μετα-

135 576 263 660 λάβωσι
281 584 338 660 τῆς
354 579 532 654 πολιτείας·
554 577 665 642 ἔπειτα
682 578 761 653 τοὺς
784 577 1045 662 δοκιμασθέντας
1066 577 1144 644 ἀνα-

135 689 303 766 γραφῆναι
330 678 367 746 ἐν
395 683 497 768 στήλη
524 685 656 770 λιθίνη,
681 682 738 748 καὶ
765 691 880 767 στῆσαι
908 683 946 750 έν
968 682 1146 770 ἀκροπόλει

6 815 7 818 “
133 787 224 871 παρά
246 794 285 874 τῇ
307 793 394 874 θεῷ,
420 788 476 852 ’ίνα
499 783 640 875 σῴζηται
661 787 682 871 η
707 787 828 873 δωρειά
850 799 919 864 τοῖς
941 787 1146 874 ἐπιγιγνομέ-

81 915 119 956 106
133 915 219 977 νοις,
240 886 295 957 καί
318 884 339 976 ᾗ
363 890 525 975 ἐξελέγξαι
543 891 622 958 ότου
636 879 827 970 ἀνῑὲκαστος
843 884 866 979 ᾖ
885 897 1054 978 συγγενής.
1090 892 1146 959 καί

81 1075 84 1086 ὅ
133 998 275 1082 ὕστερον
295 997 357 1062 οὐκ
374 995 414 1084 έᾷ
430 1000 606 1081 γίγνεσθαι
624 994 806 1083 Ἀθηναῖον
824 996 956 1082 ἐξεῖναι,
978 998 1014 1077 ὃς
1036 999 1079 1066 ἀν
1100 1002 1144 1084 μη

133 1112 199 1170 νῦν
217 1101 352 1187 γένηται
369 1100 425 1168 καὶ
444 1103 632 1189 δοκιμασθῇ
656 1101 694 1168 έν
715 1112 761 1191 τῷ
786 1105 996 1194 δικαστηρίῳ,
1017 1113 1079 1171 τοῦ
1101 1106 1145 1189 μὴ

133 1210 279 1286 πολλοὺς
296 1209 483 1292 φάσκοντας
500 1205 686 1286 Πλαταιέας
707 1204 793 1276 εἶναι
815 1210 1066 1288 κατασκευάζειν
1088 1211 1146 1276 αῦ-

133 1326 204 1391 τοῖς
221 1317 399 1381 πολιτείαν.
435 1316 546 1380 ἔπειτα
563 1310 696 1381 καὶτὸν
712 1318 818 1400 νόμον
840 1315 1017 1403 διωρίσατο
1040 1314 1077 1382 ἐν
1099 1325 1144 1405 τῷ

133 1423 320 1506 ψηφίσματι
348 1421 431 1507 πρὸς
459 1419 580 1497 αὐτοὺς
609 1417 735 1496 εὐθέως
759 1418 842 1506 ὑπέρ
870 1443 905 1486 τε
934 1429 992 1505 τῆς
1019 1423 1147 1498 πόλεως

133 1525 189 1592 καί
219 1535 286 1592 τῶν
318 1531 427 1609 θεῶν,
456 1521 537 1608 [καί]
566 1526 611 1611 μη
645 1523 766 1604 ἐξεῖναι
793 1525 903 1591 αὐτῶν
930 1523 1048 1612 μηδενί
1078 1538 1146 1593 τῶν

135 1629 233 1697 έννέα
255 1629 426 1718 ἀρχόντων
448 1636 561 1719 λαχεῖν
579 1626 662 1716 μηδὲ
682 1630 863 1715 ἱερωσύνης
885 1632 1055 1716 μηδεμιᾶς,
1076 1644 1146 1710 τοῖς

135 1735 166 1803 δ’
194 1736 231 1803 ἐκ
252 1738 399 1821 τούτων,
421 1735 465 1802 ἀν
487 1732 571 1803 ὦσιν
594 1735 627 1815 ἐξ
651 1735 751 1821 ἀστῆς
772 1739 928 1820 γυναικὸς
949 1735 1006 1804 καὶ
1028 1736 1145 1823 ἐγγυη-

134 1851 193 1927 τῆς
214 1843 296 1909 κατά
318 1844 377 1908 τὸν
399 1845 514 1926 νόμον.

81 1973 120 2014 τοι
203 1947 338 2013 Οὐκοῦν
368 1948 495 2025 δεινόνς
528 1948 610 2032 πρὸς
636 1943 698 2032 μὲν
728 1949 806 2025 τοῦς
834 1945 1066 2032 ἀστυγείτονας
1091 1947 1147 2015 καὶ

136 2049 410 2139 ὁμολογουμένως
438 2050 594 2136 ἀρίστους
620 2063 687 2118 τῶν
704 2049 874 2137 Ἑλλήνων
895 2054 943 2129 είς
964 2054 1026 2138 τὴν
1047 2055 1146 2119 πόλιν

136 2154 375 2245 γεγενημένους
389 2155 475 2220 οὕτω
493 2160 601 2232 καλῶς
620 2155 674 2221 καί
692 2155 835 2242 ἀκριβῶς
852 2158 1055 2243 διωρίσασθε
1071 2159 1146 2244 περὶ

137 2261 295 2345 ἑκάστου,
318 2258 369 2347 ἐφ’
397 2251 447 2337 οἷς
470 2261 524 2326 δεῖ
543 2263 631 2346 ἔχειν
651 2263 713 2346 τὴν
737 2261 891 2348 δωρειάν,
913 2263 974 2346 τὴν
997 2258 1034 2327 δὲ
1055 2283 1145 2348 περι-

137 2377 255 2454 φανῶς.
274 2367 310 2433 έν
328 2365 437 2452 άπάση
455 2374 494 2452 τῇ
511 2360 646 2431 Ἑλλάδι
668 2364 948 2452 πεπορνευμένην,
970 2366 1075 2444 οὕτως
1095 2369 1146 2433 αί-

138 2485 246 2561 σχρῦς
266 2471 322 2539 καὶ
345 2473 514 2557 ὀλιγώρως
541 2470 652 2538 ἐάσετε
674 2471 875 2557 ὑβρίζουσαν
897 2474 944 2549 είς
966 2474 1027 2556 την
1047 2475 1146 2539 πόλιν

137 2578 193 2646 καί
225 2578 411 2663 ἀσεβοῦσαν
437 2579 485 2654 είς
514 2578 594 2654 τοῦς
620 2580 722 2654 θεοὺς
748 2577 969 2662 ἀτιμώρητον,
999 2577 1042 2662 ἣν
1070 2579 1145 2644 οὔτε
1161 2596 1229 2650 ῖῖεε

138 2685 175 2751 οί
198 2687 360 2771 πρόγονοι
391 2683 495 2766 ἀστὴν
524 2680 700 2749 κατέλιπον
727 2679 804 2750 οὔθ’
835 2683 854 2749 ὁ
886 2683 990 2768 δῆμος
1015 2688 1145 2751 πολῖτιν

85 2817 124 2857 ιοε
139 2789 327 2874 έποιησατο;
351 2799 417 2856 ποῦ
435 2789 498 2873 γάρ
518 2788 599 2872 αῦτη
623 2788 683 2855 οὐκ
705 2794 872 2872 εἴργασται
893 2795 939 2877 τῷ
963 2790 1102 2874 σώματος
1123 2788 1145 2873 ἢ

138 2905 200 2961 ποῖ
219 2895 280 2962 οὐκ
303 2896 467 2981 έληλυθεν
491 2892 544 2960 ἐπὶ
566 2901 611 2982 τῷ
630 2889 707 2960 καθ’
729 2890 855 2977 ἡμέραν
876 2900 1002 2982 μισθῷς
1025 2895 1087 2960 οῦκ
1108 2894 1145 2960 ἐν

139 3003 388 3090 Πελοποννήσῳ
411 2997 472 3085 μὲν
494 2999 599 3086 πάση,
628 2999 666 3065 έν
689 3001 848 3085 Θετταλίᾳ
871 2995 908 3065 δὲ
930 2997 985 3064 καὶ
1006 3002 1146 3083 Μαγνη·

141 3108 196 3193 σίη
219 3106 299 3190 μετὰ
317 3109 427 3189 Σίμου
448 3113 508 3171 τοῦ
526 3107 712 3190 Λαρισαίου
734 3102 789 3169 καὶ
806 3103 1065 3188 Εὐρυδάμαντος
1086 3114 1146 3170 τοῦ

140 3212 314 3295 Μηδείου,
346 3208 383 3275 ἐν
406 3213 476 3298 Χίςο
506 3205 543 3275 δδ
569 3206 625 3275 καί
654 3208 690 3274 έν
708 3206 818 3296 Ἰωνίη
844 3218 883 3294 τῇ
908 3212 1043 3296 πλείστη
1066 3210 1146 3293 μετά

141 3315 304 3382 Σωτάδου
330 3323 390 3379 τοῦ
417 3315 547 3398 Κρητὸς
572 3314 821 3396 ἀκολουθοῦσα,
850 3319 1059 3396 μισθωθεῖσα
1080 3312 1146 3378 ῦπὸ

141 3430 199 3506 τῆς
214 3416 410 3507 Νικαρέτης,
433 3418 486 3484 ὅτε
505 3422 553 3484 ἔτι
571 3418 697 3503 ἐκείνης
713 3414 771 3503 ηυς
794 3418 854 3501 την
877 3417 918 3499 δὴ
941 3415 999 3500 ὑφ’
1026 3413 1147 3498 ἑτέροις

143 3521 247 3594 οὖσαν
264 3524 320 3592 καί
341 3522 595 3590 ἀκολουθοῦσαν
616 3532 662 3610 τῷ
685 3525 812 3589 διδόντι
834 3523 871 3586 τί
889 3525 1002 3585 οἴεσθε
1023 3530 1144 3598 ποιεῖν;
