2656 3926
424 190 612 243 ωεοοωωα
639 191 835 244 xm-xnm.
1066 191 1139 282 389Ὦ

588 353 666 414 ΜΒ.

192 450 304 522 Οὐδέν
340 451 430 520 ἐστιν
462 449 489 520 ὦ
520 455 640 540 ἄνδρες
667 452 839 540 Ἀθηναῖοι
874 455 964 524 τοῦτ’
997 458 1133 542 ἄλογον,

120 561 203 638 τούς
226 557 356 627 ἀείκαὶ
378 571 524 646 συνεχῶς
545 556 629 646 ὑπὲρ
652 571 718 626 τῶν
741 560 940 648 ὀλιγαρχιῶν
962 568 1132 630 πολιτευο-

120 665 260 751 μένους,
281 662 338 731 καί
358 676 423 732 νῦν
450 674 552 730 ταῦτα
579 675 757 743 ποιοῦντας
784 663 1020 753 ἐξελέγχεσθαι.
1056 666 1128 735 ἀλλ’

120 772 231 838 έκεῖνο
254 775 379 856 μᾶλλον
401 773 444 836 ἀν
465 795 515 848 τις
532 772 666 847 εἰκότως
682 771 865 857 θαυμάσαι,
886 776 924 840 τὸ
947 778 1024 852 τοὺς
1046 777 1132 842 είδο-

119 901 179 954 τας
201 878 285 962 ὑμᾶς
306 888 408 944 ταῦτα
425 876 583 953 πολλάκις
600 877 698 960 ἥδιον
715 878 842 944 τούτων
865 877 1000 945 ἀκούειν
1022 879 1043 965 ἢ
1065 891 1132 948 τῶν

120 980 206 1070 ὑπὲρ
227 985 321 1069 ὑμῶν
344 985 520 1066 λεγόντων.
561 988 640 1060 ἴσως
661 978 723 1068 μὲν
745 979 808 1049 οὖν
831 984 940 1071 ὥσπερ
963 983 1034 1051 οὐδ’
1062 988 1131 1074 ἰδία

121 1085 243 1176 ῥᾴδιόν
279 1089 371 1155 ἐστιν
408 1084 525 1154 ἅπαντ’
561 1088 673 1174 ὀρθῶς
707 1089 879 1175 πράττειν,
916 1090 1022 1168 ούτως
1053 1090 1133 1158 οὐδὲ

91 1206 233 1282 εκοινῇ·
264 1191 334 1260 ἀλλ’
363 1193 403 1261 οὐ
434 1193 475 1278 δὴ
504 1194 544 1259 τά
575 1192 711 1278 μέγιστά
738 1217 776 1279 γε
805 1195 867 1281 χρὴ
896 1205 1056 1281 παρορᾶν.
1093 1199 1133 1264 τά

119 1298 183 1386 μέν
207 1297 270 1367 οὖν
293 1303 378 1366 ἀλλα
399 1297 495 1364 πάντ’
516 1297 607 1365 ἐστὶν
625 1299 760 1366 ἐλάττω·
783 1300 864 1368 ὅταν
882 1300 914 1367 δ’
934 1299 1017 1389 ὑπὲρ
1039 1308 1132 1371 πολι-

119 1411 209 1483 τείας
220 1405 276 1472 καὶ
285 1416 422 1492 σφαγῶν
431 1402 486 1471 καὶ
496 1405 604 1490 δύμον
613 1406 820 1484 καταλύσεως
831 1407 973 1493 εὐχερῶς
982 1407 1133 1495 ἀκούητε,

120 1523 190 1590 πῶς
204 1513 265 1579 ούκ
280 1510 341 1590 ἔξω
354 1511 416 1598 χρὴ
430 1519 490 1577 τοῦ
504 1519 644 1597 φρονεῖν
656 1511 742 1596 ὑμᾶς
752 1513 900 1595 [αὐτοὺς]
914 1513 1084 1597 ἡγεῖσθαι;
1099 1515 1136 1581 οί

120 1616 183 1706 μὲν
205 1620 269 1706 γὰρ
291 1619 386 1684 ἀλλοι
408 1618 528 1694 πάντες
549 1617 724 1704 ἅνθρωποι
746 1629 816 1695 τοῖς
834 1616 955 1705 ἑτέρων
976 1619 1132 1706 παραδεί-
1227 1652 1228 1656 “

121 1743 223 1811 γμασι
236 1726 401 1812 χρώμενοι
414 1727 541 1808 μᾶλλον
560 1723 712 1808 εὐλαβεῖς
730 1723 825 1790 αὐτοὶ
838 1729 1023 1809 γίγνονται·
1037 1725 1132 1809 ὑμεῖς

122 1830 153 1896 δ’
172 1828 251 1898 οὐδὲ
267 1831 308 1897 τά
326 1841 395 1906 τοῖς
412 1831 525 1905 ἄλλοις
550 1827 763 1914 συμβαίνοντ’
787 1828 962 1908 ἀκούοντες
979 1835 1130 1918 φοβηθῆ-

121 1963 178 2005 ναι
192 1939 352 2021 δύνασθε,
371 1933 442 2001 ἀλλ’
461 1934 480 2000 δ
498 1937 576 2011 τοὺς
594 1935 664 2022 ἰδίᾳ
683 1931 918 2019 περιμένοντας
936 1933 1131 2022 ἀβελτέρους

121 2047 279 2130 νομίζετε,
292 2038 380 2107 τοῦτ’
396 2035 491 2104 αὐτοὶ
504 2040 646 2126 δημοσίᾳ
659 2061 717 2122 μοι
731 2035 850 2104 δοκεῖτ’
868 2037 1057 2124 ἀναμένειν,
1069 2062 1130 2106 πα-

121 2156 241 2226 θόντες
263 2144 451 2214 αἰσθέσθαι.

585 2233 663 2297 ΜΓ.

191 2357 310 2437 Ούδεὶς
327 2353 450 2424 πώποτ’
473 2362 552 2432 ῖσως
569 2355 664 2440 ὑμῶν
682 2353 835 2440 ἐζήτησεν
852 2348 878 2418 ὦ
898 2355 1017 2441 ἀνδρες
1030 2351 1129 2440 Ἀθη-

122 2480 222 2552 ναῖοι,
240 2469 274 2532 τί
291 2460 411 2549 δήποθ’
430 2462 465 2530 oc
480 2471 586 2538 κακῶς
603 2460 800 2544 πράττοντες
820 2460 956 2545 ἀμεινον
974 2458 1130 2548 περὶτῶν

122 2573 323 2662 πραγμάτων
344 2580 411 2636 τῶν
434 2563 472 2634 εὖ
499 2568 711 2652 πραττόντων
737 2566 963 2650 βουλεύονται.
1004 2558 1128 2634 ἔστιδ’

123 2683 182 2768 ούχ
206 2675 370 2765 ἕτέρωθέν
391 2682 499 2742 ποθεν
521 2681 619 2740 τοῦτο
642 2674 853 2757 γιγνόμενον,
876 2670 948 2737 ἀλλ’
974 2672 1026 2739 ὅτι
1049 2692 1129 2759 συμ

123 2792 230 2874 βαίνει
258 2797 328 2863 τοῖς
356 2779 417 2869 μὲν
446 2783 526 2866 μήτε
555 2782 736 2865 φοβεῖσθαι
769 2776 891 2863 μῃδέν,
920 2775 1001 2864 μήθ’
1033 2780 1055 2845 ἀ
1080 2802 1130 2857 τις

124 2894 165 2960 ἀν
191 2890 281 2977 λέγοι
308 2890 401 2958 δεινδ
427 2884 631 2974 προσήκονθ’
658 2884 770 2962 αὑτοῖς
795 2884 963 2969 ἡγεῖσθαι·
986 2885 1064 2962 τούς
1091 2880 1128 2950 δέ

123 3002 262 3082 πλησίον
281 3000 378 3073 ὄντας
395 3005 462 3060 τῶν
480 2991 732 3079 ἀμαρτῃμύτων,
756 2982 806 3068 οἷς
828 2989 870 3057 ἀν
892 2992 941 3068 είς
961 2991 999 3057 τὸ
1021 2997 1129 3067 κακῶς

124 3105 275 3192 πράττειν
298 3101 491 3188 ἀφίκωνται,
513 3099 688 3184 σώφρονας
708 3097 791 3182 πρὸς
813 3097 853 3161 τὰ
875 3095 974 3162 λοιπὰ
996 3091 1204 3179 uam-1451

100 3216 234 3293 ιτρίους
259 3206 401 3295 παρέχει.
446 3206 638 3272 σπουδαίων
665 3206 781 3268 τοίνυν
809 3199 901 3267 ἐστὶν
928 3200 1128 3287 ἀνθρώπων,

125 3319 203 3385 ὅταν
225 3319 377 3403 βελτίστῃ
403 3321 443 3400 τῇ
469 3311 621 3398 παρούσῃ
647 3309 730 3396 τύχῃ
753 3318 911 3395 χρῶνται,
938 3309 1011 3372 τότε
1038 3309 1127 3370 πλεί-

124 3439 203 3510 στην
232 3419 383 3504 σπουδὴν
411 3417 494 3504 πρὸς
520 3417 558 3484 τὸ
588 3423 776 3500 σωφρονεῖν
805 3414 905 3496 ἔχειν·
935 3405 1036 3476 οὐδὲν
1063 3408 1126 3492 γάρ

96 3551 98 3556 ·
124 3531 197 3598 οὔτε
216 3523 473 3617 φυλαττομένοις
491 3522 577 3590 οὕτω
597 3522 711 3587 δεινὸν
728 3513 805 3583 ὥστ’
823 3515 1013 3602 ἀφύλακτον
1030 3508 1127 3596 εἶναι,
