2658 3922
191 118 256 186 276
483 119 581 170 ενοι.
606 116 910 188 [ΔΗαοΣοοαονε]

515 328 651 382 ΝΟΜΟΣ.
689 329 878 384 ΜΑΡΓΤΡΙΑ.

258 433 344 520 Λέγε
368 435 409 520 δή
432 433 586 501 κάκεῖνον
604 437 663 500 τὸν
684 437 807 521 νόμον,
835 437 894 504 τὸν
917 433 971 501 ἀπ’
999 435 1125 520 ἐκείνης
1150 459 1209 504 κε-

192 543 331 608 λεύοντα
353 550 410 626 τής
432 539 555 627 ἡμέρας
577 542 737 625 ὀφείλειν,
760 538 818 626 ἀφ’
838 536 877 627 ής
896 539 941 610 ,άν
965 544 1063 629 ὄφλχ,
1086 542 1148 609 ἐάν
1173 541 1206 608 τ’

192 645 454 733 ἐγγεγραμμένος
476 640 514 736 ᾖ,
537 646 596 713 ἐάν
618 671 653 712 τε
676 650 730 732 μή.

628 822 765 876 ΝΟΜΟΣ.
786 834 794 851 ·

154 949 179 991 ω
259 934 338 1006 Πῶς
365 925 427 997 οὖν
454 932 562 1008 άλλως
585 925 611 994 ὦ
634 929 755 1014 ἄνδρες
782 927 933 995 δικασταὶ
958 933 1119 1016 προσήκει
1141 934 1205 998 τὸν

194 1036 328 1114 δικαίως
345 1032 581 1122 κατηγοροὺντ’
605 1035 803 1120 ἀποφαίνειν
822 1035 933 1122 ὀρθῶς
950 1035 1203 1122 ἐνδεδειγμένον

194 1146 378 1229 Θεοκρίνην
400 1145 546 1226 τουτονί,
568 1140 624 1208 καί
646 1143 691 1226 μή
714 1144 819 1226 μόνον
842 1145 961 1227 ἔνοχον
984 1145 1063 1208 ὄντα
1085 1152 1126 1228 τή
1149 1143 1203 1209 ἐν-

195 1247 294 1328 δείξει
322 1251 405 1315 κατά
426 1250 484 1326 τάς
506 1252 613 1334 χιλίας
640 1244 692 1334 ἐφ’
719 1240 771 1325 αἶς
797 1246 1013 1333 ἐνδέδεικται,
1040 1247 1125 1314 άλλδ
1146 1247 1204 1314 καί

193 1361 329 1433 πολλοῖς
350 1357 463 1432 άλλοις
492 1355 694 1440 ὀφλήμασιν;
724 1353 788 1437 ἐγὼ
811 1351 872 1439 μὲν
895 1356 1049 1439 οὐδαμῶς
1069 1358 1202 1439 νομίζω.

193 1460 234 1527 οὑ
257 1461 321 1544 γάρ
344 1462 386 1544 δή
409 1460 599 1545 προσδοκᾶν
618 1483 654 1542 γε
679 1462 733 1524 δεῖ
750 1463 934 1546 Θεοκρίνην
957 1461 1059 1526 αὑτὸν
1082 1459 1203 1544 ὁμολο-

193 1567 308 1649 γήσειν
338 1565 486 1650 ὀφείλειν
514 1565 595 1649 ὑμῖν
621 1572 667 1652 τῷ
697 1567 845 1654 δημοσίφ
871 1563 927 1630 καί
955 1567 1089 1644 δικαίως
1111 1565 1203 1632 ἐνδε-

193 1672 326 1755 δεῖχθαι
347 1673 479 1754 φήσειν,
501 1667 585 1736 ἀλλά
606 1669 803 1736 τούναντίον
821 1661 928 1735 πάντα
951 1672 1052 1753 λόγον
1074 1661 1203 1754 μᾶλλον

193 1774 282 1861 ἐρεῖν
304 1772 359 1839 καί
380 1774 487 1851 πάσας
509 1775 615 1850 αίτίας
633 1779 750 1858 οίσειν,
773 1774 817 1852 ὡς
839 1775 1136 1861 καταστασιάζεται,
1160 1775 1203 1853 ὡς

156 1899 181 1940 ετ
195 1881 251 1951 διὰ
272 1880 330 1958 τὰς
351 1892 418 1946 τῶν
440 1882 643 1966 παρανόμων
666 1881 796 1966 γραφάς
817 1881 864 1957 είς
884 1877 983 1946 ταῦθ’
1008 1881 1088 1964 ήκει.
1134 1887 1202 1948 λοι-

194 1990 259 2054 πὸν
277 1988 339 2075 γάρ
359 1987 428 2054 ἐστι
445 1996 544 2054 τοῦτο
563 1997 633 2064 τοῖς
650 1985 687 2051 ἐν
710 1985 822 2063 αὐτοῖς
839 1971 908 2063 τοῖς
929 1986 1118 2072 πράγμασιν
1137 1987 1202 2066 ἐξε-

194 2091 420 2181 λεγχομένοις,
450 2089 556 2170 αίτίας
582 2090 638 2158 καί
663 2087 845 2177 προφάσεις
871 2091 1054 2178 εὑρίσκειν,
1081 2095 1202 2171 αἳτινες

194 2209 255 2267 τοὺ
282 2203 447 2286 παρόντος
475 2199 562 2284 ὑμᾶς
588 2201 766 2282 ποιήσουσι
792 2197 981 2282 πράγματος
1007 2197 1201 2284 ἐπιλαθομέ-

195 2330 275 2384 νονς
296 2305 371 2384 τοῖς
388 2305 450 2384 ἔξω
477 2314 535 2389 τῆς
556 2307 754 2390 κατηγορίας
781 2306 893 2387 λόγοις
914 2302 1098 2391 προσέχειν.
1138 2305 1199 2390 ἐγὼ

197 2408 226 2481 δ’
254 2406 280 2477 ὦ
298 2412 418 2496 ἄνδρες
436 2411 608 2493 δικασταί,
629 2409 662 2473 εί
686 2400 746 2492 μέν
772 2404 885 2494 ἐώρων
909 2407 946 2474 ἐν
968 2421 1037 2486 τοῖς
1059 2409 1200 2496 άνεγνω-

197 2514 329 2600 σμένοις
346 2517 462 2600 νόμοις
479 2501 709 2600 γεγραμμένον
728 2513 844 2580 ‘fasma
864 2510 895 2580 δ’
916 2509 1002 2580 εἶναι
1015 2516 1115 2602 κύρια
1127 2516 1200 2604 περὶ
1210 2539 1265 2589 ιεεε

196 2632 263 2686 τῶν
285 2621 597 2705 συκοφαντούντων,
619 2618 661 2685 δν
684 2621 728 2704 μή
748 2623 928 2707 Θεοκρίνης
949 2619 1132 2708 ἐνδειχθεὶς
1152 2626 1199 2688 αί-

196 2731 332 2795 τιᾶσθαι
363 2725 521 2809 βούληται
553 2728 766 2809 Θουκυδίδην
795 2715 1071 2812 ήΔημοσδένην
1096 2727 1118 2814 ή
1147 2728 1199 2794 καί

197 2841 264 2898 τῶν
281 2827 546 2914 πολιτευομένων
560 2831 663 2898 άλλον
680 2831 777 2916 τινά,’
798 2827 939 2918 Ιἡσυχίαν
949 2832 999 2898 χδίν
1017 2829 1110 2918 ήγον.
1137 2845 1198 2901 νῦν

199 2933 236 3002 δὲ
258 2937 386 3002 τούτων
409 2935 569 3020 οὐδεμίαν
597 2936 664 3023 ὁρῶ
687 2947 754 3002 τῶν
781 2938 936 3021 σκήψεων
956 2938 1124 3024 ὑπόλογον
1145 2936 1197 3006 οὑ-

200 3060 262 3108 σαν
284 3041 321 3107 ἐν
343 3043 421 3117 τοῖς
434 3044 562 3126 νόμοις,
585 3038 664 3107 οὐδὲ
686 3044 817 3128 καινήν,
840 3043 923 3110 ὥστε
944 3043 1118 3132 προσέχειν
1138 3055 1196 3112 νῦν

199 3158 331 3234 πρῶτον
349 3146 563 3231 ἀκούσαντας,
586 3147 669 3213 άλλά
687 3149 839 3235 μυριάκις
860 3150 948 3236 παρὰ
969 3163 1037 3217 τῶν
1054 3149 1196 3238 κρινομέ-

162 3272 188 3312 24
201 3277 271 3320 νων
302 3251 489 3339 εἰρημένην.
532 3252 643 3320 ἀκούω
673 3249 711 3318 δὲ
741 3249 891 3322 καὶτῶν
919 3254 1194 3344 πρεσβυτέρωνὺ

201 3361 321 3446 ἄνδρες
350 3355 533 3442 δικασταί,
550 3357 594 3434 ὡς
624 3360 688 3444 άρα
718 3362 886 3444 προσήκόν
915 3361 1006 3428 ἐστιν
1032 3361 1117 3439 ὅλως
1141 3359 1195 3448 μὲν

202 3464 318 3549 μηδενὶ
350 3466 512 3550 μηδεμίαν
545 3465 748 3549 συγγνώμην.
776 3464 935 3552 ὑπάρχειν
966 3470 1195 3554 παραβαίνοντι
