2656 3926
187 157 253 222 410
548 159 829 213 ΔΗΜΟΣΘΕΝΟΤΣ

187 329 246 385 τοῦ
269 320 484 397 Ποσειδῶνος
506 319 597 406 ίερὸν
620 317 657 384 έν
680 321 871 407 Καλαυρείᾳ
892 318 1052 403 κάθημαι,
1075 315 1116 383 ού
1140 318 1215 400 μύ-

186 449 248 490 υον
270 434 327 509 τῆς
350 423 529 509 ἀσφαλείας
552 422 658 509 ἕνεκα,
680 423 723 508 ἣν
742 425 798 490 διὰ
816 425 875 490 τὸν
893 425 977 490 θεδν
1000 423 1117 500 ἐλπίζω
1142 445 1213 505 μοι

187 531 346 616 ὑπάρχειν
362 529 418 616 (ού
432 531 495 616 γὰρ
509 524 547 596 εὖ
561 525 638 596 οἶδά
655 549 706 614 γε·
725 529 747 596 δ
765 531 828 615 γὰρ
842 526 893 615 ἐφ’
913 527 1036 616 ἑτέροις
1049 525 1141 593 έστλν
1156 528 1211 604 ὡς
1290 557 1291 622 }

188 635 230 700 ἀν
243 637 430 720 βούλωνται
442 634 574 720 πρᾶξαι,
592 637 714 720 λεπτὴν
732 633 788 701 καλ
806 637 932 720 ἀίδηλον
945 637 1012 720 ἔχει
1025 643 1069 722 τῷ
1085 634 1209 699 κινδυ-
1290 635 1291 706 λ

186 743 320 808 νεύοντι
332 743 394 825 τὴν
408 740 617 828 ἀσφάλειαν),
636 739 706 806 ἀλλ’
726 741 777 807 δτι
795 739 849 807 καλ
867 742 928 825 τὴν
941 737 1070 826 πατρίδ’
1090 738 1208 805 έντεῦ-

187 853 250 912 θεν
276 844 411 932 ἑκάστης
434 846 557 932 ἡμέρας
581 846 715 935 ἀφορῶ,
741 848 788 923 είς
809 847 853 932 ἣν
874 847 1038 930 τοσαύτην
1063 846 1207 911 εύνοιαν
1290 867 1291 895 ι

188 951 316 1041 ἐμαυτῷ
341 955 492 1039 σύνοιδα,
515 954 595 1039 ὅσης
616 949 693 1039 παρ’
717 952 810 1038 ὑμῶν
833 953 971 1038 ε’ύχομαι
993 961 1113 1037 τυχεῖν.

149 1077 175 1116 21
246 1057 355 1136 Ὀπως
378 1053 440 1126 οὖν
463 1055 489 1124 ὦ
513 1061 632 1144 ἄνδρες
655 1056 828 1143 Ἀθηναῖοι
855 1055 969 1142 μηκέτι
993 1062 1096 1123 πλείω
1122 1057 1205 1142 χρύ-
1290 1055 1291 1086 ’

188 1187 251 1230 νον
276 1175 346 1242 τοῖς
372 1174 515 1250 παροῦσι
544 1176 657 1242 κακοῖς
688 1163 891 1251 συνέχωμαι,
922 1161 1118 1248 ψηφίσασθέ
1143 1186 1204 1247 μοι

188 1267 286 1336 ταῦθ’
309 1268 403 1336 ἀκαλ
421 1272 534 1348 ἀλλοις
556 1268 645 1337 τισλν
667 1272 744 1355 ἤδη,
766 1271 822 1335 ἵνα
844 1266 917 1354 μήτ’
945 1267 1082 1348 ἀνάξιον
1103 1269 1203 1354 ὑμῶν

188 1374 293 1460 μηδέν
315 1401 371 1460 μοι
395 1380 517 1462 συμβῇ,
539 1373 621 1459 μήθ’
650 1374 756 1460 ίκέτης
779 1373 899 1462 ἑτέρων
922 1373 1122 1458 ἀναγκασθῶ
1146 1397 1202 1458 γε·

188 1477 425 1570 νέσθαιῄούδὲ
447 1484 510 1568 γὰρ
539 1482 619 1566 ὑμίν
646 1491 743 1550 τοῦτο
771 1478 890 1563 γένοιτ’
918 1480 960 1546 διν
983 1483 1094 1548 καλόν.
1129 1477 1201 1546 έπελ

189 1591 223 1650 εί
238 1575 288 1668 γέ
294 1609 350 1670 μοι
367 1587 407 1651 τά
432 1589 515 1672 πρὸς
537 1587 622 1670 ὑμᾶς
645 1586 846 1653 ἀδιάλλακτα
867 1585 1017 1673 ὑπάρχει,
1038 1585 1200 1653 τεθνάναι

149 1711 175 1751 ει
189 1713 246 1775 μοι
264 1702 413 1777 κρεῖττον
432 1686 484 1776 ἦν.
520 1694 654 1769 εἰκότως
676 1689 707 1759 δ’
724 1693 767 1758 ἀν
789 1716 847 1778 μοι
868 1694 1053 1760 πιστεύοιτε
1074 1693 1199 1776 ταύτην

187 1797 249 1878 τὴν
272 1794 425 1863 διάνοιαν
448 1799 536 1883 ἔχειν
565 1795 620 1864 καὶ
649 1799 694 1884 μη
725 1808 789 1864 νῦν
819 1799 926 1884 μάτην
953 1798 1198 1885 θρασύνεσθαι·

188 1899 324 1988 καὶγὰρ
344 1901 491 1990 έμαυηού
509 1908 646 1990 κυρίους
662 1904 748 1989 ὑμᾶς
767 1903 904 1990 έποίησα
921 1903 976 1970 καλ
993 1905 1055 1971 ούκ
1073 1906 1198 1990 ἔφυγον

190 2010 248 2074 τὸν
267 2008 391 2095 ἀγῶνα,
414 2011 470 2076 ἵνα
488 2012 568 2096 μήτε
585 2013 700 2098 προδῶ
723 2012 784 2096 την
802 2009 965 2097 ἀληθειαν
983 2008 1056 2096 μήτ’
1079 2013 1198 2096 άκυρος

188 2115 283 2198 ὑμῶν
301 2115 382 2201 έμού
401 2115 516 2201 μηδεὶς
533 2115 682 2202 γένηται,
704 2113 777 2182 ἀλλ’
799 2116 818 2183 ὅ
837 2141 868 2183 τι
887 2118 1083 2202 βούλοισθε,
1100 2126 1196 2207 τοῦτο
1206 2135 1268 2184 1473

188 2221 384 2307 χρήσαισθε·
402 2219 480 2309 παρ’
503 2216 550 2288 ὧν
569 2223 631 2310 γάρ
650 2221 806 2289 ἁπάντων
823 2227 934 2288 καλῶν
951 2221 1110 2306 κάγαθῶν
1128 2225 1198 2289 έτυ-
1290 2215 1291 2218 “

188 2350 261 2412 χον,
275 2328 413 2405 τούτους
423 2325 537 2416 ᾠόμην
547 2329 619 2394 δεῖν
629 2331 716 2414 ἔχειν
726 2327 781 2394 καλ
790 2326 959 2415 ἅμαρτεϊυ,
972 2330 1004 2393 εί
1015 2324 1196 2413 βούλοιντ’,

149 2451 174 2491 2³
189 2435 236 2508 είς
258 2431 323 2518 έμέ.
369 2431 483 2518 ἐπειδὴ
506 2429 544 2498 δέ
565 2437 673 2512 καλῶς
698 2431 831 2500 τοιοῦδ’
856 2434 877 2518 ἡ
901 2437 1012 2501 δικαία
1037 2432 1118 2519 τύχη
1141 2443 1196 2516 τῆς
1290 2423 1291 2438 ³

189 2537 306 2604 ἀδίκου
328 2542 529 2625 κρατήσασα,
552 2537 604 2616 δὶς
622 2537 697 2626 περὶ
715 2550 782 2606 τῶν
801 2540 910 2607 αὐτῶν
928 2538 1097 2607 ἀπέδωκεν
1117 2539 1195 2625 ὑμῖν
1290 2571 1291 2588 ¹

187 2645 453 2729 βουλεύσασθαι,
486 2653 532 2732 τῷ
562 2642 667 2731 μηδὲν
701 2645 883 2731 ἀνήκεστον
911 2646 1095 2732 ἐψηφίσθαι
1123 2643 1195 2731 περὶ

189 2748 286 2834 ἐμοῦ,
314 2748 442 2815 σώσατέ
466 2747 501 2835 μ’
527 2747 553 2817 ὦ
581 2752 701 2838 ἀνδρες
724 2747 898 2837 Ἀθηναῖοι
924 2751 979 2818 καλ
1005 2756 1194 2837 ψηφίσασθε

149 2854 244 2921 τεκαὶ
273 2855 368 2940 ὑμῶν
398 2856 508 2921 αὐτῶν
538 2855 613 2936 ἀξια
640 2856 757 2943 κάμοῦ.
811 2854 861 2923 ἐπ’
895 2856 1010 2924 ούδενλ
1038 2860 1102 2944 γὰρ
1130 2869 1193 2925 τῶν

188 2959 427 3047 πεπραγμένων
450 2962 628 3046 ἠδικηκότα
656 2960 690 3048 μ’
716 2962 886 3050 εὑρήσετε,
913 2960 986 3030 οὐδ’
1013 2962 1193 3050 ἐπιτήδειον

188 3069 306 3150 ἀτιμον
336 3062 421 3133 εἶναι
451 3064 525 3134 οὐδ’
552 3066 779 3152 ἀπολωλέναι,
807 3067 892 3135 ἀλλὰ
918 3068 974 3136 καλ
1001 3071 1124 3137 εὔνουν
1150 3079 1190 3158 τῷ

187 3175 309 3257 πληθει
336 3183 381 3264 τῷ
410 3171 555 3266 ὑμετέρῳ
582 3186 652 3254 τοῖς
678 3172 813 3260 μάλισθ’
847 3175 984 3261 δμοίως,
1010 3177 1066 3244 ἵνα
1092 3174 1191 3264 μηδὲν

189 3277 376 3362 ἐπίφθονον
398 3280 528 3365 γράψω,
550 3277 606 3346 καλ
627 3285 764 3348 πλείστα
780 3284 1113 3369 πεπραγματευμένον
1130 3293 1191 3350 τῶν

190 3381 266 3448 νυνὶ
290 3384 421 3462 ζώντων
436 3381 526 3472 ,ὑπὲρ
554 3385 666 3470 ὑμῶν,
691 3384 747 3452 καὶ
769 3384 900 3471 μέγισθ’
928 3387 1116 3473 ὑπάρχοντά
1137 3413 1190 3474 μοι

188 3496 254 3552 τῶν
276 3486 346 3554 κατ’
374 3489 517 3574 ἐμαυτὸν
540 3487 679 3576 σύμβολ’
706 3491 839 3570 εὐνοίας
859 3494 941 3580 πρὸς
961 3491 1055 3578 ὑμᾶς.
