2654 3926
189 118 233 184 52
327 93 330 96 ’
480 119 574 172 xmv.
601 116 905 188 [Δωιοεομωονε]
1008 167 1009 175 ἡ

127 287 129 290 ’
188 275 250 364 μὲν
278 275 466 364 Ἀρχιδίκην
494 277 662 345 ἐκδιδόασι
688 277 892 366 Λεωστράτῳ
911 274 1117 364 Ἐλευσινίῳ,
1141 275 1211 342 αὐ-

189 395 256 452 τῶν
279 380 317 450 δέ
339 393 442 469 τριῶν
465 385 571 448 όντων
590 383 609 448 6
627 378 688 465 μὲν
705 379 883 467 Ἄρχιππος
903 393 1110 468 τριηραρχῶν
1134 381 1210 447 ἐτε-

190 491 327 574 λεύτησε
354 490 413 554 τὸν
440 491 516 572 βίον
544 487 581 553 έν
602 488 795 574 Μηθύμνῃ,
822 487 840 554 6
868 484 905 552 δὲ
926 489 1136 572 Μειδυλίδης
1159 487 1208 552 οὐ

188 600 300 682 πολλῷ
332 597 441 684 χρόνῳ
473 605 572 677 γαμεῖ
600 593 742 680 ὕστερον
768 594 993 679 Μνησιμάχην
1020 597 1207 658 Λυσίππου

151 720 177 760 10
189 709 249 767 τοῦ
276 699 432 785 Κριωέως
457 695 635 784 θυγατέρα.
676 695 731 763 καὶ
760 702 905 782 γίγνεται
932 697 1020 785 αὐτῷ
1047 699 1206 785 θυγάτηρ

190 808 295 890 όνομα
323 803 550 889 Κλειτομάχη,
577 803 620 887 ἣν
647 803 820 888 ἠβουλήθη
848 799 909 888 μὲν
936 803 1062 880 ἐκεῖνος
1083 803 1206 894 ἀγάμῳ

188 919 234 998 τῷ
265 909 397 998 ἀδελφῷ
428 911 500 974 όντι
529 917 574 997 τῷ
610 906 729 975 ἑαυτοῦ
759 907 928 977 ἐκδοῦναι·
972 909 1086 994 ἐπειδή
1116 907 1148 975 δ’
1184 910 1205 976 6

186 1016 359 1101 Ἀρχιάδης
382 1015 443 1080 οὐκ
465 1017 528 1099 ἔφη
549 1021 782 1100 προαιρεῖσθαι
804 1026 932 1099 γαμεῖν,
955 1015 1039 1082 ἀλλά
1062 1013 1117 1081 καὶ
1139 1017 1205 1100 τήν

190 1121 310 1188 οὐσίαν
340 1119 503 1205 ἀνέμητον
539 1121 595 1185 διά
628 1129 731 1186 ταῦτα
765 1122 980 1206 συγχωρήσας
1008 1116 1093 1188 εἶναι
1121 1119 1205 1208 ςόκει

189 1225 267 1294 καθ’
295 1226 397 1294 αὑτὸν
420 1227 457 1293 έν
478 1235 518 1312 τή
541 1229 720 1310 Σαλαμῖνι,
743 1225 847 1302 οὕτως
869 1227 932 1309 ήδη
957 1226 1204 1310 δΜειδυλίδης

191 1332 346 1400 ἐκδίδωσι
373 1333 435 1416 τήν
463 1332 566 1398 αὑτοῦ
592 1328 762 1416 θυγατέρα
781 1327 996 1417 Ἀριστοτέλει
1018 1335 1202 1415 Παλληνεῖ,

190 1447 235 1527 τῷ
268 1438 388 1527 πάππφ
418 1445 464 1524 τῷ
498 1435 575 1524 ἐμῷ.
625 1435 680 1502 καὶ
716 1438 887 1520 γίγνονται
918 1436 951 1516 ἐξ
984 1436 1086 1501 αὐτοῦ
1116 1438 1201 1514 υίεῖς

190 1553 293 1630 τρεῖς,
320 1541 556 1630 Ἀριστόδημός
586 1565 622 1607 τε
655 1540 768 1608 οὑτοσὶ
800 1543 818 1609 6
849 1544 953 1626 πατὴρ
986 1542 1004 1609 6
1037 1540 1115 1626 ἐμὸς
1144 1541 1201 1610 καὶ
1306 1555 1311 1566 ”

186 1646 387 1733 Ἀβρώνιχος
414 1649 433 1714 6
460 1653 553 1724 θεῖος
579 1645 635 1712 καὶ
656 1649 880 1731 Μειδυλίδης,
907 1647 943 1726 ὃς
968 1657 1033 1714 νῦν
1055 1654 1201 1715 τετελευ-

153 1774 177 1812 ιι
190 1755 297 1839 τηκὼς
318 1754 482 1839 τυγχάνει.
523 1751 579 1818 καὶ
600 1752 622 1837 ἡ
645 1750 706 1838 μὲν
728 1763 788 1819 τοῦ
811 1752 929 1836 γένους
951 1753 1118 1840 ἀγχιστεία
1139 1765 1200 1820 τοῦ

190 1857 363 1944 ἡμετέρου,
386 1859 423 1926 ἐν
446 1853 472 1948 ςδ
497 1858 587 1927 ἐστιν
610 1858 628 1925 6
651 1863 786 1945 κλῆρος,
814 1862 934 1944 σχεδὸν
957 1861 1062 1938 οὕτως
1083 1863 1149 1946 ἔχει
1172 1856 1198 1925 ὦ

95 1979 97 1984 “
192 1966 312 2051 ἀνδρες
341 1965 500 2030 δικασταί.
540 1960 696 2050 Ἀρχιάδῃ
730 1965 792 2050 γάρ
826 1966 909 2050 πρὸς
941 1964 1075 2052 ἀνδρῶν
1106 1965 1199 2050 ἡμεῖς

192 2067 254 2156 μὲν
271 2068 361 2153 γένει
379 2069 556 2152 ἐγγυτάτω,
573 2067 629 2135 καὶ
646 2070 728 2134 κατά
742 2079 861 2136 τοῦτον
873 2073 932 2137 τὸν
944 2074 1051 2155 νόμον
1069 2069 1189 2150 ἀξιοῦν

193 2200 246 2254 τες
267 2184 326 2260 τῆς
347 2174 476 2242 ἐκείνου
500 2175 614 2253 οὐσίας
640 2180 861 2262 κληρονομεῖν
887 2175 942 2242 καὶ
969 2179 1006 2242 τὸ
1034 2175 1129 2260 γένος
1155 2180 1197 2262 μή

191 2282 355 2368 περιιδεῖν
379 2279 601 2368 ἐξερημωθέν,
624 2280 782 2367 ἐλάχομεν
800 2285 882 2364 πρὸς
899 2284 958 2348 τὸν
976 2283 1119 2369 ἀρχοντα
1141 2294 1197 2350 τοῦ
1310 2323 1311 2326 ¹

191 2390 331 2472 κλήρου·
355 2383 448 2454 οὗτοι
471 2384 502 2453 δ’
529 2390 658 2474 ἔχοντες
680 2387 721 2452 οὐ
744 2389 877 2465 δικαίως
898 2389 938 2453 τά
960 2390 1108 2474 χρήματα
1131 2391 1197 2455 δια-

195 2497 462 2580 μεμαρτυρήκασι
483 2497 573 2578 νυνί,
594 2496 632 2561 τὸ
655 2489 716 2578 μὲν
740 2494 820 2559 ὅλον
844 2489 1086 2579 ἰσχυριζόμενοι
1107 2497 1196 2579 ποιή-
1205 2515 1267 2566 1084

156 2617 181 2657 12
196 2616 257 2682 σει,
279 2598 462 2683 φάσκοντες
485 2596 522 2665 δέ
544 2597 600 2665 καὶ
627 2611 797 2683 συγγενεῖς
823 2594 918 2665 εἶναι.
957 2597 1032 2686 περὶ
1055 2597 1115 2684 μὲν
1138 2595 1195 2666 οὖν

194 2699 314 2788 ταύτης
343 2713 401 2789 τῆς
431 2707 608 2789 ποιήσεως,
639 2703 679 2769 ὃν
705 2706 829 2789 τρόπον
861 2707 943 2790 ἔχει,
974 2716 1087 2788 σαφῶς
1116 2705 1195 2790 ὑμᾶς

194 2810 335 2896 ὕστερον
358 2808 547 2894 διδάξομεν·
570 2807 645 2895 περὶ
669 2806 706 2874 δέ
726 2818 787 2875 τοῦ
809 2808 942 2894 γένους,
966 2811 1011 2888 ὡς
1033 2810 1094 2878 οὐκ
1116 2809 1195 2876 είσλν

194 2916 289 3002 ἡμῶν
312 2912 486 3002 ἐγγυτέρω,
507 2923 605 2981 τοῦτο
633 2916 688 2980 δεῖ
714 2921 836 2997 μαθεῖν
861 2913 956 2999 ὑμᾶς.
995 2915 1033 2980 ἓν
1055 2911 1116 3000 μέν
1139 2910 1194 2982 οὖν

196 3025 416 3108 ὁμολογεῖται,
437 3023 475 3086 τὸ
497 3030 630 3106 κρατεῖν
647 3007 724 3086 ’τῶν
751 3024 981 3106 κληρονομιῶν
1006 3024 1085 3098 τοὺς
1107 3023 1195 3108 ἀρρε-

196 3153 257 3206 νας
277 3127 333 3194 καὶ
354 3129 433 3204 τοὺς
455 3125 492 3192 ἐκ
514 3136 581 3192 τῶν
603 3124 767 3212 ἀρρένων·
795 3124 904 3202 ἁπλῶς
931 3127 993 3213 γάρ
1015 3139 1085 3204 τοῖς
1107 3127 1194 3212 ἐγγυ-

196 3233 281 3300 τάτω
303 3234 386 3317 πρὸς
404 3231 548 3318 ἀνδρῶν,
571 3231 651 3298 ὅταν
669 3233 714 3316 μὴ
732 3233 845 3308 παῖδες
867 3227 961 3316 ὦσιν,
983 3231 1002 3299 6
1024 3236 1126 3317 νόμος
1145 3235 1195 3312 τάς

197 3341 417 3423 κληρονομίας
440 3338 653 3406 ἀποδίδωσιν.
690 3333 830 3406 οὖτοιδ
858 3334 956 3422 ἐσμὲν
978 3337 1083 3422 ἡμεῖς·
1107 3341 1194 3418 άπαις
1310 3331 1311 3340 “

199 3441 259 3528 μὲν
277 3444 340 3528 γάρ
359 3445 377 3511 6
392 3442 564 3531 Ἀρχιάδης
582 3444 789 3530 ὁμολογεῖται
806 3441 1079 3528 τετελευτηκέναι,
1097 3445 1193 3531 τούτῳ
