<?xml version="1.0" encoding="UTF-8"?>
<!DOCTYPE html PUBLIC "-//W3C//DTD XHTML 1.0 Transitional//EN"
    "http://www.w3.org/TR/xhtml1/DTD/xhtml1-transitional.dtd">
<html xmlns="http://www.w3.org/1999/xhtml" xml:lang="en" lang="en">
 <head>
  <title>
</title>
<meta http-equiv="Content-Type" content="text/html;charset=utf-8" />
  <meta name='ocr-system' content='tesseract 3.04.00' />
  <meta name='ocr-capabilities' content='ocr_page ocr_carea ocr_par ocr_line ocrx_word'/>
</head>
<body>
  <div class='ocr_page' id='page_1' title='image "./orationes01demogoog_0099.png"; bbox 0 0 2654 3926; ppageno 0'>
   <div class='ocr_carea' id='block_1_1' title="bbox 194 169 883 236">
    <p class='ocr_par' dir='ltr' id='par_1_1' title="bbox 194 169 883 236">
     <span class='ocr_line' id='line_1_1' title="bbox 194 169 883 236; baseline -0.007 -11"><span class='ocrx_word' id='word_1_1' title='bbox 194 171 215 236; x_wconf 88' lang='grc'><strong>6</strong></span> <span class='ocrx_word' id='word_1_2' title='bbox 510 173 581 224; x_wconf 86' lang='lat' dir='ltr'><strong>XLI.</strong></span> <span class='ocrx_word' id='word_1_3' title='bbox 604 169 883 222; x_wconf 77' lang='grc' dir='ltr'>ΔΗΜΟΣΘΕΝΟΤΣ</span> 
     </span>
    </p>
   </div>
   <div class='ocr_carea' id='block_1_2' title="bbox 155 325 1300 3600">
    <p class='ocr_par' dir='ltr' id='par_1_2' title="bbox 155 325 1300 3600">
     <span class='ocr_line' id='line_1_2' title="bbox 194 325 1205 416; baseline -0.004 -18"><span class='ocrx_word' id='word_1_4' title='bbox 194 332 318 409; x_wconf 92' lang='grc' dir='ltr'><strong><em>δύνους</em></strong></span> <span class='ocrx_word' id='word_1_5' title='bbox 345 331 466 408; x_wconf 90' lang='grc' dir='ltr'><strong><em>αὑτοὺς</em></strong></span> <span class='ocrx_word' id='word_1_6' title='bbox 492 331 712 407; x_wconf 76' lang='grc' dir='ltr'><strong><em>καθιστάντας</em></strong></span> <span class='ocrx_word' id='word_1_7' title='bbox 739 327 812 414; x_wconf 85' lang='grc' dir='ltr'><strong><em>έμολ</em></strong></span> <span class='ocrx_word' id='word_1_8' title='bbox 839 339 1036 416; x_wconf 76' lang='grc' dir='ltr'><em>μαρτυρεῖν,</em></span> <span class='ocrx_word' id='word_1_9' title='bbox 1066 331 1139 396; x_wconf 91' lang='grc' dir='ltr'><strong><em>τότε</em></strong></span> <span class='ocrx_word' id='word_1_10' title='bbox 1170 325 1205 394; x_wconf 91' lang='grc' dir='ltr'><strong><em>δ’</em></strong></span> 
     </span>
     <span class='ocr_line' id='line_1_3' title="bbox 193 434 1210 523; baseline -0.003 -19"><span class='ocrx_word' id='word_1_11' title='bbox 193 439 236 505; x_wconf 82' lang='grc' dir='ltr'><strong><em>άν</em></strong></span> <span class='ocrx_word' id='word_1_12' title='bbox 266 439 449 523; x_wconf 76' lang='grc' dir='ltr'><strong><em>ὀμόσαντας</em></strong></span> <span class='ocrx_word' id='word_1_13' title='bbox 478 439 560 504; x_wconf 87' lang='grc' dir='ltr'><strong><em>άλλο</em></strong></span> <span class='ocrx_word' id='word_1_14' title='bbox 588 460 621 502; x_wconf 93' lang='grc' dir='ltr'><strong><em>τι</em></strong></span> <span class='ocrx_word' id='word_1_15' title='bbox 649 447 775 520; x_wconf 75' lang='grc' dir='ltr'><strong><em>γνῶναι</em></strong></span> <span class='ocrx_word' id='word_1_16' title='bbox 804 435 879 521; x_wconf 79' lang='grc' dir='ltr'><strong><em>περὶ</em></strong></span> <span class='ocrx_word' id='word_1_17' title='bbox 909 434 1028 502; x_wconf 81' lang='grc' dir='ltr'><strong><em>αὐτῶν.</em></strong></span> <span class='ocrx_word' id='word_1_18' title='bbox 1073 435 1114 502; x_wconf 92' lang='grc' dir='ltr'><strong><em>ού</em></strong></span> <span class='ocrx_word' id='word_1_19' title='bbox 1135 437 1210 520; x_wconf 87' lang='grc' dir='ltr'><strong><em>μήν</em></strong></span> 
     </span>
     <span class='ocr_line' id='line_1_4' title="bbox 193 539 1209 629; baseline -0.001 -21"><span class='ocrx_word' id='word_1_20' title='bbox 193 541 264 609; x_wconf 83' lang='grc' dir='ltr'><strong><em>ἀλλ’</em></strong></span> <span class='ocrx_word' id='word_1_21' title='bbox 287 547 319 608; x_wconf 83' lang='grc' dir='ltr'><strong><em>ελ</em></strong></span> <span class='ocrx_word' id='word_1_22' title='bbox 334 541 389 609; x_wconf 83' lang='grc' dir='ltr'><strong><em>καὶ</em></strong></span> <span class='ocrx_word' id='word_1_23' title='bbox 407 540 512 628; x_wconf 77' lang='grc' dir='ltr'><strong><em>μηδὲν</em></strong></span> <span class='ocrx_word' id='word_1_24' title='bbox 525 544 653 609; x_wconf 83' lang='grc' dir='ltr'><strong><em>τούτων</em></strong></span> <span class='ocrx_word' id='word_1_25' title='bbox 671 543 817 629; x_wconf 92' lang='grc' dir='ltr'><strong><em>ὑπῆρχεν</em></strong></span> <span class='ocrx_word' id='word_1_26' title='bbox 834 543 928 627; x_wconf 84' lang='grc' dir='ltr'><strong><em>ὑμῖν,</em></strong></span> <span class='ocrx_word' id='word_1_27' title='bbox 951 539 1023 608; x_wconf 85' lang='grc' dir='ltr'><strong><em>οὐδ’</em></strong></span> <span class='ocrx_word' id='word_1_28' title='bbox 1046 542 1090 619; x_wconf 80' lang='grc' dir='ltr'><strong><em>ὣς</em></strong></span> <span class='ocrx_word' id='word_1_29' title='bbox 1107 548 1209 627; x_wconf 88' lang='grc' dir='ltr'><strong><em>χαλε-</em></strong></span> 
     </span>
     <span class='ocr_line' id='line_1_5' title="bbox 192 646 1209 735; baseline -0.004 -18"><span class='ocrx_word' id='word_1_30' title='bbox 192 654 257 717; x_wconf 92' lang='grc' dir='ltr'><strong><em>πόν</em></strong></span> <span class='ocrx_word' id='word_1_31' title='bbox 276 649 344 715; x_wconf 79' lang='grc' dir='ltr'><strong><em>ἐστι</em></strong></span> <span class='ocrx_word' id='word_1_32' title='bbox 361 661 488 733; x_wconf 76' lang='grc' dir='ltr'><strong><em>γνῶναι</em></strong></span> <span class='ocrx_word' id='word_1_33' title='bbox 505 647 580 735; x_wconf 81' lang='grc' dir='ltr'><strong><em>περὶ</em></strong></span> <span class='ocrx_word' id='word_1_34' title='bbox 598 649 720 733; x_wconf 82' lang='grc' dir='ltr'><strong><em>αὑτῶν,</em></strong></span> <span class='ocrx_word' id='word_1_35' title='bbox 742 649 894 734; x_wconf 84' lang='grc' dir='ltr'><strong><em>ὁπότεροι</em></strong></span> <span class='ocrx_word' id='word_1_36' title='bbox 912 647 1040 734; x_wconf 77' lang='grc' dir='ltr'><strong><em>τάληθῆ</em></strong></span> <span class='ocrx_word' id='word_1_37' title='bbox 1059 646 1209 732; x_wconf 78' lang='grc' dir='ltr'><strong><em>λέγουσι.</em></strong></span> 
     </span>
     <span class='ocr_line' id='line_1_6' title="bbox 155 751 1208 842; baseline -0.001 -22"><span class='ocrx_word' id='word_1_38' title='bbox 155 782 179 823; x_wconf 85' lang='grc' dir='ltr'><strong><em>ιε</em></strong></span> <span class='ocrx_word' id='word_1_39' title='bbox 192 754 269 842; x_wconf 84' lang='grc' dir='ltr'><strong><em>περὶ</em></strong></span> <span class='ocrx_word' id='word_1_40' title='bbox 290 754 432 841; x_wconf 75' lang='grc' dir='ltr'><strong><em>μὲνγὰρ</em></strong></span> <span class='ocrx_word' id='word_1_41' title='bbox 450 764 507 840; x_wconf 93' lang='grc' dir='ltr'><strong><em>τῆς</em></strong></span> <span class='ocrx_word' id='word_1_42' title='bbox 525 757 640 839; x_wconf 88' lang='grc' dir='ltr'><strong><em>οίκίας,</em></strong></span> <span class='ocrx_word' id='word_1_43' title='bbox 663 757 695 820; x_wconf 91' lang='grc' dir='ltr'><strong><em>εί</em></strong></span> <span class='ocrx_word' id='word_1_44' title='bbox 715 751 819 839; x_wconf 80' lang='grc' dir='ltr'><strong><em>φησὶν</em></strong></span> <span class='ocrx_word' id='word_1_45' title='bbox 841 751 898 820; x_wconf 72' lang='grc' dir='ltr'><strong><em>ὑπ’</em></strong></span> <span class='ocrx_word' id='word_1_46' title='bbox 921 753 1002 840; x_wconf 80' lang='grc' dir='ltr'><strong><em>ἐμοῦ</em></strong></span> <span class='ocrx_word' id='word_1_47' title='bbox 1024 753 1208 821; x_wconf 75' lang='grc' dir='ltr'><strong><em>πεισθέντα</em></strong></span> 
     </span>
     <span class='ocr_line' id='line_1_7' title="bbox 192 861 1207 948; baseline 0 -22"><span class='ocrx_word' id='word_1_48' title='bbox 192 864 407 928; x_wconf 80' lang='grc' dir='ltr'><strong><em>Πολύευκτον</em></strong></span> <span class='ocrx_word' id='word_1_49' title='bbox 424 861 604 948; x_wconf 78' lang='grc' dir='ltr'><strong><em>προστάξαι</em></strong></span> <span class='ocrx_word' id='word_1_50' title='bbox 626 863 704 938; x_wconf 90' lang='grc' dir='ltr'><strong><em>τοὺς</em></strong></span> <span class='ocrx_word' id='word_1_51' title='bbox 726 861 826 947; x_wconf 80' lang='grc' dir='ltr'><strong><em>ὅρους</em></strong></span> <span class='ocrx_word' id='word_1_52' title='bbox 848 869 965 944; x_wconf 90' lang='grc' dir='ltr'><strong><em>στῆσαι</em></strong></span> <span class='ocrx_word' id='word_1_53' title='bbox 986 873 1053 927; x_wconf 81' lang='grc' dir='ltr'><strong><em>τῶν</em></strong></span> <span class='ocrx_word' id='word_1_54' title='bbox 1075 865 1207 947; x_wconf 81' lang='grc' dir='ltr'><strong><em>χιλίων,</em></strong></span> 
     </span>
     <span class='ocr_line' id='line_1_8' title="bbox 192 962 1208 1053; baseline -0.002 -19"><span class='ocrx_word' id='word_1_55' title='bbox 192 965 264 1034; x_wconf 83' lang='grc' dir='ltr'><strong><em>ἀλλ’</em></strong></span> <span class='ocrx_word' id='word_1_56' title='bbox 291 969 332 1034; x_wconf 89' lang='grc' dir='ltr'><strong><em>ού</em></strong></span> <span class='ocrx_word' id='word_1_57' title='bbox 355 969 463 1052; x_wconf 85' lang='grc' dir='ltr'><strong><em>δήπου</em></strong></span> <span class='ocrx_word' id='word_1_58' title='bbox 490 965 545 1034; x_wconf 85' lang='grc' dir='ltr'><strong><em>καλ</em></strong></span> <span class='ocrx_word' id='word_1_59' title='bbox 574 970 652 1045; x_wconf 84' lang='grc' dir='ltr'><strong><em>τοὺς</em></strong></span> <span class='ocrx_word' id='word_1_60' title='bbox 674 966 841 1053; x_wconf 85' lang='grc' dir='ltr'><strong><em>μάρτυρας</em></strong></span> <span class='ocrx_word' id='word_1_61' title='bbox 863 969 976 1032; x_wconf 80' lang='grc' dir='ltr'><strong><em>ἔπεισα</em></strong></span> <span class='ocrx_word' id='word_1_62' title='bbox 999 962 1025 1032; x_wconf 82' lang='grc' dir='ltr'><em>ὦ</em></span> <span class='ocrx_word' id='word_1_63' title='bbox 1048 969 1208 1034; x_wconf 88' lang='grc' dir='ltr'><strong><em>Σπουδία</em></strong></span> 
     </span>
     <span class='ocr_line' id='line_1_9' title="bbox 192 1071 1209 1162; baseline -0.002 -22"><span class='ocrx_word' id='word_1_64' title='bbox 192 1076 299 1159; x_wconf 79' lang='grc' dir='ltr'><strong><em>ψευδῆ</em></strong></span> <span class='ocrx_word' id='word_1_65' title='bbox 322 1099 378 1160; x_wconf 91' lang='grc' dir='ltr'><strong><em>μοι</em></strong></span> <span class='ocrx_word' id='word_1_66' title='bbox 401 1086 591 1162; x_wconf 86' lang='grc' dir='ltr'><strong><em>μαρτυρεῖν,</em></strong></span> <span class='ocrx_word' id='word_1_67' title='bbox 613 1076 691 1150; x_wconf 89' lang='grc' dir='ltr'><strong><em>τοὺς</em></strong></span> <span class='ocrx_word' id='word_1_68' title='bbox 712 1071 999 1159; x_wconf 76' lang='grc' dir='ltr'><strong><em>παραγενομένους</em></strong></span> <span class='ocrx_word' id='word_1_69' title='bbox 1021 1071 1067 1138; x_wconf 82' lang='grc' dir='ltr'><strong><em>ὅτ’</em></strong></span> <span class='ocrx_word' id='word_1_70' title='bbox 1094 1074 1209 1158; x_wconf 80' lang='grc' dir='ltr'><strong><em>ήνγύα</em></strong></span> 
     </span>
     <span class='ocr_line' id='line_1_10' title="bbox 192 1178 1209 1266; baseline -0.001 -18"><span class='ocrx_word' id='word_1_71' title='bbox 192 1205 261 1266; x_wconf 91' lang='grc' dir='ltr'><strong><em>μοι,</em></strong></span> <span class='ocrx_word' id='word_1_72' title='bbox 282 1185 360 1259; x_wconf 87' lang='grc' dir='ltr'><strong><em>τοὺς</em></strong></span> <span class='ocrx_word' id='word_1_73' title='bbox 382 1183 510 1258; x_wconf 75' lang='grc' dir='ltr'><strong><em>εἰδότας</em></strong></span> <span class='ocrx_word' id='word_1_74' title='bbox 527 1182 663 1246; x_wconf 81' lang='grc' dir='ltr'><strong><em>ἔλαττόν</em></strong></span> <span class='ocrx_word' id='word_1_75' title='bbox 686 1201 726 1263; x_wconf 91' lang='grc' dir='ltr'><strong><em>με</em></strong></span> <span class='ocrx_word' id='word_1_76' title='bbox 748 1180 982 1264; x_wconf 72' lang='grc' dir='ltr'><strong><em>κομισάμενον,</em></strong></span> <span class='ocrx_word' id='word_1_77' title='bbox 1004 1181 1082 1257; x_wconf 86' lang='grc' dir='ltr'><strong><em>τοὺς</em></strong></span> <span class='ocrx_word' id='word_1_78' title='bbox 1104 1178 1209 1247; x_wconf 78' lang='grc' dir='ltr'><strong><em>άκού</em></strong></span> 
     </span>
     <span class='ocr_line' id='line_1_11' title="bbox 193 1285 1208 1373; baseline 0 -20"><span class='ocrx_word' id='word_1_79' title='bbox 193 1311 291 1365; x_wconf 86' lang='grc' dir='ltr'><strong><em>οντας</em></strong></span> <span class='ocrx_word' id='word_1_80' title='bbox 308 1288 551 1373; x_wconf 76' lang='grc' dir='ltr'><strong><em>ὁμολογοῦντος</em></strong></span> <span class='ocrx_word' id='word_1_81' title='bbox 570 1287 716 1371; x_wconf 78' lang='grc' dir='ltr'><strong><em>ὀφείλειν</em></strong></span> <span class='ocrx_word' id='word_1_82' title='bbox 736 1285 855 1369; x_wconf 88' lang='grc' dir='ltr'><strong><em>[έμοί],</em></strong></span> <span class='ocrx_word' id='word_1_83' title='bbox 877 1288 1100 1370; x_wconf 69' lang='grc' dir='ltr'><strong><em>συστήσαντος</em></strong></span> <span class='ocrx_word' id='word_1_84' title='bbox 1122 1285 1208 1354; x_wconf 86' lang='grc' dir='ltr'><strong><em>άπυ·</em></strong></span> 
     </span>
     <span class='ocr_line' id='line_1_12' title="bbox 193 1393 1208 1480; baseline 0.001 -21"><span class='ocrx_word' id='word_1_85' title='bbox 193 1395 329 1479; x_wconf 78' lang='grc' dir='ltr'><strong><em>δοῦναι,</em></strong></span> <span class='ocrx_word' id='word_1_86' title='bbox 358 1397 436 1470; x_wconf 81' lang='grc' dir='ltr'><strong><em>τοὺς</em></strong></span> <span class='ocrx_word' id='word_1_87' title='bbox 458 1396 495 1460; x_wconf 88' lang='grc' dir='ltr'><strong><em>τὸ</em></strong></span> <span class='ocrx_word' id='word_1_88' title='bbox 519 1398 708 1459; x_wconf 87' lang='grc' dir='ltr'><strong><em>τελευταῖον</em></strong></span> <span class='ocrx_word' id='word_1_89' title='bbox 730 1403 801 1468; x_wconf 84' lang='grc' dir='ltr'><strong><em>ταῖς</em></strong></span> <span class='ocrx_word' id='word_1_90' title='bbox 824 1393 1000 1476; x_wconf 72' lang='grc' dir='ltr'><strong><em>διαθήκαις</em></strong></span> <span class='ocrx_word' id='word_1_91' title='bbox 1021 1413 1208 1480; x_wconf 76' lang='grc' dir='ltr'><strong><em>παραχενο·</em></strong></span> 
     </span>
     <span class='ocr_line' id='line_1_13' title="bbox 193 1495 1207 1586; baseline 0.001 -23"><span class='ocrx_word' id='word_1_92' title='bbox 193 1497 325 1584; x_wconf 90' lang='grc' dir='ltr'><strong><em>μένους·</em></strong></span> <span class='ocrx_word' id='word_1_93' title='bbox 361 1500 491 1576; x_wconf 87' lang='grc' dir='ltr'><strong><em>τούτοις</em></strong></span> <span class='ocrx_word' id='word_1_94' title='bbox 525 1501 589 1586; x_wconf 75' lang='grc' dir='ltr'><strong><em>γάρ</em></strong></span> <span class='ocrx_word' id='word_1_95' title='bbox 627 1500 750 1564; x_wconf 85' lang='grc' dir='ltr'><strong><em>όλπασιν</em></strong></span> <span class='ocrx_word' id='word_1_96' title='bbox 782 1495 892 1564; x_wconf 81' lang='grc' dir='ltr'><strong><em>οὑκέτι</em></strong></span> <span class='ocrx_word' id='word_1_97' title='bbox 921 1501 1207 1584; x_wconf 84' lang='grc' dir='ltr'><strong><em>καταχαρίσασθαι</em></strong></span> 
     </span>
     <span class='ocr_line' id='line_1_14' title="bbox 192 1601 1278 1692; baseline 0.001 -22"><span class='ocrx_word' id='word_1_98' title='bbox 192 1601 290 1671; x_wconf 87' lang='grc' dir='ltr'><strong><em>ταῦθ’</em></strong></span> <span class='ocrx_word' id='word_1_99' title='bbox 325 1604 492 1688; x_wconf 77' lang='grc' dir='ltr'><strong><em>ὑπῆρχεν,</em></strong></span> <span class='ocrx_word' id='word_1_100' title='bbox 523 1603 607 1670; x_wconf 74' lang='grc' dir='ltr'><strong><em>ἀλλὰ</em></strong></span> <span class='ocrx_word' id='word_1_101' title='bbox 636 1605 847 1670; x_wconf 75' lang='grc' dir='ltr'><strong><em>κινδυνεύειν</em></strong></span> <span class='ocrx_word' id='word_1_102' title='bbox 878 1614 945 1670; x_wconf 83' lang='grc' dir='ltr'><strong><em>τῶν</em></strong></span> <span class='ocrx_word' id='word_1_103' title='bbox 977 1606 1208 1692; x_wconf 77' lang='grc' dir='ltr'><strong><em>ψευδομαρτν-</em></strong></span> <span class='ocrx_word' id='word_1_104' title='bbox 1217 1623 1278 1673; x_wconf 79' lang='lat'>10³³</span> 
     </span>
     <span class='ocr_line' id='line_1_15' title="bbox 193 1706 1207 1797; baseline 0.004 -22"><span class='ocrx_word' id='word_1_105' title='bbox 193 1721 293 1797; x_wconf 81' lang='grc' dir='ltr'><strong><em>ριῶν,</em></strong></span> <span class='ocrx_word' id='word_1_106' title='bbox 320 1712 351 1775; x_wconf 87' lang='grc' dir='ltr'><strong><em>εί</em></strong></span> <span class='ocrx_word' id='word_1_107' title='bbox 376 1706 480 1794; x_wconf 65' lang='grc' dir='ltr'><strong><em>μηδὲν</em></strong></span> <span class='ocrx_word' id='word_1_108' title='bbox 509 1721 575 1775; x_wconf 81' lang='grc' dir='ltr'><strong><em>τῶν</em></strong></span> <span class='ocrx_word' id='word_1_109' title='bbox 603 1708 792 1794; x_wconf 72' lang='grc' dir='ltr'><strong><em>γενομένων</em></strong></span> <span class='ocrx_word' id='word_1_110' title='bbox 815 1722 1021 1797; x_wconf 86' lang='grc' dir='ltr'><strong><em>μαρτυροῖεν.</em></strong></span> <span class='ocrx_word' id='word_1_111' title='bbox 1067 1709 1207 1796; x_wconf 82' lang='grc' dir='ltr'><strong><em>άφῶμεν</em></strong></span> 
     </span>
     <span class='ocr_line' id='line_1_16' title="bbox 156 1812 1205 1906; baseline 0.002 -25"><span class='ocrx_word' id='word_1_112' title='bbox 156 1841 179 1882; x_wconf 84' lang='grc' dir='ltr'><strong><em>ιι</em></strong></span> <span class='ocrx_word' id='word_1_113' title='bbox 192 1820 308 1882; x_wconf 90' lang='grc' dir='ltr'><strong><em>τοίνυν</em></strong></span> <span class='ocrx_word' id='word_1_114' title='bbox 330 1812 420 1882; x_wconf 79' lang='grc' dir='ltr'><strong><em>τοῦτ’</em></strong></span> <span class='ocrx_word' id='word_1_115' title='bbox 441 1817 515 1900; x_wconf 87' lang='grc' dir='ltr'><strong><em>ήδη.</em></strong></span> <span class='ocrx_word' id='word_1_116' title='bbox 551 1817 634 1901; x_wconf 87' lang='grc' dir='ltr'><strong><em>πρὸς</em></strong></span> <span class='ocrx_word' id='word_1_117' title='bbox 657 1815 764 1882; x_wconf 83' lang='grc' dir='ltr'><strong><em>έκεῖνο</em></strong></span> <span class='ocrx_word' id='word_1_118' title='bbox 788 1812 826 1881; x_wconf 76' lang='grc' dir='ltr'><strong><em>δέ</em></strong></span> <span class='ocrx_word' id='word_1_119' title='bbox 847 1820 883 1881; x_wconf 88' lang='grc' dir='ltr'><strong><em>τί</em></strong></span> <span class='ocrx_word' id='word_1_120' title='bbox 902 1815 944 1882; x_wconf 81' lang='grc' dir='ltr'><strong><em>άν</em></strong></span> <span class='ocrx_word' id='word_1_121' title='bbox 967 1814 1088 1899; x_wconf 75' lang='grc' dir='ltr'><strong><em>λέχοιςς</em></strong></span> <span class='ocrx_word' id='word_1_122' title='bbox 1112 1816 1205 1906; x_wconf 86' lang='grc' dir='ltr'><strong><em>όκρι-</em></strong></span> 
     </span>
     <span class='ocr_line' id='line_1_17' title="bbox 193 1918 1300 2008; baseline 0.003 -21"><span class='ocrx_word' id='word_1_123' title='bbox 193 1926 260 2007; x_wconf 80' lang='grc' dir='ltr'><strong><em>βῶς</em></strong></span> <span class='ocrx_word' id='word_1_124' title='bbox 272 1923 335 2008; x_wconf 79' lang='grc' dir='ltr'><strong><em>γάρ</em></strong></span> <span class='ocrx_word' id='word_1_125' title='bbox 350 1922 437 1999; x_wconf 82' lang='grc' dir='ltr'><strong><em>ὅπως</em></strong></span> <span class='ocrx_word' id='word_1_126' title='bbox 451 1920 605 1989; x_wconf 80' lang='grc' dir='ltr'><strong><em>τουτουσὶ</em></strong></span> <span class='ocrx_word' id='word_1_127' title='bbox 625 1921 781 2000; x_wconf 85' lang='grc' dir='ltr'><strong><em>διδάξεις·</em></strong></span> <span class='ocrx_word' id='word_1_128' title='bbox 805 1923 836 1987; x_wconf 86' lang='grc' dir='ltr'><strong><em>εί</em></strong></span> <span class='ocrx_word' id='word_1_129' title='bbox 848 1918 886 1987; x_wconf 74' lang='grc' dir='ltr'><strong><em>δὲ</em></strong></span> <span class='ocrx_word' id='word_1_130' title='bbox 900 1924 956 2006; x_wconf 88' lang='grc' dir='ltr'><strong><em>μή,</em></strong></span> <span class='ocrx_word' id='word_1_131' title='bbox 974 1923 1092 2000; x_wconf 90' lang='grc' dir='ltr'><strong><em>πάντες</em></strong></span> <span class='ocrx_word' id='word_1_132' title='bbox 1108 1924 1206 2008; x_wconf 85' lang='grc' dir='ltr'><strong><em>ὑμεῖς</em></strong></span> <span class='ocrx_word' id='word_1_133' title='bbox 1299 1939 1300 1943; x_wconf 77' lang='grc'>’</span> 
     </span>
     <span class='ocr_line' id='line_1_18' title="bbox 194 2025 1205 2115; baseline 0.003 -22"><span class='ocrx_word' id='word_1_134' title='bbox 194 2025 351 2094; x_wconf 80' lang='grc' dir='ltr'><strong><em>ἀπαιτεῖτ’</em></strong></span> <span class='ocrx_word' id='word_1_135' title='bbox 375 2029 487 2095; x_wconf 92' lang='grc' dir='ltr'><strong><em>αὑτόν.</em></strong></span> <span class='ocrx_word' id='word_1_136' title='bbox 524 2029 577 2094; x_wconf 81' lang='grc' dir='ltr'><strong><em>ὅτε</em></strong></span> <span class='ocrx_word' id='word_1_137' title='bbox 595 2029 658 2113; x_wconf 78' lang='grc' dir='ltr'><strong><em>γάρ</em></strong></span> <span class='ocrx_word' id='word_1_138' title='bbox 677 2029 890 2106; x_wconf 88' lang='grc' dir='ltr'><strong><em>Πολύευκτος</em></strong></span> <span class='ocrx_word' id='word_1_139' title='bbox 907 2029 1071 2095; x_wconf 90' lang='grc' dir='ltr'><strong><em>διετίθετο</em></strong></span> <span class='ocrx_word' id='word_1_140' title='bbox 1089 2040 1205 2115; x_wconf 83' lang='grc' dir='ltr'><strong><em>ταῦτα,</em></strong></span> 
     </span>
     <span class='ocr_line' id='line_1_19' title="bbox 193 2130 1204 2221; baseline 0.005 -22"><span class='ocrx_word' id='word_1_141' title='bbox 193 2143 301 2221; x_wconf 88' lang='grc' dir='ltr'><strong><em>παρῆν</em></strong></span> <span class='ocrx_word' id='word_1_142' title='bbox 333 2130 394 2219; x_wconf 73' lang='grc' dir='ltr'><strong><em>μέν</em></strong></span> <span class='ocrx_word' id='word_1_143' title='bbox 421 2135 442 2217; x_wconf 85' lang='grc' dir='ltr'><strong><em>ῆ</em></strong></span> <span class='ocrx_word' id='word_1_144' title='bbox 472 2136 592 2201; x_wconf 92' lang='grc' dir='ltr'><strong><em>τούτου</em></strong></span> <span class='ocrx_word' id='word_1_145' title='bbox 620 2136 723 2218; x_wconf 79' lang='grc' dir='ltr'><strong><em>γυνή,</em></strong></span> <span class='ocrx_word' id='word_1_146' title='bbox 755 2131 810 2199; x_wconf 82' lang='grc' dir='ltr'><strong><em>καὶ</em></strong></span> <span class='ocrx_word' id='word_1_147' title='bbox 838 2135 941 2218; x_wconf 90' lang='grc' dir='ltr'><strong><em>δῆλον</em></strong></span> <span class='ocrx_word' id='word_1_148' title='bbox 973 2133 1023 2199; x_wconf 81' lang='grc' dir='ltr'><strong><em>ὅτι</em></strong></span> <span class='ocrx_word' id='word_1_149' title='bbox 1054 2136 1111 2213; x_wconf 81' lang='grc' dir='ltr'><strong><em>τὰς</em></strong></span> <span class='ocrx_word' id='word_1_150' title='bbox 1142 2147 1204 2204; x_wconf 84' lang='grc' dir='ltr'><strong><em>τού</em></strong></span> 
     </span>
     <span class='ocr_line' id='line_1_20' title="bbox 193 2235 1205 2327; baseline 0.003 -21"><span class='ocrx_word' id='word_1_151' title='bbox 193 2244 315 2327; x_wconf 88' lang='grc' dir='ltr'><strong><em>πατρὸς</em></strong></span> <span class='ocrx_word' id='word_1_152' title='bbox 341 2243 504 2326; x_wconf 91' lang='grc' dir='ltr'><strong><em>διαθήκας</em></strong></span> <span class='ocrx_word' id='word_1_153' title='bbox 531 2240 745 2325; x_wconf 82' lang='grc' dir='ltr'><strong><em>άνήχχειλεν,</em></strong></span> <span class='ocrx_word' id='word_1_154' title='bbox 777 2241 884 2317; x_wconf 82' lang='grc' dir='ltr'><strong><em>άλλως</em></strong></span> <span class='ocrx_word' id='word_1_155' title='bbox 911 2235 939 2305; x_wconf 91' lang='grc' dir='ltr'><strong><em>τ’</em></strong></span> <span class='ocrx_word' id='word_1_156' title='bbox 966 2242 997 2305; x_wconf 88' lang='grc' dir='ltr'><strong><em>εί</em></strong></span> <span class='ocrx_word' id='word_1_157' title='bbox 1022 2239 1077 2306; x_wconf 85' lang='grc' dir='ltr'><strong><em>καλ</em></strong></span> <span class='ocrx_word' id='word_1_158' title='bbox 1099 2239 1205 2327; x_wconf 71' lang='grc' dir='ltr'><strong><em>μηδὲν</em></strong></span> 
     </span>
     <span class='ocr_line' id='line_1_21' title="bbox 195 2344 1202 2434; baseline 0 -20"><span class='ocrx_word' id='word_1_159' title='bbox 195 2355 269 2414; x_wconf 77' lang='grc' dir='ltr'><strong><em>ἴσον</em></strong></span> <span class='ocrx_word' id='word_1_160' title='bbox 291 2344 395 2434; x_wconf 77' lang='grc' dir='ltr'><strong><em>εἶχεν,</em></strong></span> <span class='ocrx_word' id='word_1_161' title='bbox 422 2344 494 2414; x_wconf 81' lang='grc' dir='ltr'><strong><em>ἀλλ’</em></strong></span> <span class='ocrx_word' id='word_1_162' title='bbox 526 2346 563 2412; x_wconf 88' lang='grc' dir='ltr'><strong><em>έν</em></strong></span> <span class='ocrx_word' id='word_1_163' title='bbox 589 2348 712 2412; x_wconf 86' lang='grc' dir='ltr'><strong><em>άπασιν</em></strong></span> <span class='ocrx_word' id='word_1_164' title='bbox 735 2346 931 2431; x_wconf 87' lang='grc' dir='ltr'><strong><em>ήλαττοῦτο,</em></strong></span> <span class='ocrx_word' id='word_1_165' title='bbox 953 2351 1145 2433; x_wconf 79' lang='grc' dir='ltr'><strong><em>παρεκλήθη</em></strong></span> <span class='ocrx_word' id='word_1_166' title='bbox 1168 2349 1202 2414; x_wconf 89' lang='grc' dir='ltr'><strong><em>δ’</em></strong></span> 
     </span>
     <span class='ocr_line' id='line_1_22' title="bbox 194 2447 1205 2543; baseline 0.001 -25"><span class='ocrx_word' id='word_1_167' title='bbox 194 2454 292 2530; x_wconf 88' lang='grc' dir='ltr'><strong><em>αὑτὸς</em></strong></span> <span class='ocrx_word' id='word_1_168' title='bbox 314 2450 421 2539; x_wconf 88' lang='grc' dir='ltr'><strong><em>οὗτος,</em></strong></span> <span class='ocrx_word' id='word_1_169' title='bbox 444 2455 527 2519; x_wconf 82' lang='grc' dir='ltr'><strong><em>ὥστε</em></strong></span> <span class='ocrx_word' id='word_1_170' title='bbox 551 2449 634 2537; x_wconf 72' lang='grc' dir='ltr'><strong><em>μηδὲ</em></strong></span> <span class='ocrx_word' id='word_1_171' title='bbox 656 2449 748 2518; x_wconf 79' lang='grc' dir='ltr'><strong><em>τοῦτ’</em></strong></span> <span class='ocrx_word' id='word_1_172' title='bbox 775 2447 861 2518; x_wconf 76' lang='grc' dir='ltr'><strong><em>εἶναι</em></strong></span> <span class='ocrx_word' id='word_1_173' title='bbox 884 2450 1005 2538; x_wconf 78' lang='grc' dir='ltr'><strong><em>λέγειν,</em></strong></span> <span class='ocrx_word' id='word_1_174' title='bbox 1027 2453 1071 2531; x_wconf 80' lang='grc' dir='ltr'><strong><em>ὡς</em></strong></span> <span class='ocrx_word' id='word_1_175' title='bbox 1093 2455 1205 2543; x_wconf 78' lang='grc' dir='ltr'><strong><em>λάθρᾳ</em></strong></span> 
     </span>
     <span class='ocr_line' id='line_1_23' title="bbox 193 2557 1203 2647; baseline 0 -21"><span class='ocrx_word' id='word_1_176' title='bbox 193 2558 249 2626; x_wconf 85' lang='grc' dir='ltr'><strong><em>καλ</em></strong></span> <span class='ocrx_word' id='word_1_177' title='bbox 276 2560 536 2646; x_wconf 80' lang='grc' dir='ltr'><strong><em>διακρυψάμενοι</em></strong></span> <span class='ocrx_word' id='word_1_178' title='bbox 563 2560 701 2635; x_wconf 91' lang='grc' dir='ltr'><strong><em>τούτους</em></strong></span> <span class='ocrx_word' id='word_1_179' title='bbox 728 2557 928 2643; x_wconf 76' lang='grc' dir='ltr'><strong><em>ἐπράττομεν</em></strong></span> <span class='ocrx_word' id='word_1_180' title='bbox 955 2570 1071 2625; x_wconf 85' lang='grc' dir='ltr'><strong><em>ταῦτα·</em></strong></span> <span class='ocrx_word' id='word_1_181' title='bbox 1099 2581 1203 2647; x_wconf 87' lang='grc' dir='ltr'><strong><em>παρα-</em></strong></span> 
     </span>
     <span class='ocr_line' id='line_1_24' title="bbox 194 2661 1204 2752; baseline 0.003 -21"><span class='ocrx_word' id='word_1_182' title='bbox 194 2669 395 2748; x_wconf 88' lang='grc' dir='ltr'><strong><em>καλούμενος</em></strong></span> <span class='ocrx_word' id='word_1_183' title='bbox 412 2667 475 2750; x_wconf 85' lang='grc' dir='ltr'><strong><em>χὰρ</em></strong></span> <span class='ocrx_word' id='word_1_184' title='bbox 494 2667 616 2750; x_wconf 80' lang='grc' dir='ltr'><strong><em>ἔφησεν</em></strong></span> <span class='ocrx_word' id='word_1_185' title='bbox 639 2664 737 2742; x_wconf 89' lang='grc' dir='ltr'><strong><em>αὑτὸς</em></strong></span> <span class='ocrx_word' id='word_1_186' title='bbox 754 2661 816 2750; x_wconf 72' lang='grc' dir='ltr'><strong><em>μδν</em></strong></span> <span class='ocrx_word' id='word_1_187' title='bbox 835 2664 992 2751; x_wconf 90' lang='grc' dir='ltr'><strong><em>άσχολίαν</em></strong></span> <span class='ocrx_word' id='word_1_188' title='bbox 1015 2667 1120 2750; x_wconf 78' lang='grc' dir='ltr'><strong><em>άνειν,</em></strong></span> <span class='ocrx_word' id='word_1_189' title='bbox 1142 2669 1204 2752; x_wconf 91' lang='grc' dir='ltr'><strong><em>τήν</em></strong></span> 
     </span>
     <span class='ocr_line' id='line_1_25' title="bbox 157 2767 1203 2856; baseline 0.01 -26"><span class='ocrx_word' id='word_1_190' title='bbox 157 2791 181 2830; x_wconf 86' lang='grc' dir='ltr'><strong><em>ιε</em></strong></span> <span class='ocrx_word' id='word_1_191' title='bbox 195 2768 232 2837; x_wconf 72' lang='grc' dir='ltr'><strong><em>δέ</em></strong></span> <span class='ocrx_word' id='word_1_192' title='bbox 254 2767 382 2854; x_wconf 78' lang='grc' dir='ltr'><strong><em>γυναῖκ’</em></strong></span> <span class='ocrx_word' id='word_1_193' title='bbox 415 2768 562 2856; x_wconf 79' lang='grc' dir='ltr'><strong><em>ἐξαρκεῖν</em></strong></span> <span class='ocrx_word' id='word_1_194' title='bbox 585 2772 646 2854; x_wconf 88' lang='grc' dir='ltr'><strong><em>τήν</em></strong></span> <span class='ocrx_word' id='word_1_195' title='bbox 669 2770 772 2836; x_wconf 90' lang='grc' dir='ltr'><strong><em>αὑτοῦ</em></strong></span> <span class='ocrx_word' id='word_1_196' title='bbox 794 2781 975 2855; x_wconf 82' lang='grc' dir='ltr'><strong><em>παροῦσαν.</em></strong></span> <span class='ocrx_word' id='word_1_197' title='bbox 1011 2775 1046 2836; x_wconf 89' lang='grc' dir='ltr'><strong><em>τί</em></strong></span> <span class='ocrx_word' id='word_1_198' title='bbox 1065 2774 1113 2838; x_wconf 80' lang='grc' dir='ltr'><strong><em>ἔτι</em></strong></span> <span class='ocrx_word' id='word_1_199' title='bbox 1136 2778 1203 2840; x_wconf 88' lang='grc' dir='ltr'><strong><em>λοι-</em></strong></span> 
     </span>
     <span class='ocr_line' id='line_1_26' title="bbox 193 2863 1204 2964; baseline 0.004 -22"><span class='ocrx_word' id='word_1_200' title='bbox 193 2879 272 2955; x_wconf 86' lang='grc' dir='ltr'><strong><em>πόν;</em></strong></span> <span class='ocrx_word' id='word_1_201' title='bbox 297 2875 553 2960; x_wconf 73' lang='grc' dir='ltr'><strong><em>ἀπαγγείλαντος</em></strong></span> <span class='ocrx_word' id='word_1_202' title='bbox 571 2873 820 2962; x_wconf 78' lang='grc' dir='ltr'><strong><em>Ἀριστογένους</em></strong></span> <span class='ocrx_word' id='word_1_203' title='bbox 839 2876 926 2964; x_wconf 79' lang='grc' dir='ltr'><strong><em>αύτςῖ</em></strong></span> <span class='ocrx_word' id='word_1_204' title='bbox 950 2863 1025 2962; x_wconf 82' lang='grc' dir='ltr'><strong><em>περὶ</em></strong></span> <span class='ocrx_word' id='word_1_205' title='bbox 1048 2875 1204 2946; x_wconf 80' lang='grc' dir='ltr'><strong><em>ἁπάντων</em></strong></span> 
     </span>
     <span class='ocr_line' id='line_1_27' title="bbox 194 2979 1203 3069; baseline 0.004 -22"><span class='ocrx_word' id='word_1_206' title='bbox 194 2983 320 3048; x_wconf 88' lang='grc' dir='ltr'><strong><em>τούτων</em></strong></span> <span class='ocrx_word' id='word_1_207' title='bbox 343 2981 496 3067; x_wconf 81' lang='grc' dir='ltr'><strong><em>ἀκριβῶς,</em></strong></span> <span class='ocrx_word' id='word_1_208' title='bbox 519 2979 591 3048; x_wconf 88' lang='grc' dir='ltr'><strong><em>οὐδ’</em></strong></span> <span class='ocrx_word' id='word_1_209' title='bbox 620 2979 753 3047; x_wconf 80' lang='grc' dir='ltr'><strong><em>ἐνταῦθ’</em></strong></span> <span class='ocrx_word' id='word_1_210' title='bbox 782 2981 904 3048; x_wconf 78' lang='grc' dir='ltr'><strong><em>οὐδένα</em></strong></span> <span class='ocrx_word' id='word_1_211' title='bbox 927 2987 1077 3068; x_wconf 82' lang='grc' dir='ltr'><strong><em>φαίνεται</em></strong></span> <span class='ocrx_word' id='word_1_212' title='bbox 1101 2988 1203 3069; x_wconf 79' lang='grc' dir='ltr'><strong><em>λόγον</em></strong></span> 
     </span>
     <span class='ocr_line' id='line_1_28' title="bbox 194 3084 1203 3173; baseline 0.004 -20"><span class='ocrx_word' id='word_1_213' title='bbox 194 3089 430 3172; x_wconf 86' lang='grc' dir='ltr'><strong><em>ποιησάμενος,</em></strong></span> <span class='ocrx_word' id='word_1_214' title='bbox 462 3084 535 3153; x_wconf 84' lang='grc' dir='ltr'><strong><em>ἀλλ’</em></strong></span> <span class='ocrx_word' id='word_1_215' title='bbox 562 3087 747 3172; x_wconf 81' lang='grc' dir='ltr'><strong><em>ἐπιβιόντος</em></strong></span> <span class='ocrx_word' id='word_1_216' title='bbox 776 3089 856 3173; x_wconf 82' lang='grc' dir='ltr'><strong><em>μετὰ</em></strong></span> <span class='ocrx_word' id='word_1_217' title='bbox 885 3097 986 3154; x_wconf 88' lang='grc' dir='ltr'><strong><em>ταῦτα</em></strong></span> <span class='ocrx_word' id='word_1_218' title='bbox 1008 3099 1068 3156; x_wconf 87' lang='grc' dir='ltr'><strong><em>τοῦ</em></strong></span> <span class='ocrx_word' id='word_1_219' title='bbox 1090 3095 1203 3158; x_wconf 89' lang='grc' dir='ltr'><strong><em>Πολυ-</em></strong></span> 
     </span>
     <span class='ocr_line' id='line_1_29' title="bbox 194 3191 1203 3280; baseline 0.004 -21"><span class='ocrx_word' id='word_1_220' title='bbox 194 3195 313 3260; x_wconf 88' lang='grc' dir='ltr'><strong><em>εύκτου</em></strong></span> <span class='ocrx_word' id='word_1_221' title='bbox 329 3198 425 3259; x_wconf 90' lang='grc' dir='ltr'><strong><em>πλεῖν</em></strong></span> <span class='ocrx_word' id='word_1_222' title='bbox 443 3193 463 3278; x_wconf 85' lang='grc' dir='ltr'><strong><em>ή</em></strong></span> <span class='ocrx_word' id='word_1_223' title='bbox 482 3191 578 3259; x_wconf 86' lang='grc' dir='ltr'><strong><em>πένθ’</em></strong></span> <span class='ocrx_word' id='word_1_224' title='bbox 601 3192 733 3280; x_wconf 73' lang='grc' dir='ltr'><strong><em>ἡμέρας,</em></strong></span> <span class='ocrx_word' id='word_1_225' title='bbox 757 3192 825 3260; x_wconf 79' lang='grc' dir='ltr'><strong><em>οὔτ’</em></strong></span> <span class='ocrx_word' id='word_1_226' title='bbox 852 3196 1077 3280; x_wconf 81' lang='grc' dir='ltr'><strong><em>ήγανάκτησεν</em></strong></span> <span class='ocrx_word' id='word_1_227' title='bbox 1100 3199 1203 3263; x_wconf 88' lang='grc' dir='ltr'><strong><em>είσελ-</em></strong></span> 
     </span>
     <span class='ocr_line' id='line_1_30' title="bbox 193 3296 1201 3387; baseline 0.006 -23"><span class='ocrx_word' id='word_1_228' title='bbox 193 3301 268 3365; x_wconf 84' lang='grc' dir='ltr'><strong><em>θὼν</em></strong></span> <span class='ocrx_word' id='word_1_229' title='bbox 296 3296 365 3365; x_wconf 81' lang='grc' dir='ltr'><strong><em>οὔτ’</em></strong></span> <span class='ocrx_word' id='word_1_230' title='bbox 392 3299 544 3366; x_wconf 87' lang='grc' dir='ltr'><strong><em>ἀντεῖπεν</em></strong></span> <span class='ocrx_word' id='word_1_231' title='bbox 568 3298 688 3384; x_wconf 86' lang='grc' dir='ltr'><strong><em>οὐδέν,</em></strong></span> <span class='ocrx_word' id='word_1_232' title='bbox 720 3298 795 3366; x_wconf 86' lang='grc' dir='ltr'><strong><em>οὐδ’</em></strong></span> <span class='ocrx_word' id='word_1_233' title='bbox 821 3300 842 3384; x_wconf 84' lang='grc' dir='ltr'><strong><em>ή</em></strong></span> <span class='ocrx_word' id='word_1_234' title='bbox 869 3303 973 3386; x_wconf 73' lang='grc' dir='ltr'><strong><em>γυνή,</em></strong></span> <span class='ocrx_word' id='word_1_235' title='bbox 1001 3300 1142 3387; x_wconf 85' lang='grc' dir='ltr'><strong><em>παροὺσ’</em></strong></span> <span class='ocrx_word' id='word_1_236' title='bbox 1170 3303 1201 3382; x_wconf 87' lang='grc' dir='ltr'><strong><em>έξ</em></strong></span> 
     </span>
     <span class='ocr_line' id='line_1_31' title="bbox 195 3404 1293 3492; baseline 0.005 -22"><span class='ocrx_word' id='word_1_237' title='bbox 195 3405 295 3492; x_wconf 87' lang='grc' dir='ltr'><strong><em>ἀρχῆς</em></strong></span> <span class='ocrx_word' id='word_1_238' title='bbox 323 3407 423 3471; x_wconf 86' lang='grc' dir='ltr'><strong><em>άπασι</em></strong></span> <span class='ocrx_word' id='word_1_239' title='bbox 452 3408 590 3483; x_wconf 88' lang='grc' dir='ltr'><strong><em>τούτοις.</em></strong></span> <span class='ocrx_word' id='word_1_240' title='bbox 636 3404 711 3471; x_wconf 80' lang='grc' dir='ltr'><strong><em>ὥστ’</em></strong></span> <span class='ocrx_word' id='word_1_241' title='bbox 740 3405 850 3473; x_wconf 83' lang='grc' dir='ltr'><strong><em>οὐκέτι</em></strong></span> <span class='ocrx_word' id='word_1_242' title='bbox 879 3409 1090 3484; x_wconf 89' lang='grc' dir='ltr'><strong><em>Πολύευκτος</em></strong></span> <span class='ocrx_word' id='word_1_243' title='bbox 1120 3409 1202 3475; x_wconf 82' lang='grc' dir='ltr'><strong><em>αὑτά</em></strong></span> <span class='ocrx_word' id='word_1_244' title='bbox 1292 3439 1293 3454; x_wconf 55' lang='lat'>¹</span> 
     </span>
     <span class='ocr_line' id='line_1_32' title="bbox 195 3509 1202 3600; baseline 0.005 -24"><span class='ocrx_word' id='word_1_245' title='bbox 195 3510 344 3590; x_wconf 83' lang='grc' dir='ltr'><strong><em>πεισθεὶς</em></strong></span> <span class='ocrx_word' id='word_1_246' title='bbox 367 3511 440 3596; x_wconf 85' lang='grc' dir='ltr'><strong><em>έμολ</em></strong></span> <span class='ocrx_word' id='word_1_247' title='bbox 467 3509 688 3600; x_wconf 81' lang='grc' dir='ltr'><strong><em>κατεχαρίζεθ’</em></strong></span> <span class='ocrx_word' id='word_1_248' title='bbox 717 3513 762 3590; x_wconf 83' lang='grc' dir='ltr'><strong><em>ὡς</em></strong></span> <span class='ocrx_word' id='word_1_249' title='bbox 783 3515 909 3597; x_wconf 83' lang='grc' dir='ltr'><strong><em>έοικευ,</em></strong></span> <span class='ocrx_word' id='word_1_250' title='bbox 931 3511 1003 3580; x_wconf 81' lang='grc' dir='ltr'><strong><em>ἀλλ’</em></strong></span> <span class='ocrx_word' id='word_1_251' title='bbox 1029 3514 1123 3596; x_wconf 84' lang='grc' dir='ltr'><strong><em>ὑμεῖς</em></strong></span> <span class='ocrx_word' id='word_1_252' title='bbox 1145 3515 1202 3581; x_wconf 88' lang='grc' dir='ltr'><strong><em>αὑ-</em></strong></span> 
     </span>
    </p>
   </div>
   <div class='ocr_carea' id='block_1_3' title="bbox 0 0 1333 3926">
    <p class='ocr_par' dir='ltr' id='par_1_3' title="bbox 0 0 1333 3926">
     <span class='ocr_line' id='line_1_33' title="bbox 0 0 1333 3926; baseline 0 0"><span class='ocrx_word' id='word_1_253' title='bbox 0 0 1333 3926; x_wconf 95' lang='lat' dir='ltr'><strong><em> </em></strong></span> 
     </span>
    </p>
   </div>
  </div>
 </body>
</html>
