2650 3918
463 203 559 254 ΚΑΤΑ
576 203 740 258 ΝΕΑΙΡΑΣ.

560 425 645 492 LIX.

398 565 544 640 ΚΑΤΑ
566 565 804 641 ΝΕΑΙΡΑΣ.

501 764 702 818 ΤΠΟΘΕΣΙΣ.

161 891 222 954 Καὶ
243 901 349 955 τοῦτον
376 892 428 956 τὸν
450 893 539 974 λόγου
566 893 621 955 ούκ
651 892 762 954 οἴονται
784 891 1002 972 Δημοσθένους
1024 887 1110 974 εἶναι,

90 991 204 1052 ύπτιον
231 987 302 1052 όντα
327 989 378 1052 καλ
399 995 530 1076 πολλαχῇ
557 999 610 1070 τῆς
631 999 685 1052 τού
708 990 831 1072 ῥήτορος
853 991 1008 1070 δυνάμεως
1029 990 1110 1053 ἕνδε-

88 1087 219 1170 έστερον.
255 1087 403 1150 ὑπόθεσιν
422 1081 451 1150 δ’
474 1085 530 1168 ἔχει
552 1086 702 1166 τοιαύτην.
737 1086 832 1166 νόμον
855 1088 1035 1168 κελεύοντος,
1058 1086 1110 1149 έδιν

89 1183 182 1267 άνδρλ
198 1178 351 1271 Ἀθηναίῳ
370 1181 440 1262 ξένη
461 1195 598 1270 συνοικῇ,
620 1191 791 1266 πεπρᾶσθαι
807 1185 929 1265 ταύτην,
951 1184 1025 1246 κατὰ
1042 1194 1109 1246 τού·

89 1305 146 1344 τον
168 1280 222 1344 τδυ
243 1280 339 1361 νόμον
362 1280 410 1343 έπλ
433 1279 567 1364 Νέαιραν
589 1280 655 1360 ἥκει
675 1281 872 1363 Θεόμνηστος,
894 1280 987 1364 λέγων
1010 1298 1110 1344 συνοι-

89 1384 156 1440 κεῖν
175 1377 269 1458 αύτην
287 1377 433 1464 Στεφάνῳ
455 1384 613 1460 γεγονυῖαν
632 1375 687 1458 μὲν
705 1378 817 1457 δούλην
835 1376 1012 1461 Νικαρέτης,
1034 1377 1111 1440 ἓται·

91 1476 228 1558 ρήσασαυ
255 1472 288 1537 δὲ
309 1475 466 1558 πρότερον,
493 1485 551 1538 νύν
582 1473 616 1538 δὲ
638 1476 784 1563 Στεφάνῳ
806 1475 889 1562 νόμῳ
912 1461 1111 1548 συνοικοῦσαν
1220 1545 1223 1552 ,

90 1573 143 1634 καλ
169 1570 464 1651 πεπαιδοποιημένην
490 1569 520 1646 ἐξ
548 1572 649 1637 αύτού.
690 1570 762 1636 ὅδὲ
784 1572 941 1653 Στέφανος
964 1571 1022 1660 ούχ,
1040 1569 1110 1654 δμο-

91 1675 177 1752 λογεῖ
193 1678 298 1750 ταῦτα,
325 1669 397 1731 άλλδι
420 1675 553 1732 συνεῖναι
576 1666 630 1748 μὲν
659 1669 735 1756 αὐτῇ
758 1688 866 1750 φησιν,
893 1667 934 1744 ὡς
955 1668 1056 1754 ἕτοάρῳ
1078 1665 1110 1731 δὲ

62 1767 144 1830 2καλ
168 1768 204 1830 ού
222 1769 352 1850 γυναικί,
374 1766 424 1829 καλ
441 1767 512 1842 τούς
529 1768 639 1842 παῖδας
657 1769 713 1830 ούκ
735 1765 767 1830 ἐκ
789 1768 897 1847 ταύτης
920 1765 1004 1848 ἔχειν.
1034 1765 1111 1849 πρδς

94 1865 167 1947 ὅπερ
190 1863 207 1928 δ
229 1865 391 1948 κατήγορος
409 1863 627 1946 ἀνθιστάμενος
645 1865 701 1928 ούκ
723 1862 806 1947 ὀλύγα
827 1864 969 1952 τεκμήρια
990 1863 1109 1947 παρέχε-

92 1985 159 2043 ται,
182 1959 223 2035 ὥς
244 1969 372 2044 γυναῖκα
394 1968 544 2024 συνοικεῖν
571 1962 675 2040 αύιήν.
709 1963 821 2044 γίνεται
842 1962 946 2023 τοίνυν
967 1958 988 2041 ἡ
1011 1962 1118 2033 στάσις

93 2069 147 2122 τού
170 2060 260 2140 λόγου
279 2059 463 2139 στυχαστική·
486 2057 554 2141 περὶ
571 2058 628 2140 γάρ
646 2058 750 2132 ούσύας
771 2059 804 2121 τδ
828 2057 950 2138 ζήτημα,
972 2057 1023 2119 καὶ
1045 2055 1111 2119 ούτε

94 2155 162 2239 περὶ
186 2154 332 2234 ἰδιότητος
355 2153 421 2216 ούτε
438 2154 506 2237 περὶ
522 2154 688 2234 ποιότητος.
723 2153 759 2215 τδι
782 2150 836 2233 μὲν
859 2146 915 2216 ούν
936 2163 1038 2236 πρῶτα
1058 2163 1112 2215 τού

95 2253 186 2334 λόγου
208 2250 395 2331 Θεόμνηστος
411 2249 497 2333 λέγει,
520 2249 618 2313 ἔπειτα
636 2251 802 2333 συνήγορον
818 2244 1039 2332 Ἀπολλόδωρον
1058 2273 1112 2312 κα-

96 2356 145 2413 λεῖ
161 2347 307 2429 κηδεστὴν
329 2341 401 2410 ὄνθ’
427 2346 544 2428 ἑαυτοῦ,
566 2346 703 2424 κάκεῖνος
724 2346 776 2412 τὸν
798 2345 900 2430 άμῶνα
921 2352 1056 2409 ποιεῖται.

163 2583 282 2651 Πολλά
295 2607 335 2669 με
348 2583 390 2649 τά
409 2588 665 2670 παρακαλοῦντα
682 2579 726 2668 ἦν
744 2579 770 2650 ὦ
789 2584 909 2669 ἄνδρες
927 2580 1111 2670 Ἀθηναῖοι,
1121 2609 1189 2660 134⁵

98 2692 290 2779 γράψασθαι
306 2689 459 2777 Νέαιραν
476 2691 539 2775 την
558 2691 691 2777 γραφὴν
708 2687 847 2774 ταυτηνὶ
868 2687 923 2756 καὶ
945 2693 1112 2758 εἰσελθεῖν

99 2801 145 2876 εἰς
164 2798 259 2884 ὑμᾶς.
294 2794 350 2863 καὶ
376 2797 441 2883 γάρ
462 2791 657 2882 ’ἠδικήμεθα
685 2796 750 2864 ὑπὸ
774 2797 952 2883 Στεφάνου
975 2801 1117 2884 μεγάλα,

100 2901 152 2970 καὶ
178 2906 226 2982 εἰς
253 2903 435 2980 κινδύνους
460 2905 539 2981 τοὺς
567 2901 726 2990 ἐσχάτους
747 2901 947 2989 κατέστημεν
968 2903 1025 2971 ὑπ’
1052 2905 1111 2972 αύ-

100 3019 169 3095 τοῦ,
191 3010 210 3076 ό
231 3032 267 3075 τε
290 3010 450 3094 κηδεστὴς
471 3007 527 3075 καὶ
550 3007 689 3093 ἐγὼκαὶ
710 3007 732 3094 ἡ
755 3008 881 3096 ἀδελφὴ
903 3009 959 3077 καὶ
980 3010 1002 3096 ἡ
1024 3015 1110 3097 γυνὴ

100 3115 220 3202 ἡέμη,
247 3112 324 3182 ὥστ’
351 3116 413 3202 οὐχ
439 3115 617 3203 ὑπάρχων,
645 3115 730 3182 ἀλλὰ
759 3117 1003 3203 τιμωρούμενος
1025 3117 1110 3202 άγω-

101 3232 233 3307 νιοῦμαι
254 3224 314 3289 τδν
336 3220 449 3307 άγῶνοι
470 3225 620 3289 τουτονί·
643 3230 701 3306 τῆς
721 3222 785 3310 γάρ
809 3226 931 3310 ἔχθρας
952 3226 1111 3310 πρότερος

104 3325 194 3406 οὗτος
224 3327 387 3415 ὑπῆρξεν,
418 3324 520 3395 οὐδὲν
541 3324 600 3415 ὑφ’
632 3327 728 3412 ἡμῶν
756 3330 886 3396 πώποτε
914 3330 992 3396 οὔτε
1021 3333 1114 3418 λόγῳ

104 3437 175 3502 ούτε
202 3437 288 3525 ἔργῳ
314 3436 418 3501 κακδν
443 3435 573 3501 παθών.
613 3435 777 3521 βούλομαι
805 3432 836 3500 δ’
862 3435 943 3519 ύμῖν
972 3436 1109 3520 προδιη-

105 3548 265 3626 νησασθαι
288 3551 421 3627 πρῶτον
444 3539 466 3606 δ
486 3544 702 3626 πεπόνθοιμεν
724 3535 780 3606 ὑπ’
808 3539 926 3621 αὐτοῦ,
949 3539 1006 3604 ἵνα
1027 3542 1109 3621 μᾶλ-

897 3637 948 3694 19⁸
