2654 3926
461 175 560 228 ΠΡΟΣ
578 179 829 233 ΜΑΚΑΡΤΔΤΟΝ.
1109 175 1151 241 39

142 329 180 398 δὲ
197 340 322 421 κληρον
339 337 399 400 τὸν
417 333 552 421 Ἁγνίου
570 333 686 414 ἀξιοῦν
704 339 792 422 ἐχειν
809 335 899 422 παρὰ
915 337 992 415 τοὺς
1012 340 1151 423 νόμους;

144 441 271 506 τούτων
294 438 435 520 γένοιντ’
463 441 505 508 ἀν
527 442 702 528 ἅνθρωποι
724 442 1013 528 ἀναισχυντότεροι
1035 442 1056 529 λη
1079 466 1153 528 μια-

144 547 297 633 ρώτεροι;
321 546 548 631 ἀναγίγνωσκε
570 545 624 613 καὶ
647 551 725 625 τοὺς
747 546 879 635 ἑτέρους
901 552 1036 633 νόμους.

583 742 710 795 NOMOI.

13 931 14 934 Ἴ
101 861 127 903 ⁵⁷
253 855 415 931 Προειπεῖν
436 855 476 937 τῷ
504 852 647 912 κτείναντι
669 851 702 914 έν
729 851 823 939 ἀγορᾷ
853 852 934 928 έντδς
961 852 1153 931 ἀνεψιότητος

187 946 236 1009 καλ
267 947 412 1028 ἀνεψιοῦ,
440 948 617 1010 συνδιώκειν
645 945 677 1009 δὲ
704 947 756 1010 καῖ
781 948 926 1027 ἀνεψιοὺς
947 947 997 1010 καλ
1019 947 1161 1026 ἀνεψιῶν-

187 1047 296 1119 παῐδας
318 1045 366 1107 καλ
388 1044 539 1127 γαμβροὺς
556 1043 607 1106 καὶ
624 1045 792 1125 πενθεροὺς
813 1044 863 1107 καλ
884 1044 1037 1126 φράτερας.
1074 1040 1231 1114 aldi-1069

188 1149 299 1204 σασθαι
317 1140 360 1221 δὲ,
383 1141 436 1204 ἐὺν
458 1140 513 1222 μὲν
534 1140 630 1224 πατὴρ
648 1131 702 1228 ᾖῆ
721 1141 849 1221 ἀδελφὸς
865 1140 886 1222 ὀ)
904 1143 989 1220 υἱεῖς,
1011 1143 1153 1222 ἅπαντας,

188 1235 274 1317 ἣτὺν
292 1237 445 1301 κωλύοντα
463 1244 587 1320 κρατεῖν.
623 1236 676 1322 έδιν
695 1235 727 1298 δὲ
745 1239 858 1301 τούτων
880 1239 982 1319 μηδεὶς
1003 1230 1034 1325 ᾖ,
1056 1240 1154 1326 κτείνῃ

189 1333 221 1397 δὲ
235 1332 327 1414 άκων,
340 1344 433 1417 γνῶσι
447 1332 479 1396 δέ
492 1336 522 1398 οἱ
533 1335 717 1414 πεντήκοντα
730 1335 781 1398 καῖ
797 1330 838 1410 είς
851 1334 871 1416 ἢ
885 1337 917 1399 οῖ
927 1334 1028 1414 ἐφέται
1046 1333 1156 1399 ἀκοντα

188 1437 310 1512 κτεῖναι,
324 1429 457 1494 ἐσέσθων
471 1434 504 1494 οῖ
513 1433 665 1513 φράτερες,
679 1431 732 1494 ἐὰν
745 1433 866 1512 θέλωσι,
884 1432 969 1496 δέκα·
987 1433 1110 1506 τούτους
1123 1429 1156 1495 δέ

189 1529 221 1591 οί
235 1529 418 1608 πεντήκοντα
436 1529 484 1590 καλ
505 1525 547 1604 εἷς
560 1529 731 1612 ἀριστίνδην
744 1532 915 1612 αἱρείσθων.
949 1529 1000 1592 καῖ
1013 1529 1044 1592 οἱ
1054 1530 1156 1610 πρότε-

189 1650 243 1706 ρον
261 1627 423 1700 κτείναντες
440 1625 473 1688 ἐν
491 1628 566 1713 τῷδε
589 1633 627 1714 τῷ
651 1633 753 1715 θεσμῷ
775 1626 947 1708 ἐνεχέσθων.
961 1660 1005 1672 -
1021 1627 1099 1700 Τοὺς
1123 1619 1154 1689 δ’

189 1721 444 1806 ἀπογιγνομένους
462 1723 573 1799 ἐντοῖς
591 1725 706 1804 δήμοις,
729 1723 782 1798 οὺς
805 1722 843 1786 ὺν
865 1723 968 1804 μηδεὶς
990 1723 1156 1804 ἀναιρῆται,

189 1818 382 1903 ἐπαγγελλέτω
410 1818 427 1883 δ
455 1820 602 1903 δήμαρχος
631 1829 691 1896 τοῖς
718 1821 920 1902 προσήκουσιν
947 1819 1080 1900 ἀναιρεῖν
1107 1817 1157 1880 καλ

188 1918 317 1979 θάπτειν
344 1915 394 1978 καλ
416 1919 571 1997 καθαίρειν
599 1917 651 1981 τδν
674 1919 784 1999 δῆμον,
813 1914 965 2003 τῃὴμέρηι
982 1907 1002 2003 ᾖ
1021 1915 1060 1978 διν
1083 1914 1155 1978 ἀπο-

189 2012 308 2097 γένηται
326 2011 445 2087 ἕκαστος
463 2013 569 2077 αὐτῶν.
601 2015 785 2097 ἐπαγγέλλειν
804 2013 837 2077 δέ
854 2013 922 2098 περὶ
939 2012 993 2093 μέν
1011 2023 1069 2076 τῶν
1088 2013 1157 2076 δοά-

192 2117 252 2173 λων
277 2115 317 2197 τῷ
345 2111 471 2197 δεσπότῃ
478 2156 488 2190 ,
519 2109 586 2192 περλ
609 2110 641 2175 δὲ
667 2122 726 2175 τῶν
753 2111 918 2194 ἐλευθέρων
945 2119 1007 2185 τοῖς
1028 2111 1064 2173 τόι
1086 2111 1157 2192 χρή-

193 2204 257 2286 ματ’
282 2208 414 2289 ἔχουσιν·
435 2207 489 2270 ἐὰν
513 2206 545 2271 δὲ
563 2208 603 2288 μὴ
622 2200 642 2296 ᾖ
661 2210 793 2290 χρήματα
814 2214 855 2295 τῷ
877 2207 1074 2285 ἀποθανόντι,
1096 2213 1157 2282 τοῖς

192 2305 373 2385 προσήκουσι
399 2314 453 2367 τοῦ
481 2304 689 2380 ἀποθανόντος
723 2304 915 2388 ἐπαγγέλλειν.
955 2305 1009 2369 ἐὰν
1040 2302 1072 2366 δέ
1103 2313 1157 2368 τοῶ

192 2404 344 2484 δημάρχου
367 2401 590 2485 ἐπαγγείλαντος
617 2403 657 2483 μὴ
689 2402 867 2484 ἀναιρῶνται
894 2402 926 2464 οί
949 2401 1157 2482 προσήκοντες,

192 2498 208 2562 δ
239 2497 292 2579 μέν
321 2499 469 2580 δήμαρχος
499 2499 738 2580 ἀπομισθωσάτω
766 2497 880 2561 ἀνελεῖν
907 2497 956 2560 καλ
983 2500 1158 2578 καταθάψαι

192 2596 242 2659 καλ
272 2603 404 2677 καθῆραι
430 2596 482 2660 τδν
515 2599 612 2678 δῆμον
638 2597 829 2676 αὐθημερόν,
856 2595 936 2670 ὅπως
965 2595 1003 2658 διν
1033 2597 1157 2677 δύνηται

192 2691 352 2775 ὀλιγίστου·
375 2693 428 2755 ἐδιν
451 2691 483 2755 δὲ
505 2693 545 2775 μη
564 2693 779 2780 ἀπομισθώσῃ,
808 2691 945 2774 ὀφειλέτω
972 2698 1064 2775 χιλίας
1086 2697 1157 2776 δρα-

192 2792 267 2872 χμὰς
288 2795 328 2876 τῷ
351 2792 492 2878 δημοσίῳ.
529 2790 547 2853 δ
568 2815 595 2853 τι
618 2787 646 2853 δ’
671 2790 710 2852 διν
733 2789 885 2877 ἀναλώσῃ,
909 2791 1064 2854 διπλάσιον
1081 2814 1157 2873 πρα-

193 2889 297 2963 ξάσθω
319 2887 400 2968 παρὰ
426 2897 484 2950 τῶν
507 2885 699 2965 ὀφειλόντων·
727 2886 780 2949 ἐὰν
810 2885 842 2949 δέ
864 2886 904 2967 μὴ
928 2890 1040 2974 πράξῃ,
1069 2888 1157 2964 αὺτός

192 2984 331 3065 ὀφειλέτω
362 2991 423 3060 τοῖς
453 2985 601 3066 δημόταις.
650 2985 726 3059 Τοὺς
753 2981 785 3047 δέ
812 2983 853 3065 μη
884 2983 1080 3059 ἀποδιδόντας
1106 2986 1158 3061 τὰς

192 3082 353 3163 μισθώσεις
386 3091 445 3144 τῶν
475 3091 603 3161 τεμενῶν
631 3091 690 3144 τῶν
716 3091 769 3162 της
795 3088 872 3144 θεοῦ
894 3081 944 3144 καί
975 3091 1033 3144 τῶν
1060 3079 1158 3145 ἀλλων

192 3187 275 3242 θεῶν
302 3178 353 3241 καλ
378 3189 438 3241 τῶν
461 3179 626 3260 έπωνόμων
648 3178 770 3258 ἀτίμους
793 3172 870 3242 εῖναι
896 3180 946 3242 καλ
973 3179 1082 3254 αότοὺς
1108 3181 1159 3244 καλ

192 3276 278 3361 γένος
304 3275 354 3338 καί
380 3276 582 3356 κληρονόμους
608 3276 678 3350 τοὺς
705 3277 832 3355 τούτων,
859 3274 914 3350 ἕως
936 3275 975 3338 ἀν
997 3277 1157 3340 ἀποδῶσιν.

109 3415 135 3458 σε
221 3401 330 3464 Ταῦτα
362 3393 479 3481 πάνθ’,
510 3396 573 3462 ὅσα
605 3397 640 3462 οδ
675 3399 772 3481 νόμοι
803 3398 1044 3483 προστάττουσι
1078 3401 1158 3475 τοὺς
1168 3410 1236 3458 10⁷0

147 3506 375 3589 προσήκοντας
402 3513 528 3586 ποιεῖν,
557 3503 637 3587 ἡμῖν
667 3503 906 3586 προστάττουσι
932 3500 988 3567 καὶ
1016 3501 1157 3581 ἀναγκά-
