2658 3914
291 149 388 202 RATA
405 149 533 203 ενεεε.
551 149 616 202 m
633 149 782 203 ΜΝΗΣῙΒ.
801 150 913 202 tvm.
1044 145 1106 210 117

95 313 192 376 ἀλλοι
218 321 287 376 τῶν
315 308 523 395 τριηράρχων
553 306 685 395 ἑτέρους
711 308 945 396 εἰσεπράξαντο
968 307 1027 386 οὓς
1047 327 1137 374 πα-·

95 414 251 502 ρέλαβον,
273 413 451 499 ἀνάγνωθί
471 437 529 499 μοι
551 414 662 481 αὐτῶν
679 415 737 492 τάς
759 418 949 500 μαρτυρίας.

503 581 709 634 MAPTTPIAI.

54 700 82 740 49
161 681 333 764 Βούλομαι
351 682 468 745 τοίνυν
486 673 512 744 ὦ
532 680 651 765 ἀνδρες
676 675 826 744 δικασταὶ
844 676 900 744 καλ
918 677 939 744 ἀ
957 675 1109 744 πέπονθα

95 781 151 851 ὑπ’
178 785 289 851 αὐτῶν
313 786 539 870 διηγήσασθαι
561 784 651 868 ὑμῖν.
691 782 803 869 ἐπειδή
826 785 890 869 γάρ
914 779 1028 870 ὦφλον
1051 783 1109 849 αὐ-

95 903 164 968 τοῖς
186 892 248 975 τήν
277 891 391 975 δίκην,
418 887 470 976 ἐφ’
496 883 518 976 ᾗ
542 892 620 966 τοὺς
646 890 813 975 μάρτυρας
839 890 978 966 τούτους
1000 890 1109 955 διώκω

95 999 136 1064 τά
166 997 273 1080 ύενδή
306 998 612 1082 μεμαρτυρηκότας,
642 997 840 1080 προσελθὼν
872 1004 917 1084 τῷ
945 998 1109 1083 Θεοφήμῳ

96 1103 280 1188 μελλούσης
302 1125 359 1186 μοι
381 1102 445 1185 ήδη
475 1100 603 1185 ἐξήκειν
626 1108 683 1184 τής
704 1101 939 1187 ὑπερημερίας,
966 1099 1109 1184 ἐδεήθην

97 1209 201 1275 αὐτοῦ
219 1208 365 1294 ἐπισχεῖν
379 1231 435 1292 μοι
450 1206 565 1289 ὀλίγον
583 1209 719 1292 χρόνον,
741 1204 848 1290 λέγων
866 1207 924 1283 τὰς
942 1205 1110 1289 ἀληθείας,

97 1315 148 1381 ότι
169 1310 412 1400 πεπορισμένον
435 1321 496 1378 τοῦ
526 1311 688 1398 ἀργυρίου
712 1310 730 1377 δ
753 1314 893 1397 ἐμελλον
916 1312 1004 1400 αὐτῷ
1027 1311 1110 1378 ἐκτί-

56 1441 82 1482 εο
96 1445 169 1488 νειν
197 1416 386 1505 συμβέβηκέ
410 1442 468 1503 μοι
495 1421 707 1503 τριηραρχία,
734 1416 791 1482 καὶ
820 1416 1031 1484 ἀποστέλλειν
1054 1419 1110 1483 διά

92 1528 216 1613 τάχους
243 1525 297 1590 δεῖ
320 1525 382 1608 τήν
411 1526 549 1610 τριήρη,
579 1520 635 1588 καὶ
664 1522 683 1588 ὁ
713 1524 893 1608 στρατηγὸς
917 1521 1111 1609 Ἀλκίμαχος

96 1633 188 1720 αύτῷ
211 1630 470 1717 παρασκευάζειν
492 1630 618 1694 κελεύει
636 1629 759 1711 ταύτην
780 1629 843 1712 τήν
865 1639 965 1695 ναῦν·
988 1631 1026 1697 τὸ
1049 1625 1111 1695 οὖν

96 1738 261 1824 ἀργύριον
278 1737 316 1802 τὸ
338 1733 582 1822 πεπορισμένον
601 1743 646 1823 τῷ
668 1737 832 1824 Θεοφήμῳ
851 1733 1037 1802 ἀποδοῦναι
1059 1735 1112 1802 έν-

95 1849 209 1910 ταῦθα
230 1841 488 1927 κατεχρησάμην.
530 1840 672 1925 ἐδεόμην
700 1837 731 1905 δ’
758 1840 862 1906 αὐτοῦ
885 1839 1115 1927 ἀναβαλέσθαι

96 1951 160 2033 τήν
182 1949 422 2034 ὑπερημερίαν,
449 1945 510 2023 ἕως
538 1945 580 2011 ἀν
603 1948 664 2030 τήν
686 1956 772 2012 ναῦν
794 1945 986 2013 ἀποστείλω.
1032 1948 1050 2015 ό
1074 1945 1112 2014 δέ

96 2055 222 2144 ῥᾳδίως
250 2076 306 2136 μοι
332 2050 388 2118 καὶ
415 2051 544 2129 ἀκάκως
571 2050 795 2137 ἀποκρίνεται·
824 2047 941 2117 “ούδλν
963 2054 1112 2139 κωλύει’,

96 2164 177 2245 ἐφη·
201 2154 289 2222 ’ἀλλ’
318 2155 452 2222 ἐπειδάν
479 2158 541 2240 τήν
569 2166 656 2221 ναῦν
683 2153 892 2244 ἀποστείλῃς,
922 2160 1034 2241 πόριζε
1056 2158 1112 2224 καὶ

56 2285 81 2326 τι
97 2260 200 2350 ἐμοί’
237 2259 502 2348 ἀποκριναμένου
521 2258 561 2326 δέ
576 2285 632 2346 μοι
654 2272 756 2328 ταῦτα
778 2273 838 2328 τοῦ
858 2265 1036 2347 Θεοφήμου
1058 2262 1113 2329 καὶ

96 2365 353 2452 ἀναβαλομένου
376 2368 438 2451 τήν
464 2366 704 2452 ὑπερημερίαν,
732 2365 788 2432 καὶ
809 2368 951 2451 μάλιστά
974 2392 1038 2452 μου
1061 2390 1113 2433 πι-

98 2475 301 2550 στεύσαντος
329 2481 368 2558 τή
396 2495 430 2537 τε
454 2470 628 2556 ἐπισκήψει
649 2483 717 2538 τῶν
738 2474 1036 2559 ψευδομαρτυριῶν
1058 2473 1114 2540 καί

97 2589 145 2668 τῷ
171 2580 215 2664 μή
240 2575 370 2644 ἐθέλειν
400 2576 503 2642 αὐτὸν
530 2579 739 2663 παραδοῦναι
761 2579 822 2662 τήν
844 2579 1043 2670 άνθρωπον,
1070 2581 1114 2659 ὡς

98 2681 202 2754 οὐδὲν
216 2683 259 2750 ἀν
272 2686 528 2769 νεωτερίσαντος
545 2681 621 2768 περὶ
639 2681 735 2767 τάμά,
757 2681 820 2767 ἐγὼ
840 2679 901 2767 μὲν
918 2685 979 2768 τήν
997 2688 1113 2773 τριήρη

99 2791 314 2873 ἀποστείλας,
344 2789 386 2855 ού
413 2792 551 2864 πολλαῖς
578 2785 713 2873 ήμέραις
739 2789 880 2875 ὕστερον
910 2794 1048 2876 πορίσας
1076 2794 1113 2857 τὸ

101 2897 275 2982 ἀργύριον,
297 2895 496 2981 προσελθὼν
515 2894 604 2983 αὐτῷ
625 2893 777 2961 ἐκέλευον
795 2894 849 2961 ε’πλ
871 2897 932 2980 τήν
954 2897 1114 2982 τράπεζαν

101 3003 356 3068 ἀκολουθοῦντα
374 3002 566 3085 κομίζεσθαι
585 3002 646 3084 τήν
668 3002 856 3087 καταδίκην.
894 3003 939 3079 ὡς
962 2997 999 3067 δέ
1021 3000 1110 3069 ταῦτ’

102 3107 213 3192 ἀληθῆ
232 3104 329 3192 λέγω,
353 3108 481 3173 τούτων
498 3105 580 3191 ὑμῖν
599 3106 825 3190 ἀναγνώσεται
846 3108 904 3184 τάς
926 3110 1115 3192 μαρτυρίας.

508 3272 712 3327 ΜΔΡΤΤΡΙΑΙ.
1127 3281 1194 3332 115⁶

61 3392 89 3432 τι
166 3370 202 3437 Ὁ
227 3374 264 3438 δὲ
283 3373 458 3457 Θεόφημος
477 3368 551 3436 ἀντὶ
567 3379 628 3435 τοῦ
651 3372 712 3454 τήν
734 3372 913 3455 καταδίκην
936 3369 1116 3454 ἀπολαβων

104 3478 336 3562 ἀκολουθήσας
366 3475 420 3542 ἐπὶ
449 3477 511 3560 τήν
540 3476 716 3561 τράπεζαν,
746 3475 857 3542 έλθύν
884 3499 949 3560 μου
976 3475 1015 3537 τά
1037 3475 1117 3555 πρό-
