2650 3918
187 151 254 217 312
491 153 562 204 mx,
587 149 891 223 [Δωωοεωωεουε]

187 312 400 398 Ναυσίφιλον
419 313 479 377 τὸν
495 313 705 377 Ναυσινίκου
727 318 787 376 τοῦ
809 307 969 395 ἄρξαντος
988 308 1077 393 υίόν,
1099 306 1194 393 ἀφίη·

147 436 174 476 66
188 436 242 484 σιν
266 419 310 497 ὡς
332 412 537 483 ἀποδύσοντ’
564 416 652 504 αύτῷ
676 417 713 482 τὸ
736 415 906 502 ἀργύριον.
948 413 1094 494 ἐξελθὼν
1116 410 1155 479 δὲ
1176 414 1199 478 δ.

184 521 371 600 Ἐπαίνετος
392 520 448 588 καί
470 522 568 599 αὐτὸς
591 522 695 588 αὑτοῦ
721 521 835 607 κύριος
856 525 1048 606 γενόμενος,
1074 519 1197 607 γράφε·

187 652 240 694 ται
262 631 345 716 πρὸς
365 632 443 706 τοὺς
464 626 673 713 θεσμοθέτας
699 629 832 714 γραφὴν
854 625 1030 713 Στέφανον
1052 629 1198 708 τουτονί,

188 734 310 812 ἀδίκως
333 736 507 823 εἱρχθῆναι
534 731 590 800 ὑπ’
617 733 737 818 αὐτοῦ,
763 733 845 799 κατὰ
871 735 930 800 τὸν
957 736 1063 818 νόμον
1086 731 1123 810 ὃς
1143 755 1198 797 κε-4

188 842 295 922 λεύει,
327 840 385 906 ἐάν
412 865 461 919 τις
492 840 613 919 ἀδίκως
645 838 735 927 εἵρξῃ
767 840 811 916 ὡς
839 842 973 926 μοιχόν,
1002 838 1198 925 γράψασθαι
1316 929 1317 932 ¹

187 949 270 1035 πρὸς
291 951 368 1026 τοὺς
389 945 597 1033 θεσμοθέτας
620 945 742 1022 ἀδίκως
764 946 955 1033 εἱρχθῆναι,
975 942 1032 1010 καὶ
1054 943 1114 1011 ε’δν
1135 939 1199 1029 μέν

188 1052 246 1140 ἕλῃ
275 1056 334 1121 τὸν
362 1053 513 1140 εἵρξαντα
541 1049 597 1118 καὶ
627 1050 707 1138 δόξῃ
738 1050 860 1128 ἀδίκως
889 1050 1198 1136 ἐπιβεβουλεῦσθαι,

188 1158 304 1248 ἀθῷον
326 1155 412 1226 εἶναι
436 1159 537 1226 αὐτὸν
559 1155 614 1224 καὶ
636 1160 715 1234 τοὺς
733 1156 892 1243 ἐγγυητάς
910 1157 1120 1244 ἀπηλλάχθαι
1141 1167 1197 1242 τῆς
1314 1157 1315 1196 ³

188 1265 320 1351 ἐγγύης·
344 1267 403 1332 ἐάν
427 1261 464 1332 δὲ
487 1263 568 1350 δόξῃ
595 1266 709 1350 μοιχὸς
737 1259 839 1348 εἶναι,
865 1264 1073 1349 παραδοῦναι
1095 1261 1198 1330 αὐτὸν
1310 1283 1317 1310 ¹¹

187 1374 314 1438 κελεύει
341 1376 419 1450 τοὺς
449 1371 607 1457 ἐγγυητάς
636 1379 681 1459 τῷ
714 1367 841 1453 ἑλόντι,
870 1366 924 1435 ἐπὶ
952 1365 990 1435 δὲ
1017 1379 1079 1436 τοῦ
1106 1371 1198 1436 δικα-
1310 1378 1313 1395 “

188 1482 325 1565 στηρίου
353 1480 434 1545 άνευ
461 1476 661 1564 ἐγχειριδίου
687 1482 832 1563 χρῆσθαι
860 1475 879 1540 ό
906 1498 938 1541 τι
965 1473 1007 1540 ἀν
1034 1478 1199 1563 βουληθῇ,

149 1604 175 1645 ετ
189 1584 233 1660 ὡς
255 1592 359 1671 μοιχβ
383 1587 466 1649 ὄντι.
502 1583 584 1648 κατὰ
608 1584 649 1666 δη
676 1592 797 1648 τοῦτον
825 1583 884 1648 τὸν
911 1584 1017 1666 νόμον
1039 1582 1200 1669 γράφεται

189 1688 292 1753 αὐτὸν
323 1689 342 1754 ὁ
370 1685 571 1773 Ἐπαίνετος,
607 1686 663 1754 καὶ
699 1688 861 1772 ὡμολόγει
893 1683 954 1772 μὲν
983 1695 1129 1774 χρῆσθαι
1159 1698 1199 1776 τῃ

189 1791 369 1883 ἀνθρώπω,
391 1794 433 1860 οὐ
455 1793 570 1880 μέντοι
598 1797 712 1881 μοιχός
739 1817 776 1877 γε
804 1789 903 1860 εἶναι·
928 1793 1003 1859 οὔτε
1030 1795 1093 1881 γάρ
1116 1799 1200 1862 Στε-

189 1899 299 1985 φάνου
325 1897 494 1987 θυγατέρα
522 1901 626 1986 αὐτὴν
653 1896 753 1983 εἶναι,
782 1898 865 1965 ἀλλά
886 1901 1051 1986 Νεαίρας,
1077 1904 1139 1986 την
1164 1923 1199 1968 τε

190 2002 312 2091 μητέρα
334 2006 435 2090 αὐτῆς
457 2006 646 2073 συνειδέναι
673 2007 918 2090 πλησιάζουσαν
939 2006 1044 2094 αὐτῷ,
1071 2006 1200 2092 ἀνηλω-

189 2221 320 2305 μήσειε,
349 2222 410 2305 τὴν
438 2223 547 2286 οίκίαν
577 2220 673 2304 ὅλην·
703 2221 762 2284 τόν
791 2241 825 2284 τε
854 2222 960 2303 νόμον
992 2215 1046 2284 ἐπὶ
1071 2219 1201 2296 τούτοις

189 2329 429 2412 παρεχόμενος,
459 2325 496 2404 ὃς
525 2325 586 2393 ούκ
616 2325 654 2412 ἐᾷ
684 2320 738 2391 ἐπί
767 2325 904 2410 ταύτῃσι
933 2327 1051 2411 μοιχὸν
1073 2329 1201 2410 λαβεῖν,

191 2434 309 2499 ὁπόσαι
332 2429 373 2498 ἀν
397 2426 446 2498 ἐπ’
473 2432 690 2519 ἐργαστηρίου
717 2427 930 2514 καθῶνταιῆ
955 2429 1005 2511 [ἐν
1021 2439 1060 2516 τῃ
1079 2430 1199 2519 ἀγορᾷ]

190 2543 363 2603 πωλῶνται
396 2535 695 2624 ἀποπεφασμένως,
729 2535 945 2622 ἐργαστήριον
978 2537 1116 2622 φάσκων
1145 2536 1201 2604 καὶ

187 2111 280 2178 κε’ναι
309 2136 343 2178 τε
373 2115 479 2180 πολλά
507 2115 555 2191 είς
584 2113 699 2198 αύτάς,
729 2109 864 2199 τρέφειν
891 2135 937 2198 τε,
966 2113 1064 2180 ὁπότε
1087 2113 1200 2198 ε’πιδη-

190 2653 288 2709 τοῦτο
311 2639 412 2728 εἶναι,
434 2647 495 2730 την
518 2643 694 2729 Στεφάνου
723 2644 847 2726 οἰκίαν,
873 2640 929 2707 καί
954 2643 1016 2726 τὴν
1042 2641 1201 2729 ἐργασίαν

1316 2783 1317 2820 ί

191 2750 313 2833 ταύτην
336 2745 437 2832 εἶναι,
464 2747 520 2815 καὶ
541 2747 605 2816 άπὸ
629 2749 755 2815 τούτων
783 2747 903 2824 αὐτοὺς
929 2747 1083 2835 εὐπορεῖν
1106 2751 1200 2835 μάλι-

151 2875 177 2916 es
192 2873 260 2922 στα.
297 2855 433 2932 τούτους
455 2851 493 2920 δέ
515 2857 593 2932 τοὺς
615 2857 735 2938 λόγους
753 2852 907 2937 λέγοντος
928 2864 989 2920 τοῦ
1008 2851 1200 2922 Ἐπαινέτου
1210 2869 1272 2920 1868
1316 2835 1317 2880 ³

190 2959 245 3027 καὶ
267 2961 327 3046 την
345 2961 482 3046 γραφὴν
505 2958 746 3048 γεγραμμένου,
768 2962 870 3044 γνοὺς
891 2958 1064 3044 Στέφανος
1086 2961 1200 3029 οὑτοσί
1316 3025 1317 3056 ,

191 3068 242 3132 ὅτι
258 3065 525 3152 ἐξελεγχθήσεται
537 3065 774 3154 πορνοβοσκῶν
793 3065 847 3132 καί
866 3079 1096 3152 συκοφαντῶν,
1115 3070 1200 3135 δίαι-
1316 3065 1317 3122 3

191 3197 251 3239 ταν
275 3170 437 3257 ἐπιτρέπει
459 3175 542 3259 πρὸς
569 3175 629 3240 τὸν
646 3171 837 3239 Ἐπαίνετον
860 3172 971 3249 αὐτοῖς
992 3185 1061 3252 τοῖς
1082 3174 1199 3261 ἐγγυη-

191 3291 280 3364 ταῖς,
310 3280 392 3344 ὥστε
421 3287 479 3363 τῆς
507 3275 568 3364 μὲν
596 3279 715 3364 ἐγγύης
738 3281 857 3356 αὐτοὺς
880 3278 1055 3366 ἀφεῖσθαι,
1078 3282 1140 3367 την
1162 3279 1200 3348 δέ

154 3406 179 3444 ω
193 3387 326 3472 γραφὴν
350 3383 527 3450 ἀνελέσθαι
549 3387 608 3450 τὸν
628 3382 826 3452 Ἐπαίνετον.
865 3383 1058 3463 πεισθέντος
1080 3382 1118 3452 δὲ
1138 3397 1200 3455 τοῦ

189 3489 380 3557 Ἐπαινέτου
411 3488 463 3557 ἐπὶ
493 3490 639 3573 τούτοις,
668 3489 723 3556 καὶ
753 3487 953 3574 ἀνελομένου
979 3492 1040 3576 την
1065 3491 1200 3578 γραφὴν
1316 3509 1317 3544 ³
