2656 3926
517 185 710 237 εΠιΣΤοΛΗ
727 187 777 239 111.
1083 183 1147 248 421
1223 241 1225 244 .

6 383 7 390 τ
48 347 50 350 ’
140 337 184 406 ἀν
206 344 418 426 κομισαίμ-ην,
441 343 523 408 ὥστε
542 340 646 428 μηδὲν
668 343 868 430 ἀσχημονεῖν
889 347 927 411 τὸ
950 347 1068 412 λοιπὸν
1090 353 1150 410 τοῦ

140 449 236 530 βίου,
264 444 307 512 ἀν
330 443 360 511 δ’
387 447 432 525 ὡς
460 449 496 514 οί
521 459 624 516 ταῦτα
653 448 804 532 λε’γοντες
830 449 964 528 ἀξιοῦσί
987 444 1022 535 μ’
1049 452 1149 533 ἔλθω,

96 569 125 612 ιι
140 547 196 636 ἀμ’
224 550 340 639 ἀδοξίμ
361 551 416 618 καὶ
439 551 561 640 ἀπορίᾳ
587 551 643 619 καί
669 557 764 644 φόβφ
792 553 977 638 συνέξομαι.
1023 547 1071 618 ὧν
1093 551 1149 618 ού-

139 651 200 722 δέν
221 657 316 741 ὑμεῖς
338 662 583 744 συλλογίζεσθε,
605 659 689 727 ἀλλὰ
708 659 863 746 ῥημάτων
881 683 937 745 μοι
955 658 1011 725 καὶ
1032 663 1149 743 φιλαν-

138 767 291 847 θρωπίας
311 770 538 849 φθονοῦντες,
564 763 607 831 ἀν
636 765 722 831 ούτω
745 767 839 852 τύχη,
862 763 905 831 δι’
931 765 1017 850 ὑμᾶς
1037 766 1148 849 περιό-

138 867 238 946 ψεσθ’
256 867 480 954 ἀπολόμενον·
498 869 539 935 ού
557 871 621 956 γὰρ
639 869 681 935 ἀν
700 871 858 955 δεηθείην
876 871 988 935 ἀλλων
1005 870 1025 954 ἣ
1043 870 1148 955 ὑμῶν.

138 972 194 1039 καὶ
219 978 292 1041 τότε
320 978 441 1060 φησετε
469 977 563 1041 δεινὰ
589 975 794 1043 πεπονθέναι
821 975 871 1062 μ’,
893 977 1035 1063 ἀκριβῶς
1061 971 1147 1058 οῖδα,

139 1074 187 1145 ὅτ’
213 1076 283 1146 οὔτ’
310 1079 384 1165 έμολ
405 1077 509 1147 πλέον
536 1079 638 1148 οὐδὲν
666 1079 746 1148 οὔθ’
773 1083 853 1167 ὑμῖν
877 1085 976 1148 ἔσται.
1022 1079 1063 1146 ού
1084 1081 1147 1166 γάρ
1158 1097 1226 1148 1485

139 1186 180 1269 δὴ
208 1187 357 1271 χρηματά
383 1183 414 1270 γ’
440 1183 530 1252 εἷναί
553 1211 610 1272 μοι
636 1186 833 1274 προσδοκάτ’
866 1187 927 1266 ἔξω
955 1197 1022 1252 τῶν
1047 1209 1148 1272 φανε-

139 1303 226 1377 ρῶν,
256 1285 303 1356 ὧν
333 1291 522 1378 ἀφίσταμαι.
566 1290 622 1358 καί
650 1294 691 1358 τὰ
725 1295 823 1360 λοιπὰ
856 1295 1020 1379 βούλομαι
1048 1311 1148 1356 συνα-

138 1409 266 1481 γαγεῖν,
288 1396 347 1462 έάν
369 1421 426 1482 μοι
448 1400 492 1483 μη
515 1402 706 1483 φιλονίκως,
728 1395 799 1464 ἀλλ’
823 1398 1042 1484 ἀνθρωπίνως
1065 1399 1147 1462 δῶτε

95 1524 125 1562 ω
139 1504 176 1569 τὸ
205 1504 287 1588 πρὸς
315 1505 444 1581 τούτοις
474 1503 629 1588 ἀσφαλῶς
658 1501 753 1572 εἶναι.
799 1505 839 1571 ού
869 1506 935 1590 μην
965 1499 1043 1570 οὐδὲ
1065 1499 1144 1588 παρ’

133 1605 300 1694 Ἀρπάλου
322 1633 362 1694 με
381 1613 525 1694 λαβόντα
543 1611 678 1690 δείξετε·
701 1612 776 1677 ούτε
794 1612 858 1698 γὰρ
880 1609 1048 1696 ηλέγχθην
1072 1606 1143 1675 οὔτ’

139 1715 269 1799 ἔλαβον.
314 1717 346 1780 εί
367 1711 404 1781 δὲ
426 1717 464 1782 τὸ
482 1708 661 1801 περιφανὲς
679 1713 805 1802 ἀξίωμα
819 1725 879 1800 τῆς
900 1721 1024 1801 βουλῆς
1045 1715 1066 1800 ἣ
1088 1717 1148 1780 τὸν

129 1815 264 1904 ’Ἀρειον
290 1821 399 1904 πάγον
425 1820 663 1906 προσβλέπετε,
694 1830 752 1905 τῆς
774 1818 1052 1908 Ἀριστογείτονος
1078 1825 1147 1906 κρί-

140 1940 222 2001 σεως
244 1924 510 2011 ἀναμνησθέντες
537 1926 782 2009 ἐγκαλύψασθε·
806 1928 847 1994 ού
874 1929 936 2013 γάρ
960 1929 1022 2012 ἔχω
1046 1929 1147 2008 πραό-

97 2053 125 2092 ιε
139 2055 236 2116 τερον
254 2034 474 2117 πρόσφθεγμα
491 2043 560 2108 τοῖς
579 2031 836 2117 ἐξημαρτηκόσιν
853 2035 901 2110 είς
918 2029 983 2116 ε’μέ.
1024 2032 1065 2097 ού
1083 2032 1146 2116 γὰρ

141 2137 248 2220 δήπου
275 2147 344 2214 τοῖς
371 2137 483 2214 αὐτοῖς
509 2161 546 2220 γε
573 2141 700 2222 λόγοις,
725 2139 791 2203 ύπδ
817 2147 874 2222 τῆς
901 2137 1000 2222 αὐτῆς
1025 2141 1147 2222 βουλῆς

141 2241 389 2328 ἀποφανθέντα,
412 2242 539 2309 έκεῖνον
562 2238 623 2328 μὲν
644 2242 803 2327 ἀφεῖσθαι
826 2246 955 2310 δίκαιον
977 2238 1063 2310 εἶναι
1084 2245 1147 2328 φή-

141 2364 229 2432 σετε,
256 2344 313 2433 ἐμὲ
341 2346 373 2414 δ’
398 2347 616 2416 ἀπολωλέναι·
640 2349 700 2434 ούχ
723 2349 828 2426 οὕτως
853 2351 947 2434 ὑμεῖς
968 2349 1147 2432 ἀλογίστως

141 2457 239 2540 ἔχετε.
281 2456 356 2520 οὔτε
383 2455 446 2540 γὰρ
474 2454 564 2533 ἀξιος
596 2455 671 2520 ούτε
704 2454 887 2540 ίπιτηδειος
913 2457 989 2522 ούιε
1016 2459 1146 2541 χείρων,

140 2559 261 2646 ἀτυχὴς
283 2559 396 2645 μέντοι
420 2559 464 2626 δι’
490 2561 591 2645 ὑμᾶς,
618 2561 784 2645 ὁμολογῶ·
810 2573 879 2639 πῶς
900 2563 963 2649 γάρ
987 2561 1048 2628 οὐκ
1070 2561 1147 2626 ἀτυ-

140 2668 210 2751 χης,
232 2658 258 2753 ηδ
277 2667 359 2745 πρὸς
377 2676 445 2742 τοῖς
463 2665 575 2741 ἀλλοις
591 2675 704 2741 κακοῖς
725 2663 781 2730 καὶ
797 2667 880 2751 πρὸς
893 2664 1141 2753 Ἀριστογεῖτον

142 2771 285 2854 ἐμαυτὸν
303 2769 460 2849 ἐξετάζειν
480 2772 665 2854 συμβαίνει,
683 2768 738 2834 καὶ
756 2767 845 2836 ταῦτ’
864 2771 1047 2838 ἀπολωλότι
1064 2775 1146 2858 πρὸς

142 2881 302 2962 σωτηρίας
323 2879 533 2962 τετυχηκότας

104 3003 129 3042 τι
209 2980 275 3046 Καὶ
301 2983 345 3065 μή
376 2979 412 3067 μ’
447 2978 688 3066 ὑπολαμβάνετ’
719 2981 908 3066 ὀργίζεσθαι
939 2996 1008 3060 τοῖς
1035 2986 1146 3065 λόγοις

142 3088 283 3163 τούτοις·
303 3087 343 3152 ού
361 3087 424 3172 γὰρ
443 3085 485 3152 ἀν
502 3086 643 3170 πάθοιμι
662 3097 759 3152 τοῦτο
778 3089 859 3173 πρὸς
875 3086 961 3172 ὑμᾶς
979 3087 1055 3170 έγύ·
1070 3086 1141 3153 ἀλλ’

143 3195 209 3278 ἔχει
230 3191 305 3258 τινὰ
327 3203 396 3269 τοῖς
412 3189 642 3276 ἀδικουμένοις
661 3192 833 3280 ῥχισιύνην
852 3194 888 3258 τὸ
911 3191 1020 3276 λέγειν
1043 3193 1064 3260 δ
1085 3194 1144 3260 πά-

144 3314 293 3385 σχουσιν,
307 3298 416 3381 ὥσπερ
430 3309 499 3375 τοῖς
516 3297 654 3381 ἀλγοῦσι
673 3300 709 3363 τὸ
728 3296 867 3382 στένειν,
886 3297 955 3364 έπεδ
973 3308 1012 3384 τῇ
1031 3301 1145 3388 εύνοίηι

143 3403 173 3489 γ’
201 3405 306 3480 οὕτως
327 3406 389 3487 ε”χω
413 3407 494 3488 πρὸς
516 3404 616 3486 ὑμᾶς,
643 3402 687 3480 ὡς
713 3404 797 3486 ὑμᾶς
819 3403 861 3469 ἀν
884 3403 1041 3489 εὐξαίμην
1063 3406 1145 3490 πρὸς

143 3511 207 3595 ἐμέ.
249 3510 303 3576 καὶ
321 3504 408 3575 τοῦτ’
431 3508 468 3574 έν
486 3518 566 3574 πᾶσι
583 3513 742 3591 πεποίηκα
764 3507 818 3573 καὶ
840 3513 965 3592 ποιήσω
988 3513 1143 3594 φανερόν.
