2654 3926
223 176 266 238 14
518 177 603 229 xm.
632 174 936 246 [ΔΗωοΣοεωουΣ]

221 342 327 422 ληται,
351 337 411 422 οὐχ
430 336 448 400 ὅ
467 359 498 401 τι
522 337 557 402 οί
576 339 674 420 νόμοι
696 336 899 402 κελεύουσιν.
936 333 1009 419 λέγε
1032 336 1089 412 τὰς
1111 358 1237 420 μαρτυ-
1305 377 1306 380 =

222 448 305 528 ρίας,
328 453 460 528 πρῶτον
483 438 544 527 μὲν
567 442 624 518 τάς
650 439 726 527 περὶ
752 451 812 508 τοῦ
840 441 1020 526 μετάλλου,
1046 443 1156 507 ἔπειτα
1178 441 1237 510 καὶ

220 550 277 625 τὰς
300 549 409 626 ἀλλας.

623 653 827 708 ΜΔΡΤΤΡλᾹῙ.

180 778 206 816 1⁰
281 759 320 824 “A
342 757 404 845 μὲν
425 764 541 828 τοίνυν
560 759 664 838 εὐθὺς
686 769 726 846 τῇ
749 762 861 848 πρώτη
879 760 984 850 ἡμέρᾳ
1003 763 1083 847 μετὰ
1100 763 1156 838 τάς
1174 761 1237 827 ἀν-

219 869 362 944 τιδόσεις
391 865 511 952 ήρξατό
546 890 585 951 με
618 871 805 943 Φαίνιππος
834 865 979 952 ἀδικεῖν,
1015 865 1169 953 ἀκηκόατ’
1207 864 1237 933 ὦ
1305 921 1306 946 3

219 975 339 1060 ἀνδρες
357 969 532 1057 Ἀθηναῖοι
554 971 609 1038 καὶ
632 972 714 1057 ε’μού
737 971 792 1039 καὶ
815 983 881 1038 τῶν
904 975 1090 1060 μαρτύρων.
1132 975 1171 1039 τδι
1196 971 1237 1040 δὲ
1305 1003 1306 1040 ;

220 1080 300 1165 μετὰ
332 1089 433 1146 ταῦτα
464 1075 654 1163 γεγενημέν’
690 1075 799 1146 οὐκέτ’
835 1081 882 1156 είς
918 1076 974 1164 ἐμὲ
1005 1083 1111 1164 μόνον
1143 1076 1235 1168 αὐτῷ
1305 1107 1306 1110 ’

219 1185 417 1272 ήμάρτηται,
444 1183 529 1250 ἀλλά
555 1183 610 1250 καλ
633 1186 680 1261 εἰς
702 1187 780 1262 τούς
801 1188 940 1269 νόμους,
969 1182 1053 1270 ὑπὲρ
1082 1180 1130 1252 ὧν
1151 1187 1235 1271 ύμῖν
1305 1241 1306 1244 ¹

180 1309 204 1348 11
220 1295 321 1360 ἅπασι
352 1289 577 1358 σπουδαστέον
607 1289 705 1356 ἐστίν.
749 1290 872 1375 ὀμόσας
905 1292 968 1376 γάρ
1000 1301 1040 1376 τη
1075 1290 1306 1382 ἑνδεκάτηιοή

219 1411 279 1466 τοῦ
301 1400 551 1483 βοηδρομιῶνος
573 1397 677 1480 μηνὸς
703 1395 888 1482 ἀποφανεῖν
916 1396 1027 1482 ὀρθῶς
1048 1396 1104 1464 καὶ
1127 1401 1235 1467 δικαί-

220 1529 264 1581 ως
285 1505 347 1588 τήν
370 1504 504 1586 οὐσίαν,
527 1511 587 1568 τοῦ
609 1504 716 1586 νόμον
744 1503 928 1587 διαρρήδην
955 1500 1109 1586 λέγοντος
1130 1519 1235 1592 τριῶν

219 1609 352 1695 ἡμερῶν
371 1605 427 1693 ἀφ’
450 1602 489 1690 ής
507 1606 548 1672 ἀν
567 1607 673 1694 ὀμόση
693 1609 825 1674 διδόναι
843 1610 904 1692 τήν
922 1607 1102 1696 ἀπόφασιν,
1125 1611 1234 1680 ἐδεῖτό

220 1739 285 1800 μου
303 1714 501 1800 προσελθὼν
519 1715 583 1800 πρὸ
602 1725 669 1779 τῶν
688 1715 908 1800 δικαστηρίων
922 1717 1002 1800 μετά
1015 1720 1233 1786 Πολυεύκτου

219 1833 280 1888 τοῦ
298 1819 454 1907 Κριωέως
475 1817 531 1885 καὶ
550 1817 671 1904 ἑτέρων
689 1832 801 1905 τινῶν,
823 1832 955 1906 πρῶτον
978 1819 1039 1907 μὲν
1060 1823 1138 1911 περὶ
1160 1827 1232 1892 δια-

220 1928 345 2003 λύσεως
377 1931 555 1992 συνελθεῖν
588 1926 691 2014 αὐτῷ·
723 1927 830 1992 πάντα
865 1928 928 2014 γάρ
961 1953 1018 2013 μοι
1048 1932 1089 1996 τὰ
1120 1933 1233 1999 δίκαια

219 2034 382 2116 ποιήσειν·
413 2033 523 2097 ἔπειτα
551 2032 611 2115 τήν
648 2031 815 2118 ἀπόφασιν
832 2042 901 2118 ’τής
929 2035 1044 2112 οὐσίας
1072 2035 1233 2124 ἀναβαλέ-

220 2146 302 2204 σθαι
325 2139 370 2223 μή
393 2138 517 2213 πολλάς
534 2135 669 2222 ἡμέρας·
693 2138 734 2204 οὐ
756 2139 819 2224 γὰρ
842 2137 977 2222 ἀγνοεῖν
999 2166 1065 2226 μου
1086 2144 1127 2208 τδ
1149 2147 1233 2231 πρά-

182 2259 207 2300 12
220 2267 336 2329 γματα.
372 2243 578 2328 ἡγησάμενος
597 2241 630 2307 δ’
653 2243 717 2327 ἐγὼ
735 2240 791 2309 καὶ
804 2247 939 2330 μετρίου
953 2245 1008 2312 καὶ
1021 2246 1233 2333 ἀπράγμονος
1305 2277 1306 2282 ’

220 2345 306 2415 εἶναι
328 2352 478 2432 πολίτου,
501 2349 545 2431 μή
569 2347 673 2425 εὐδὺς
698 2347 752 2414 ἐπὶ
778 2350 996 2435 κεφαλήν.είς
1017 2354 1054 2418 τὸ
1077 2354 1231 2434 δικαστή·

221 2480 295 2542 ριον
318 2457 475 2540 βαδίζειν,
499 2453 658 2538 ἐπείσθην
678 2453 726 2535 (τί
740 2455 804 2540 γάρ
823 2455 877 2520 δεῖ
897 2458 1147 2546 μακρολογεῖυ;)
1171 2464 1231 2546 τήν

220 2557 281 2645 μὶν
305 2561 451 2626 σύνοδον
473 2561 534 2643 τήν
556 2558 632 2645 περὶ
660 2571 726 2625 τῶν
756 2561 940 2626 διαλύσεων
962 2571 1001 2648 πή
1025 2563 1128 2652 ὀγδύῃ
1150 2573 1231 2652 φθί-

220 2690 338 2742 νοντος
363 2675 423 2731 τοῦ
451 2667 701 2751 βοηδρομιῶνος
732 2668 835 2750 μηνὸς
867 2667 1067 2752 ὁμολογήσαι
1093 2676 1231 2757 ποιήσα-

220 2778 312 2855 σθαι,
335 2772 396 2854 τήν
419 2768 451 2834 δ’
479 2769 646 2856 ἀπόφασιν
669 2780 726 2856 τής
744 2771 859 2849 οὐσίας
880 2782 919 2858 τῇ
943 2772 1018 2860 ἕκτη
1040 2780 1230 2860 φθίνοντος.

219 2879 328 2964 τυχὼν
356 2873 394 2943 δὲ
424 2878 551 2942 τούτων
585 2877 782 2964 ἀμφοτέρων
813 2877 890 2963 παρ’
923 2879 1005 2965 ἐμοῦ
1034 2886 1230 2971 Φαίνιππος,

220 2981 293 3051 οὐδ’
327 2985 374 3060 είς
403 2983 517 3069 ἑτέραν
546 2993 612 3050 τῶν
640 2984 773 3071 ήμερῶυ
802 2983 1002 3071 ἀπήντησεν·
1037 2986 1112 3054 ἀλλ’
1127 3060 1132 3068 ,
1146 2990 1225 3058 ἀνθ’

221 3088 294 3168 ἑνὸς
324 3091 387 3156 δύο
416 3092 540 3174 νόμους
567 3091 640 3174 ήκει
669 3094 751 3178 πρὸς
778 3091 864 3176 ὐμᾶς
892 3096 1143 3180 παραβεβηκώς,
1172 3097 1230 3164 ἕνα

220 3191 281 3280 μὲν
310 3197 369 3262 τὸν
398 3197 575 3262 κελεύοντα
604 3207 705 3283 τριῶν
733 3197 865 3284 ἡμερῶν
895 3195 951 3282 ἀφ’
986 3194 1025 3283 ής
1053 3199 1095 3266 ἀν
1125 3202 1229 3290 ὀμόση

219 3303 280 3386 τήν
304 3302 423 3369 οὐσίαν
445 3301 659 3388 ἀποφαίνειν,
687 3302 799 3390 ἕτερον
827 3301 864 3370 δὲ
890 3307 950 3372 τὸν
974 3309 1151 3374 κελεύοντα
1173 3335 1227 3376 κυ-

217 3411 293 3494 ρίας
315 3402 402 3473 εἶναι
424 3409 480 3485 τάς
502 3411 584 3495 πρὸς
606 3407 769 3492 ἀλλήλους
791 3410 982 3496 ὁμολογίας,
1009 3412 1048 3490 ἃς
1069 3413 1112 3480 ἀν
1135 3415 1227 3482 ἐναν-

181 3532 204 3571 ω
219 3519 290 3580 τίον
323 3517 527 3598 ποιήσωνται
561 3516 747 3601 μαρτύρων.
794 3520 900 3584 καίτοι
929 3513 955 3583 ὦ
985 3520 1105 3606 ἀνδρες
1137 3522 1226 3588 δικα-
