2656 3926
518 190 713 242 ΕΠΙΣΤΟΛΗ
730 191 766 245 11.
1085 187 1148 252 407

11 427 13 436 ‚
139 350 324 437 γενημένου
350 353 530 434 Φιλίππου,
552 348 607 416 καὶ
626 347 670 416 δι’
693 350 823 435 ὁμιλίας
844 361 955 417 πείσαι
977 347 1151 434 προσέχειν

139 459 228 547 αὐτῷ
253 459 313 523 τὸν
334 467 419 524 νοῦν
441 456 486 534 ὡς
508 458 681 541 βούλοιτο,
708 454 763 522 καὶ
791 456 986 543 διαφθεῖραι
1008 457 1152 542 χρήμασι

139 566 218 641 τοὺς
248 563 285 629 ἐν
314 560 432 648 ἑκάστη
465 571 533 627 τῶν
557 559 762 646 Ἑλληνίδων
795 565 924 628 πόλεων
953 564 1151 646 γνωρίμους,

111 669 204 755 εέγὼ
228 673 329 754 μόνος
351 667 529 755 οὐδετέρου
551 669 680 734 τούτων
701 667 869 752 ἡττήθην,
891 667 910 734 ὃ
931 669 1049 752 κοινὴν
1071 667 1151 752 ὑμῖν
1162 684 1230 735 1469

139 777 330 860 φιλοτιμίαν
359 773 471 860 φέρει,
508 775 615 840 πολλὰ
644 770 706 859 μὲν
736 774 883 862 ἐντυχὼν
913 778 1067 863 Φιλίππῳ
1096 770 1151 838 καὶ

140 879 328 966 διαλεχθεὶς
362 877 414 967 ἐφ’
449 873 499 960 οἷς
527 880 621 965 ὑμεῖς
655 880 810 966 ἐπέμπετε
845 881 1069 967 πρεσβεύοντα
1100 902 1151 965 με,

139 992 273 1054 πολλῶν
293 981 323 1052 δ’
345 986 571 1073 ἀποσχόμενος
592 988 769 1073 χρημάτων
792 989 944 1064 διδόντος
967 986 1107 1070 ἐκείνου,
1130 984 1152 1050 δ

138 1101 205 1158 τῶν
234 1094 437 1160 συνειδότων
464 1095 511 1158 ἔτι
537 1091 656 1159 πολλοὶ
685 1095 792 1172 ζῶσιν.
829 1093 888 1170 οὐς
914 1097 989 1157 τίνοι
1015 1093 1151 1175 γνώμην

138 1201 226 1284 ἐχειν
248 1195 325 1283 περὶ
347 1198 442 1281 ὑμῶν
465 1199 552 1275 εἰκὸς
575 1202 769 1280 λογίσασθε·
796 1200 833 1265 τὸ
857 1199 921 1284 γὰρ
944 1200 989 1286 τῷ
1011 1197 1150 1285 τοιούτῳ

137 1314 257 1370 τοῦτον
287 1310 470 1388 κεχρῆσθαι
501 1304 561 1369 τὸν
591 1307 733 1388 τρόπον,
763 1302 836 1389 έμοδ
865 1300 926 1389 μὲν
956 1302 998 1369 ἂν
1020 1297 1058 1370 εὑ
1081 1295 1147 1368 οὐδ’

138 1409 189 1474 ὅτι
219 1409 375 1495 συμφορὰ
404 1413 542 1494 φανείη,
571 1413 669 1474 κακία
699 1407 729 1475 δ’
764 1409 923 1495 οὐδεμία,
949 1406 1089 1492 ὑμετέρα
1112 1404 1146 1474 δ’

111 1515 375 1600 εὐγνωμοσύνη·
394 1515 437 1599 ἣν
454 1524 499 1603 τῷ
519 1525 727 1599 μεταγνῶναι
745 1517 874 1581 λύσατε.
911 1515 1017 1581 πάντα
1034 1517 1151 1580 τοίνυν

137 1623 177 1686 τὰ
199 1617 408 1707 προειρημίν’
435 1620 556 1686 ἐλάττω
584 1624 706 1706 νομίζω
728 1631 786 1706 τῆς
809 1630 969 1708 συνεχοῦς
991 1618 1047 1687 καὶ
1069 1617 1146 1685 καθ’

136 1725 263 1813 ἡμέραν
289 1731 472 1812 πολιτείας,
498 1726 536 1793 ἐν
561 1719 584 1814 ᾗ
610 1738 769 1813 παρεῖχον
797 1727 940 1814 ἐμαυτὸν
971 1726 1036 1811 ἐγὼ
1058 1730 1151 1792 πολι-

136 1837 329 1919 τευόμενον,
351 1835 509 1919 οὐδεμιᾶς
531 1833 632 1918 ὀργῆς
654 1831 734 1900 οὐδὲ
758 1835 954 1919 δυσμενείας
977 1831 1051 1900 οὐδ’
1079 1831 1150 1899 ἀδί-

137 1963 199 2005 κου
222 1939 410 2018 πλεονεξίας
440 1941 516 2006 οὐτε
544 1948 657 2023 κοινῆς
684 1936 755 2006 οὐτ’
788 1943 875 2017 ἰδίας
900 1940 1150 2025 προιστάμενος,

138 2041 218 2110 οὐδὲ
240 2047 492 2128 συκοφαντήσας
515 2043 637 2109 οὐδένα
659 2042 783 2110 πώποτ’
810 2045 887 2110 οὐτε
913 2047 1052 2128 πολίτην
1074 2045 1150 2110 οὐτε

138 2149 248 2233 ξένον,
266 2145 346 2215 οὐδὲ
358 2146 437 2214 καθ’
454 2148 550 2233 ὑμῶν
565 2150 634 2236 ίδίᾳ
653 2151 762 2226 δεινὸς
781 2150 840 2234 ἰόν,
858 2147 930 2214 ἀλλ’
948 2146 1031 2235 ὑπὲρ
1045 2149 1151 2233 ὑμῶν,
1228 2167 1232 2178 ·

98 2279 125 2320 ιο
138 2262 173 2320 εί
194 2278 227 2321 τι
255 2255 420 2338 δεήσειεν,
448 2253 673 2339 ἐξεταζόμενος
704 2257 856 2342 δημοσίᾳ.
902 2255 1021 2321 είδείεν
1050 2252 1081 2320 δ’
1108 2255 1150 2322 ἂν

138 2361 174 2428 οί
192 2362 421 2447 πρεσβύτεροι,
443 2359 499 2426 καὶ
521 2358 631 2443 λέγειν
647 2372 718 2438 τοῖς
735 2359 909 2448 νεωτέροις
932 2357 1004 2426 ε’στέ
1027 2363 1150 2429 δίκαιοι

136 2470 198 2553 τὴν
220 2468 303 2552 πρὸς
325 2469 481 2532 Πύθωνα
503 2469 562 2532 τὸν
579 2468 763 2546 Βυζάντιον
787 2468 974 2553 ἐκκλησίαν,
997 2467 1051 2533 ὅτε
1073 2471 1151 2546 τοὺς

137 2574 202 2640 ὐπὸ
225 2584 293 2639 τῶν
310 2571 481 2658 Ἑλλήνων
502 2569 587 2656 ἦλθε
606 2573 759 2659 πρέσβεις
781 2577 878 2661 ἐχων,
902 2574 946 2651 ὡς
968 2572 1150 2641 ἀδικοῦσαν

138 2679 257 2760 δείξων
279 2681 341 2764 τὴν
362 2682 472 2763 πόλιν,
496 2679 624 2763 ἀπῆλθε
644 2677 681 2745 δέ
700 2680 856 2746 τάναντία
873 2681 1001 2746 τούτων
1019 2683 1150 2766 παθών,

138 2790 245 2872 μόνου
272 2797 339 2852 τῶν
366 2789 439 2852 τότε
467 2785 619 2873 ῥητόρων
653 2785 864 2866 ἐξετόσαντος
891 2786 973 2870 ἐμοῦ
999 2788 1040 2853 τὰ
1066 2784 1149 2873 ὑπέρ

139 2893 233 2976 ὑμῶν
252 2895 372 2958 δίκαια.
416 2890 471 2957 καὶ
491 2892 534 2958 ἐῶ
551 2897 726 2977 πρεσβείας
747 2893 826 2970 ὅσας
843 2890 926 2979 ὑπὲρ
944 2894 1038 2979 ὑμῶν
1057 2893 1150 2979 ἐπρέ-

141 3001 282 3082 σβευσα,
311 2998 348 3064 ἐν
372 2990 424 3075 αἶς
445 2995 546 3065 οὐδέν
575 3000 785 3084 ἠλαττώθητε
813 2997 936 3066 πώποτ’
964 2996 1043 3065 οὐδὲ
1066 2998 1145 3065 καθ’

101 3125 126 3164 ιι
141 3103 186 3168 ἔν.
232 3103 469 3189 ἐπολιτευόμην
491 3106 554 3190 γὰρ
578 3101 604 3171 ὦ
627 3107 747 3192 ἄνδρες
766 3103 954 3191 Ἀθηναῖοι,
978 3105 1038 3192 οὐχ
1062 3106 1158 3185 ὅπως·

140 3209 294 3295 ἀλλήλων
312 3209 405 3295 ὑμεῖς
423 3214 681 3297 περιγενήσεσὺε
705 3223 849 3298 σκοπῶν,
866 3209 939 3279 οὐδ’
958 3210 1009 3298 ἐφ’
1029 3211 1149 3297 ἑαυτὴν

140 3314 271 3381 ἀκονῶν
293 3315 355 3398 τὴν
377 3320 486 3397 πόλιν,
510 3314 581 3382 ἀλλ’
608 3315 665 3403 ἀφ’
690 3312 740 3384 ὧν
763 3317 864 3398 δόξαν
886 3317 941 3384 καὶ
963 3324 1149 3404 μεγαλοψυ-

139 3425 215 3508 χιάν
237 3420 318 3504 ὑμίν
340 3419 499 3506 ὑπάρξειν
522 3422 682 3507 ἐνόμιζον.
718 3421 770 3508 ἐφ’
799 3415 849 3501 οἷς
871 3425 972 3489 ὐπασι
995 3421 1067 3509 μὲν,
1089 3424 1149 3508 μοί-

140 3533 234 3593 λιστα
264 3523 302 3592 δέ
330 3537 400 3604 τοῖς
427 3525 533 3611 νέοις,
563 3529 707 3612 ἄγασθαι
733 3531 908 3616 προσήκει,
932 3527 988 3594 καὶ
1014 3540 1149 3594 σκοπεῖν
1160 3539 1227 3586 14λο

1314 3667 1315 3713 ι
