2650 3918
223 195 289 260 308
527 196 598 248 m.
622 193 926 264 [Δοκοεοεοιοεε]
1302 277 1303 322 Ν

223 369 354 443 τροῑκα,
378 355 436 422 έδν
460 351 497 421 δέ
519 355 575 439 μη,
597 348 648 420 ἐντ’
675 349 765 419 ἐννέ’
790 353 923 437 ὀβολοῖς
943 365 1164 440 τοκοφορεῖν,
1186 350 1248 420 καλ

224 467 317 528 σίτου
340 463 388 540 είς
406 454 599 526 Ὠιδετονῖ
566 483 582 525 ε
597 483 652 525 ναι
671 458 909 525 δικάσασθαι’
892 453 955 524 υτι
956 485 976 546 ρ
998 468 1056 544 τῆς
1076 462 1246 544 γυναικὸς

223 577 268 656 τῷ
300 571 423 656 κυρίφ,
453 566 612 695 γράφεται
644 564 662 631 δ
697 564 859 651 Φράστωρ
891 564 1069 652 Στέφανον
1098 565 1243 632 τουτονὶ

222 675 354 760 γραφὴν
375 674 464 756 πρὸς
489 670 567 747 τοὺς
592 669 815 754 θεσμοθέτας,
842 668 1011 760 Ἀθηναίῳ
1039 671 1113 738 ἀντι
1140 668 1243 754 ξένης
1252 679 1303 738 λεαλ

221 777 390 864 θυγατέρα
413 777 501 865 αὐτῷ
525 775 684 862 ἐγγυῆσαι
705 776 751 854 ὡς
773 777 862 866 αὑτῷ
883 778 1130 863 προσήκουσαν,
1154 779 1241 844 κατὰ

221 887 281 950 τὸν
302 889 408 970 νόμον
429 886 572 951 τουτονί.
607 886 666 948 καί
685 906 743 968 μοι
765 881 939 968 ἀνάγνωθι
962 883 1073 949 αὐτόν.

655 1041 793 1096 ΝΟΜΟΣ.

185 1211 188 1218 ,
330 1139 402 1208 Ἐδιν
425 1142 457 1207 δέ
477 1167 522 1220 τις
544 1141 621 1229 έκδῷ
643 1141 731 1223 ξένην
757 1148 885 1226 γυναῖκα
911 1141 998 1224 ἀνδρὶ
1018 1136 1183 1229 Ἀθηναίφ
1197 1141 1236 1217 ὡς

265 1241 359 1330 ἑαυτῷ
377 1242 596 1325 προσήκουσαν,
618 1238 721 1320 ἀτιμος
739 1239 822 1320 έστω,
844 1239 894 1302 καλ
916 1237 936 1319 ἡ
960 1240 1047 1303 οὐσία
1064 1241 1160 1304 αὐτοῦ
1184 1242 1236 1319 δη-

267 1340 356 1421 μοσία
372 1339 454 1419 ἔστω,
475 1337 527 1400 καλ
542 1347 596 1400 τοῦ
613 1336 729 1412 ἑλόντος
750 1337 783 1400 τδ
805 1338 903 1419 τρίτον
921 1335 1016 1418 μέρος.
1051 1336 1236 1421 γραφέσθων

266 1434 299 1499 δέ
315 1435 390 1518 τρδς
406 1436 476 1510 τοὺς
493 1433 679 1514 θεσμοθέτας
702 1427 747 1508 οἷς
769 1432 870 1514 έξεστι,
892 1435 1028 1518 καθάπερ
1051 1444 1105 1516 τῆς
1127 1436 1235 1510 ξενίας.

180 1571 207 1613 ⁶³
291 1558 358 1622 Τδν
371 1551 433 1638 μέν
446 1557 562 1620 τοίνυν
575 1558 682 1639 νόμον
700 1552 830 1637 ἀνέγνω
843 1553 936 1639 ὑμῖν,
954 1551 1032 1620 καθ’
1050 1553 1091 1621 δν
1105 1554 1233 1642 έγράφη

220 1657 393 1745 Στέφανος
420 1657 533 1725 οὑτοσὶ
560 1659 626 1725 ὑπὸ
652 1669 714 1726 τοῦ
742 1661 935 1746 Φράστορος
961 1661 1045 1746 πρὸς
1069 1663 1151 1738 τοὺς
1176 1667 1233 1726 θε-

222 1764 394 1850 σμοθέτας.
430 1761 581 1848 γνοδςδ
603 1765 654 1830 ὅτι
675 1766 887 1832 κινδυνεύσει
910 1764 1115 1853 ἐξελεγχθεὶς
1139 1765 1233 1858 ξένης
1302 1843 1303 1850 ρ

220 1869 390 1957 θυγατέρα
411 1870 613 1956 ἠγγυηκέναι
631 1885 702 1950 ταῖς
720 1872 869 1958 ἐσχάταις
888 1876 1014 1956 ζημίαις
1031 1883 1231 1958 περιπεσεῖν,
1302 1853 1303 1878 δ

222 1977 446 2043 διαλλάττεται
474 1978 557 2063 πρὸς
585 1979 645 2044 τὸν
677 1980 854 2065 Φράστορα
886 1977 942 2044 καὶ
972 1975 1147 2063 ἀφίσταται
1176 1989 1230 2062 τῆς

221 2087 369 2169 προικός,
392 2082 448 2150 καλ
466 2086 527 2170 τὴν
546 2086 643 2168 δίκην
660 2094 721 2151 τοῦ
740 2088 833 2151 σίτου
851 2083 1012 2169 ἀνείλετο,
1029 2081 1122 2153 καὶὸ
1143 2088 1229 2170 Φρά-

222 2207 309 2274 στωρ
327 2195 388 2274 την
406 2192 539 2276 γραφὴν
557 2191 645 2274 τταρδ
663 2200 730 2255 τῶν
747 2195 973 2275 θεσμοθετῶν.
1009 2189 1066 2257 καλ
1088 2190 1132 2268 ὡς
1154 2191 1228 2276 ἀλη-
1301 2203 1302 2206 ’

222 2303 267 2380 θη
290 2293 391 2380 λέγω,
417 2297 545 2362 τούτων
567 2295 648 2380 ὑμίν
670 2295 820 2380 μάρτυρα
847 2295 949 2362 αὐτὸν
971 2296 1031 2362 τδν
1054 2297 1226 2382 Φράστορα

182 2416 208 2459 ⁶⁴
221 2407 322 2486 καλῶ,
344 2401 400 2467 καλ
418 2401 592 2486 ἀναγκάσω
611 2414 791 2488 μαρτυρεῖν
808 2401 890 2467 κατά
907 2403 967 2469 τὸν
987 2403 1104 2487 νόμον.
1135 2404 1226 2469 κάλει
1300 2467 1301 2480 ,

221 2531 278 2593 μοι
302 2507 480 2594 Φράστορα
501 2505 665 2591 Αἰγιλιέα.

628 2656 817 2712 ΜΑΡΤΤΡΙΑ.

334 2759 476 2840 Φράστωρ
499 2758 650 2840 Αἰγιλιεὺς
672 2761 821 2880 μαρτυρεῖ,
843 2755 944 2838 έττειδὴ
968 2753 1078 2846 ᾔσθετο
1101 2759 1224 2842 Νεαίρας

266 2853 416 2936 θυγατέρα
441 2853 623 2936 ἐγγυήσαντα
649 2855 728 2940 αὐτῷ
751 2852 909 2940 Στέφανον
937 2853 978 2931 ὡς
1005 2854 1112 2919 ἑαυτοῦ
1137 2849 1223 2920 οάσαν
1298 2909 1299 2912 ,

265 2948 430 3033 θυγατέρα,
456 2952 633 3034 γράψασθαι
659 2952 750 3020 αυτὸν
776 2951 897 3036 γραφὴν
923 2952 998 3034 τιρδς
1024 2953 1094 3030 τοὺς
1120 2960 1221 3035 θεσμο·
1298 2933 1299 3025 δ

266 3046 355 3121 θέτας
381 3045 454 3108 κατὰ
480 3047 594 3110 τδνό
559 3071 578 3109 ν
596 3071 667 3129 μον,
693 3048 745 3110 κοιλ
770 3048 826 3128 τὴν
852 3047 1017 3131 ἀνθρωττον
1043 3048 1221 3131 έκβαλεῖνέκ

265 3153 318 3224 τῆς
339 3142 446 3206 ἑαυτοῦ
468 3145 563 3218 οἰκίας
584 3145 634 3206 καλ
656 3145 754 3208 οάκέτι
776 3151 925 3209 συνοικεῖν
947 3146 1033 3237 αὕτη,
1054 3147 1105 3210 καλ
1126 3147 1219 3229 λαγάν-

265 3263 315 3314 τος
337 3240 416 3326 αδτφ
438 3242 596 3320 Στεφάνου
619 3241 661 3316 είς
680 3236 811 3305 Ὠιδεῖον
832 3244 914 3305 σίτου
937 3243 1135 3307 διαλύσασθαι
1153 3247 1219 3327 τρδς

265 3336 357 3402 αὐτὸν
338 3336 580 3417 ν[Σκέφανον],
608 3337 680 3400 ὥστε
695 3339 761 3418 τὴν
786 3339 907 3422 γραφὴν
934 3338 1131 3422 ἀναιρεθῆναι
1149 3343 1218 3420 παρὰ
1296 3367 1297 3388 ³

265 3442 325 3496 τῶν
353 3440 546 3514 θεσμοθετῶν
574 3433 624 3496 καλ
651 3433 708 3514 την
738 3435 825 3515 δίκην
852 3444 906 3498 τοῦ
935 3436 1034 3518 σίτου,
1062 3435 1103 3516 ἣν
1130 3437 1218 3518 aum

265 3529 331 3610 ἐμοὶ
351 3531 516 3611 Στέφανος.
