2658 3914
187 137 252 206 120
463 144 572 199 xnvn.
600 141 906 216 [Δωιοεοεαουε]

186 297 401 388 ἐκαλίστρουν
423 304 501 380 τοὺς
522 305 712 388 παριόντας,
735 305 771 370 οί
790 301 828 370 δέ
850 301 906 370 καὶ
928 303 976 381 είς
997 303 1059 388 τὴν
1083 301 1198 389 ἑτέραν

185 407 267 474 ὁδὸν
286 407 442 485 ἐλθόντες
458 405 514 473 καὶ
530 410 657 486 ίδόντες
670 407 871 495 Ἁγνόφιλον
888 411 1051 496 παριόντα
1070 407 1198 476 ἐκέλευ-

186 529 250 577 σαν
271 507 526 597 παραγενέσθαι.
562 516 761 598 προσελθὼν
785 511 822 580 δὲ
840 515 859 582 δ
877 511 1075 601 Ἁγνόφιλος
1096 531 1199 598 προσ-

185 613 321 700 κληθείς
342 618 407 685 ὑπὸ
425 626 485 685 τοῦ
503 620 711 704 θεράποντος
733 631 794 688 τοῦ
813 618 1048 705 Ἀνθεμίωνος,
1070 620 1107 698 ὅς
1129 619 1202 686 ἐστί

186 746 243 807 μοι
265 727 401 809 γείτων,
423 727 471 802 είς
493 719 554 810 μέν
576 727 637 810 τὴν
661 729 770 793 οίκίαν
793 727 855 794 οὐκ
876 730 1032 811 εἰσῆλθεν
1055 724 1111 813 (οὐ
1133 727 1197 812 γάρ

185 829 296 912 ἡγεῖτο
319 831 448 897 δίκαιον
472 825 558 897 εἶναι
580 833 625 917 μὴ
656 835 820 917 παρόντος
842 841 962 917 γετοῦ
984 829 1134 918 κυρίου),
1161 830 1198 896 ἐν
1316 835 1317 838 ’

186 929 223 998 δέ
245 943 290 1022 τῷ
314 945 373 1001 τοῦ
393 931 617 1020 Ἀνθεμίωνος
645 942 755 1028 χωρίῳ
786 938 834 1004 ὢν
862 936 948 1025 ἐώρα
976 939 1017 1003 τά
1038 961 1074 1003 τε
1097 937 1197 1021 σκεύη

186 1038 389 1126 ἐκφερόμενα
420 1039 475 1107 καί
506 1043 659 1127 Εὔεργον
690 1042 746 1110 καί
777 1048 955 1130 Θεόφημον
984 1041 1131 1122 ἐξιόντας
1162 1042 1198 1108 ἐκ

145 1165 171 1205 ει
185 1154 243 1230 τῆς
265 1146 343 1232 ἐμῆς
366 1149 480 1226 οίκίοις.
516 1147 557 1215 οὐ
580 1153 686 1234 μόνον
711 1154 828 1217 τοίνυν
852 1147 878 1216 ὦ
901 1149 1021 1235 ἀνδρες
1048 1147 1201 1215 δικασταὶ.

186 1255 343 1336 λαβόντες
371 1277 437 1338 μου
467 1255 507 1319 τδι
538 1256 638 1340 σκεύη
669 1253 814 1344 ᾤχοντο,
842 1255 925 1321 ἀλλά
952 1253 1007 1322 καὶ
1033 1257 1092 1322 τόν
1121 1255 1198 1320 υίὸν

185 1352 269 1442 ἦγον
292 1359 337 1435 ὡς
359 1355 501 1444 οίκέτην,
524 1359 586 1438 ἕως
606 1372 673 1427 τῶν
691 1365 852 1445 γειτόνων
875 1361 1064 1446 ἀπαντήσας
1086 1360 1199 1436 αὐτοῖς

181 1461 382 1549 Ἑρμογένης
404 1460 496 1530 εἶπεν
516 1465 567 1530 ὅτι
584 1467 658 1543 υίός
676 1491 741 1551 μου
760 1474 820 1551 είη.
856 1467 902 1544 ὡς
920 1461 957 1532 δέ
974 1461 1065 1532 ταῦτ’
1088 1463 1197 1549 ἀληθῆ

185 1566 287 1653 λέγω,
309 1567 537 1653 ἀναγνώσεται
557 1570 639 1655 ὑμῖν
661 1572 719 1650 τὰς
740 1576 930 1659 μαρτυρίας.

585 1766 790 1819 ΜΑΡΤΤΡΙΑῙ.

146 1908 173 1948 ω
248 1881 381 1971 Ἐπειδὴ
404 1888 520 1954 τοίνυν
547 1912 604 1974 μοι
631 1885 824 1973 ἀπηγγέλθη
847 1890 895 1966 είς
916 1893 1059 1976 Πειραιᾶ
1081 1889 1121 1954 τὰ
1144 1911 1198 1972 γε·
1318 1943 1319 1956 ,

185 1988 350 2077 γενημέυα
367 1993 432 2060 ὑπὸ
458 2005 525 2060 τῶν
543 1997 715 2079 γειτόνων,
738 1994 850 2061 ἐλθὼν
868 1997 915 2073 είς
937 1996 1042 2081 ἀγρὸν
1059 1996 1198 2071 τούτους
1318 2077 1319 2096 ¹

175 2093 246 2182 ,μέν
265 2095 373 2164 οὐκέτι
390 2101 644 2185 καταλαμβάνω,
667 2101 749 2166 ίδὼν
769 2096 806 2166 δὲ
823 2102 863 2166 τδι
881 2100 917 2167 ἐκ
939 2109 996 2186 τῆς
1019 2102 1124 2177 οίκίας
1145 2100 1197 2166 ἐκ·
1318 2117 1319 2178 ᾗ

183 2201 397 2291 πεφορημέυα
422 2203 478 2270 καλ
504 2207 566 2290 την
593 2214 701 2292 γραῦν
729 2207 773 2284 ὡς
800 2205 955 2291 διέκειτο,
982 2204 1037 2272 καὶ
1064 2205 1196 2272 ἀκούων

182 2317 240 2395 τῆς
269 2312 426 2394 γυναικὸς
455 2311 497 2375 τὰ
526 2314 704 2397 γενόμενα,
732 2313 931 2398 προσελθὼν
956 2320 1002 2400 τῷ
1031 2315 1195 2401 Θεοφήμῳ
1206 2332 1278 2383 1158

183 2424 223 2502 τῇ
245 2416 402 2503 ὑστεραίᾳ
425 2415 533 2482 ἕωθεν
561 2416 598 2483 ἐν
627 2426 666 2504 τῇ
689 2420 784 2483 πόλει
807 2417 974 2505 μάρτυρας
995 2421 1099 2504 ἔχων,
1127 2416 1195 2483 ἐκέ-

125 2525 126 2528 ’
183 2527 283 2588 λευον
306 2521 408 2588 αὐτὸν
429 2533 562 2609 πρῶτον
584 2519 645 2608 μὲν
666 2525 728 2608 την
746 2526 926 2608 καταδίκην
948 2522 1195 2608 ἀπολαμβάνειν

182 2625 238 2692 καὶ
262 2625 463 2693 ἀκολουθεῖν
486 2625 539 2693 ἐπὶ
562 2629 623 2713 τὴν
646 2629 824 2714 τράπεζαν,
846 2632 957 2695 ἔπειτα
978 2630 1040 2714 τὴν
1062 2631 1195 2713 ἀνθρω-

182 2754 248 2799 πον
269 2734 470 2815 θεραπεύειν
488 2733 531 2818 ἣν
551 2732 750 2818 συνέκοψαν,
772 2732 828 2800 καί
851 2736 965 2821 ίατρὸν
986 2735 1132 2818 εἰσάγειν
1154 2734 1196 2801 ὃν
1289 2772 1294 2781 -

143 2867 169 2908 ω
183 2836 279 2905 αὐτοὶ
300 2839 488 2923 βούλοιντο.
524 2850 626 2906 ταῦτα
648 2839 688 2906 δέ
715 2864 779 2925 μου
802 2838 1034 2924 λέγοντοςκαὶ
1057 2842 1195 2926 διαμαρ-

181 2941 382 3030 τυρομένου,
409 2945 493 3011 κακά
520 2969 560 3030 με
587 2947 693 3012 πολλὰ
720 2948 867 3023 είπόντες
890 2947 908 3013 δ
931 2943 992 3032 μὲν
1022 2950 1196 3032 Θεόφημος

181 3051 362 3136 ἠκολούθει
385 3053 491 3135 μόλις,
514 3052 686 3138 διατριβάς
708 3051 854 3137 ἐμποιῶν
877 3050 933 3118 καί
954 3053 1092 3138 φάσκων
1114 3053 1194 3136 βού-

182 3162 301 3223 λεσθαι
327 3153 383 3222 καὶ
410 3155 509 3233 αὐτός
535 3180 628 3233 τινας
653 3160 856 3241 παραλαβεῖν
884 3157 1051 3244 μάρτυρας
1078 3155 1194 3244 (ταῦτα

181 3259 212 3327 δ’
240 3265 331 3345 ἔλεγε
348 3262 512 3347 τεχνάζων
530 3271 590 3328 τοῦ
608 3265 731 3347 χρόνον
750 3259 972 3351 ἐγγενέσθαι),
995 3265 1013 3330 ὁ
1033 3259 1066 3330 δ’
1088 3264 1194 3349 Εὔερ-

181 3391 240 3451 γος
261 3365 376 3434 οὑτοσὶ
398 3367 502 3445 εὐθὺς
529 3365 566 3432 ἐκ
594 3375 651 3450 τῆς
672 3368 798 3444 πόλεως
820 3365 896 3451 μεθ’
924 3366 1044 3453 ἑτέρων
1068 3370 1193 3454 ὁμοίων

182 3472 271 3561 αὑτῷ
292 3471 403 3538 ἐλθὼν
420 3474 468 3548 είς
485 3471 602 3557 ἀγρόν,
624 3472 664 3536 τὰ
681 3471 846 3538 ὑπόλοιπα
869 3475 982 3558 σκεύη,
1004 3480 1039 3540 εί
1056 3497 1131 3540 τινα
1152 3485 1192 3563 τῇ
