2654 3926
451 158 551 211 ΠΡΟΣ
570 160 768 212 ΣΠΟΤΔΙΑΝ.
1095 155 1115 221 9

115 318 246 400 προικὸς
270 317 433 406 ἀγανακτῇ
461 317 515 385 καὶ
543 319 653 405 φάσκη
679 324 949 386 πλεονεκτεῖσθαι
977 329 1047 396 ταῖς
1069 343 1117 404 χι-

116 426 201 500 λίαις
217 426 380 511 δραχμαῖς,
402 427 571 505 ψεύσεται·
595 422 777 509 οὐδὲνγὰρ
797 429 882 512 ἔχων
900 428 1035 492 ἐλαττον
1058 423 1118 508 ἀμ·

118 533 262 614 φισβητεῖ
272 529 353 616 πρὸς
372 532 482 617 αὐτάς,
500 531 584 598 ἀλλά
602 530 712 618 πλέον,
736 533 779 610 δις
798 530 904 618 αὐτίχ’
927 533 1008 616 ὑμῖν
1027 533 1117 596 ἔσται

73 655 104 694 τε
119 640 262 721 φανερόν.
299 638 339 704 οὐ
354 640 421 723 μὴν
442 635 514 704 ἀλλ’
533 641 564 703 εί
580 638 687 704 πάντα
706 636 802 703 ταῦθ’
826 639 870 715 ὡς
888 637 1022 722 ἀληθῶς
1040 652 1197 708 συν-1036

121 738 184 826 ἔβη,
204 744 241 809 οὐ
260 747 368 830 δηπου
392 747 522 811 δίκαιον
545 740 601 829 ἐμὲ
624 747 686 829 την
710 745 976 830 ὁμολογηθεῖσαν
998 754 1118 828 προῖκα

118 849 161 931 μὴ
180 853 298 934 λαβεῖν,
321 857 412 936 εἰπερ
438 852 557 936 ὄφελός
574 874 606 916 τι
628 861 695 916 τῶν
717 853 831 934 νόμων
855 849 957 932 ἐστίν,
980 848 1061 916 οὐδέ
1081 871 1118 932 γε

116 955 172 1018 τὸν
192 958 418 1042 Πολύευκτον,
445 959 476 1022 εί
500 968 567 1023 τῶν
598 955 794 1042 θυγατέρων
817 955 972 1042 ἐβούλετο
995 965 1034 1040 τῇ
1057 951 1118 1041 μὲν

114 1057 245 1145 ἐλάττω,
266 1071 305 1147 τῇ
329 1059 368 1128 δέ
390 1065 492 1129 πλείω
515 1059 624 1148 προῖκ’
652 1060 841 1144 ἐπιδοῦναι,
870 1062 1118 1145 διακωλυθῆναι

113 1175 188 1231 νῦν·
213 1165 263 1233 σοὶ
296 1168 360 1253 γάρ
392 1167 480 1255 αὐτῷ
509 1168 553 1252 μὴ
583 1167 765 1252 λαμβάνειν
793 1165 869 1250 ἐξῆν
898 1162 923 1232 ὦ
954 1168 1119 1250 Σπουδία,

113 1273 158 1356 μὴ
174 1271 441 1358 προστιθεμένων
460 1275 569 1359 ὥσπερ
589 1272 663 1358 ἐμοὶ
681 1283 748 1338 τῶν
766 1275 891 1358 χιλίων.
920 1270 993 1338 ἀλλ’
1018 1269 1118 1338 οὐδέν

113 1379 240 1444 ἔλαττον
259 1375 355 1465 εἶχες,
379 1380 423 1456 ὡς
442 1378 505 1463 ἐγὼ
526 1380 657 1457 διδάξω.
704 1389 835 1464 πρῶτον
858 1373 892 1444 δ’
910 1375 962 1463 έφ’
985 1369 1035 1455 οἷς
1054 1376 1118 1456 ἐξέ-

113 1484 187 1550 δοτο
209 1486 324 1575 τούτῳ,
347 1481 428 1570 λαβὲ
450 1486 510 1570 τὴν
533 1489 727 1572 μαρτυρίαν.

512 1679 702 1732 ΜΑΡΓΤΡΙΑ.

74 1821 96 1860 2⁷
172 1809 251 1880 Πῶς
274 1799 337 1870 οὖν
360 1799 461 1870 οὐδὲν
484 1806 619 1870 ἔλαττον
645 1806 728 1890 ἔχει,
751 1806 850 1890 φησει
871 1826 932 1888 τις,
955 1807 986 1870 εί
1011 1805 1117 1894 τούτῳ

109 1905 166 1992 μὲν
193 1910 229 1975 ἐν
255 1921 326 1986 ταῖς
353 1910 590 1996 τετταράκοντα
621 1922 719 1994 μναῖς
746 1909 914 1995 ἐνετιμᾶτο
937 1912 977 1976 τδ
999 1915 1118 1996 χρυσία

109 2014 217 2082 καὶτὰ
235 2017 348 2100 ίμάτια
366 2026 434 2082 τῶν
452 2019 579 2101 χιλίων,
604 2015 676 2101 ἐμοὶ
700 2013 729 2081 δ’
758 2017 795 2081 αί
815 2016 893 2082 δέκα
917 2028 999 2101 μναῖ
1019 2016 1118 2103 χωρὶς

109 2123 404 2208 προσαπεδίδοντο;
432 2131 531 2188 τοῦτο
559 2123 601 2206 δὴ
630 2121 685 2187 καί
712 2121 819 2207 μέλλω
850 2121 968 2206 λέγειν.
1015 2121 1117 2208 δμδν

109 2229 167 2319 γάρ
190 2229 364 2305 Σπουδίας
384 2223 417 2302 ,ὦ
446 2229 566 2314 ἀνδρες
589 2226 742 2293 δικασταί
768 2229 857 2314 παρὰ
879 2239 940 2293 τοῦ
963 2230 1118 2315 Λεωκρά-

107 2358 181 2412 τους
210 2337 353 2420 ἕχουσαν
383 2335 423 2399 τὰ
452 2337 572 2420 χρυσία
601 2332 657 2400 καί
686 2336 726 2399 τὰ
757 2334 868 2418 ίμάτια
895 2335 956 2417 την
984 2333 1113 2417 γυναῖκ’

108 2442 233 2524 ἔλαβεν,
257 2434 304 2505 ὧν
327 2441 346 2506 δ
370 2441 583 2517 Πολύευκτος
604 2437 839 2526 προσαπέτεισε
861 2446 906 2526 τῷ
930 2442 1118 2528 Λεωκράτει

108 2551 199 2612 πλεῖν
229 2545 250 2630 ἢ
278 2549 396 2631 χιλίας·
431 2545 495 2628 ἐγὼ
525 2543 570 2630 δ’,
594 2546 676 2631 άπερ
704 2542 830 2630 ἐπεμυέ
855 2569 912 2630 μοι
940 2544 1040 2631 χωρὶς
1061 2556 1118 2631 τῆς

108 2654 259 2738 προικὸς,
285 2649 336 2716 ἀπ’
363 2655 426 2738 ἔχω
455 2654 580 2737 μόνον,
601 2654 684 2737 πρὸς
706 2652 745 2717 τά
768 2652 874 2740 τούτῳ
898 2649 1031 2718 δοθέντ’
1059 2653 1118 2719 έδιν

109 2757 226 2843 ἀντιθῇ
258 2780 325 2841 τις,
357 2758 492 2844 εὑρησει
518 2759 746 2843 παραπλήσια,
773 2754 873 2843 χωρὶς
902 2769 969 2824 τῶν
992 2759 1039 2836 είς
1060 2761 1118 2837 τὰς

79 2867 210 2950 εχιλίας
229 2862 512 2948 ἀποτιμηθέντων.
556 2860 632 2929 ὥστ’
660 2865 794 2940 εἰκότως
817 2862 854 2929 ἐν
876 2874 947 2941 ταῖς
968 2866 1118 2950 τετταρά-

108 2993 204 3036 κοντα
238 2981 337 3054 μναῖς
368 2969 538 3055 ἐνετιμᾶτο
569 2966 686 3053 ταῦθ’,
722 2971 804 3054 ἅπερ
841 2968 1037 3036 ἀπετετείκει
1073 2982 1118 3060 τῷ

110 3075 294 3162 Λεωκράτει
326 3073 382 3140 καὶ
413 3080 516 3141 πλείω
548 3086 616 3141 τῶν
652 3072 726 3159 ἐμοὶ
760 3073 930 3142 δοθέντων
962 3073 1014 3161 ἦν.
1064 3082 1122 3143 καί

111 3206 160 3265 μοι
192 3178 273 3268 λαβὲ
309 3192 441 3268 πρῶτον
475 3177 536 3266 μὲν
569 3182 630 3266 τὴν
666 3180 863 3266 ἀπογραφὴν
895 3179 1032 3265 ταυτηνὶ
1063 3181 1118 3248 καὶ

111 3286 172 3372 λίγ’
214 3288 351 3371 αὐτοῖς,
391 3288 472 3372 άπερ
515 3284 667 3374 ἑκάτερος
706 3286 800 3371 ἡμῶν
841 3288 928 3371 ἔχει,
964 3289 1044 3372 μετὰ
1081 3287 1118 3355 δὲ

111 3405 203 3462 ταῦτα
231 3396 390 3480 τὴντῶν
417 3394 592 3478 διαιτητῶν
622 3395 824 3479 μαρτυρίαν,
853 3387 898 3457 ἵν’
926 3393 1044 3458 ι’δωσιν
1067 3391 1117 3458 ὅτι

86 3501 158 3590 ,καὶ
184 3507 301 3586 πολλῷ
332 3501 433 3564 πλείω
463 3496 599 3586 χρήματ’
635 3502 721 3585 ἔχει,
752 3496 807 3564 καὶ
838 3497 1066 3583 περὶτούτων
1098 3497 1119 3561 δ
