2650 3918
424 183 427 186 '
487 227 489 232 ,
555 178 745 232 ΕΡΩΤΙΚΟΣ.
1090 179 1156 245 355

148 335 253 421 ἀξίας·
277 335 314 402 ἐν
339 336 447 424 ἐκείνη
470 333 507 404 δὲ
529 339 567 404 τὸ
590 333 651 423 μὲν
675 339 855 422 διενεγκεῖν
879 341 1039 424 ζηλωτόν,
1060 343 1099 408 τὸ
1121 338 1152 408 δ’

108 457 136 500 4⁶
150 442 293 529 άμοιρον
313 441 472 526 γενέσθαι
494 448 662 531 παντελῶς
682 441 935 528 καταγέλαστον.
979 450 1095 530 γνοίης
1121 445 1152 512 δ’

147 547 190 613 ἀν
213 546 245 626 ἐξ
269 549 380 614 ἄλλων
397 571 432 614 τε
455 554 603 635 πολλῶν,
630 547 687 618 καλ
712 554 973 638 παραθεωρήσας
994 554 1073 628 τοὺς
1092 555 1156 636 πρὸ

148 664 273 721 σαυτοῦ
290 653 705 740 γεγενημένουςένδόξους
726 657 860 741 ἀνδρας.
895 667 993 724 τοῦτο
1015 654 1077 743 μὲν
1090 663 1157 724 Πε-

147 757 261 842 ρικλέα
273 761 332 826 τὸν
346 759 479 828 συνέσει
496 765 652 828 πλεῖστον
670 771 738 828 τῶν
755 760 832 828 καθ’
854 763 957 829 αὑτὸν
975 765 1156 848 διενεγκεῖν

148 863 297 943 δόξαντα
311 866 465 952 πάντων,
487 865 622 934 ἀκούσει
643 865 862 952 πλησιάσαντ’
886 865 1088 958 Ἀναξαγόρᾳ
1109 880 1155 958 τῷ

146 972 359 1060 Κλαζομενίῳ
390 970 447 1038 καὶ
478 974 632 1058 μαθητήν
663 973 794 1040 ἐκείνου
825 977 1006 1061 γενόμενον
1036 977 1157 1061 ταύτης

145 1083 202 1159 τῆς
219 1077 393 1162 δυνάμεως
413 1081 629 1165 μετασχόντα·
653 1077 801 1145 τρίποδ’
825 1077 1037 1164 Ἀλκιβιάδην
1059 1081 1156 1166 εὑρή-

146 1197 213 1258 σεις
230 1181 330 1266 φύσει
348 1178 509 1270 μδνπρὸς
527 1183 648 1270 ἀρετήν
668 1189 782 1273 πολλῷ
805 1197 917 1271 χεῖρον
936 1187 1156 1271 διακείμενον,

144 1283 200 1351 καλ
221 1287 262 1352 τά
284 1284 345 1373 μὲν
366 1286 598 1373 ὑπερηφάνως,
620 1288 660 1353 τά
683 1285 721 1354 δέ
742 1302 915 1374 ταπεινῶς,
937 1290 977 1355 τά
1000 1287 1030 1357 δ’
1057 1290 1156 1376 ὑπερ-
1166 1309 1234 1359 1415

145 1403 293 1478 ακρατῶς
322 1395 379 1476 ζῆν
407 1390 658 1480 προηρημόνον,
694 1393 758 1464 ἀπὸ
796 1391 833 1460 δέ
866 1404 923 1479 τής
956 1396 1156 1481 Σωκράτους

100 1512 107 1525 ‘
145 1498 275 1582 ὁμιλίας
302 1498 409 1565 πολλὰ
438 1495 500 1583 μὲν
530 1496 813 1585 ἐπανορθωθέντα
842 1510 902 1568 τοῦ
931 1504 1025 1585 βίον,
1055 1503 1095 1567 τὰ
1117 1497 1155 1568 δὲ

103 1623 130 1663 ιε
144 1604 243 1670 λοιπά
260 1612 306 1692 τῷ
325 1601 460 1688 μεγέθει
478 1615 546 1670 τῶν
564 1605 675 1671 ἀλλων
693 1607 800 1692 ἐργων
818 1605 1093 1694 ἐπικρυψάμενον.
1124 1609 1157 1672 εί

144 1705 182 1775 δδ
212 1710 266 1776 δεῖ
292 1710 336 1794 μή
366 1709 490 1775 παλαιὰ
516 1707 673 1793 λέγοντας
696 1710 894 1796 διατρίβειν,
916 1711 1051 1797 ἔχοντας
1072 1711 1154 1778 ὑπο-

143 1812 329 1901 γυιοτέροις
344 1817 585 1903 παραδείγμασι
608 1821 765 1901 χρῆσθαι,
786 1825 884 1883 τοῦτο
908 1811 970 1900 μὲν
987 1819 1154 1900 Τιμόθεον

144 1921 205 1988 οὐκ
227 1919 261 1999 ἐξ
285 1914 333 1989 ὧν
353 1921 514 2006 νεώτερος
531 1920 580 1986 ὢν
599 1919 828 2006 ἐπετήδευσεν,
850 1918 921 1988 ἀλλ’
949 1920 982 2000 ἐξ
1006 1916 1054 1988 ὧν
1072 1916 1153 1989 'Iao-

142 2027 255 2112 κράτει
278 2027 516 2112 συνδιατρίψας
538 2024 668 2112 ἐπραξε,
691 2030 844 2111 μεγίστης
867 2025 965 2110 δόξης
985 2024 1041 2093 καί
1063 2032 1153 2093 πλεί-

144 2148 232 2197 στων
262 2142 367 2215 τιμῶν
398 2131 550 2217 εὑρήσεις
580 2129 777 2208 ἀξιωθέντα·
810 2142 907 2198 τοῦτο
938 2129 969 2197 δ’
991 2129 1153 2218 Ἀρχύταν

143 2238 204 2322 τήν
231 2239 444 2325 Ταραντίνων
465 2238 565 2303 πόλιν
587 2237 674 2302 οὕτω
702 2242 809 2313 καλῶς
830 2235 886 2304 καὶ
908 2239 1153 2323 φιλανθρώπως

143 2342 357 2426 διοικήσαντα
378 2341 496 2426 κύριον
518 2340 618 2425 αὐτῆς
639 2341 856 2426 καταστάντα,
878 2339 954 2409 ὥστ’
980 2345 1028 2420 είς
1050 2345 1152 2413 ἀπαν-

141 2457 208 2525 τας
221 2447 282 2532 τήν
306 2445 436 2513 ἐκείνου
458 2449 591 2531 μνήμην
614 2448 814 2530 διενεγκεῖν·>
831 2447 868 2524 ὃς
890 2447 934 2514 ἐν·
949 2447 1033 2534 ἀρχή
1055 2472 1152 2515 κατα-

140 2554 390 2639 φρονούμενος,
426 2550 462 2620 ἐκ
493 2561 554 2618 τοῦ
585 2553 743 2619 Πλάτωνι
779 2553 958 2644 πλησιάσαι
987 2554 1151 2640 τοσαύτην

100 2677 126 2716 4⁷
141 2661 258 2746 ἔλαβεν
277 2657 436 2725 ἐπίδοσιν.
469 2655 526 2724 καὶ
543 2643 671 2724 τούτων
689 2655 792 2725 οὐδὲν
808 2658 936 2744 ἀλόγως
953 2658 1150 2746 ἀποβέβηκε·

139 2767 226 2830 πολύ
248 2765 312 2852 γάρ
331 2763 374 2832 ἀν
391 2758 434 2848 ἦν
453 2763 672 2850 ἀτοπώτερον,
694 2767 726 2829 εί
747 2765 786 2830 τά
807 2761 869 2850 μδν
892 2767 991 2852 μικρὰ
1014 2764 1059 2832 δι’
1082 2766 1150 2834 ἐπι-

141 2872 262 2955 στήμης
279 2869 340 2937 καί·
348 2869 489 2956 μελέτης
510 2868 749 2954 ήναγκαζόμεθ’
778 2869 950 2956 ἐπιτελεῖν,
971 2873 1011 2938 τὰ
1034 2869 1072 2938 δὲ
1093 2872 1150 2957 μί-

1 3058 3 3069 ’
139 2971 225 3058 γιστ’
253 2977 334 3046 ἀνευ
359 2979 479 3061 ταύτης
504 2984 562 3060 τής
587 2980 807 3062 πραγματείας
835 2975 1027 3063 ἐδυνάμεθα
1048 2979 1149 3061 πράτ-

139 3102 218 3168 τειν.
262 3078 337 3166 περὶ
363 3079 424 3166 μὲν
453 3077 516 3148 οὖν
543 3083 671 3150 τούτων
697 3081 769 3172 οὐκ,
787 3079 851 3174 οἶδ’
878 3085 901 3154 ὅ,
919 3107 951 3150 τι
973 3086 1028 3151 δελ
1047 3088 1148 3150 πλείω

138 3181 363 3275 λέγειν·.ούδδ
384 3189 447 3274 γὰρ
467 3186 500 3266 ἐξ
523 3186 625 3273 ἀρχῆς
643 3187 688 3264 ὡς
705 3193 871 3271 παντελῶς
893 3189 1035 3277 ἀπείρως
1056 3193 1149 3276 ἕχον·

137 3295 192 3370 τός
222 3306 284 3359 σου
312 3289 387 3378 περὶ
414 3292 524 3382 αὐτῶν
551 3291 745 3378 ἐμνήσθην,
776 3291 849 3361 ἀλλ’
880 3295 1064 3380 ἡγούμενος
1090 3297 1166 3372 τάςἸ

137 3398 297 3476 τοιαύτας,
307 3399 525 3483 παρακλήσεις
542 3400 620 3474 τοὺς
636 3393 698 3482 μὲν
721 3396 924 3482 ἀγνοοῦντας
940 3399 1148 3486 προτρέπειν,

96 3521 124 3562 ιε
138 3508 215 3582 τοὺς
237 3501 268 3571 δ’
294 3504 431 3580 εἰδόταςΙ
448 3501 657 3590 παροξύνειν.
700 3499 806 3588 μηδὲν
833 3499 864 3568 δ
890 3503 1058 3638 ύτολρίβης
1078 3527 1138 3586 τοι

930 3611 965 3660 23
