2656 3926
200 174 266 238 424
562 173 840 228 Δεωιοεοεεονε

201 335 262 402 οὐκ
285 333 349 418 ἐγὼ
372 333 628 418 συνεβούλευον,
650 331 672 418 ἢ
692 334 733 398 τά
756 332 918 420 Πέρσαις,
944 336 1027 421 πρὸς
1049 334 1108 412 οὓς
1130 333 1213 401 οὐδ’

201 441 367 526 ἀφικόμην
390 440 530 523 πώποτε,
553 439 748 525 αἱρετώτερα
770 442 908 524 φήσειεν
931 437 1104 506 εἶναιτῶν
1127 439 1217 525 ὑμῖν

200 550 382 632 παρόντων.
427 541 482 609 καὶ
504 543 548 609 έῶ
571 547 794 623 Καππαδόκας
820 543 875 612 καὶ
898 547 1032 632 Σύρους
1053 543 1108 611 καὶ
1130 549 1217 622 τοὺς

200 652 261 734 την
272 650 415 735 Ἰνδικὴν
428 651 540 736 χώραν
558 661 792 728 κατοικοῦντας
810 651 1009 738 ἀνθρώπους
1023 650 1071 717 ἐπ’
1090 655 1214 737 ἔσχατα

200 767 271 841 γῆς’
295 749 345 834 οἷς
363 757 464 822 άπασι
483 755 667 841 συμβέβηκε
689 758 796 824 πολλὰ
818 755 874 822 καὶ
893 757 986 823 δεινά
1003 755 1215 832 πεπονθέναι

174 860 255 926 εκαὶ
263 864 395 948 χαλεπά.
424 862 507 927 άλλδ
516 863 557 946 νη
568 865 637 927 Δία
649 863 777 929 τούτων
791 859 852 947 μέν
866 865 1002 948 άμεινον
1015 863 1213 948 ύμᾶςπράτ-

200 992 270 1035 τειν
292 970 432 1046 ἅπαντες
454 969 708 1054 ὁμολογήσουσι,
732 973 904 1034 Θετταλῶν
927 965 964 1034 δὲ
982 967 1037 1034 καὶ
1050 965 1212 1054 Ἀργείων

201 1073 255 1140 καὶ
275 1073 443 1160 Ἀρκάδων
461 1087 584 1161 χείρον,
602 1077 624 1158 η’
642 1100 744 1140 τινων
762 1077 885 1160 ἄλλων,
908 1067 958 1152 οἷς
982 1074 1019 1140 ἐν
1041 1079 1213 1163 συμμαχίᾳ

202 1180 325 1266 συνέβη
339 1179 496 1265 γενέσθαι
505 1187 669 1271 Φιλίππῳ.
693 1182 776 1247 ἀλλὰ
782 1183 910 1248 τούτων
923 1179 1069 1247 καὶπολδ
1076 1178 1212 1266 βέλτιον

201 1286 418 1373 άπηλλάχατε,
441 1287 481 1353 ού
504 1290 609 1372 μόνον
631 1297 676 1376 τῷ
696 1289 740 1372 μὴ
764 1285 1017 1353 δεδουλευκέναι
1035 1285 1155 1372 (καίτοι
1178 1291 1214 1351 τί
1299 1334 1300 1378 ,

200 1391 371 1476 τηλικοῦθ’
386 1393 541 1478 έπερονς),
557 1393 640 1459 ἀλλὰ
654 1392 709 1459 καὶ
723 1403 768 1481 τῷ
784 1396 862 1470 τοὺς
875 1389 936 1477 μέν
948 1393 1072 1470 πάντας
1084 1395 1212 1470 αἰτίους
1299 1444 1300 1482 ,

201 1495 287 1563 εἶναι
307 1501 418 1564 δοκεῖν
435 1510 502 1564 τῶν
520 1511 588 1575 τοῖς
598 1497 735 1585 Ἕλλησι
753 1511 863 1564 κακῶν
883 1501 1138 1583 συμβεβηκότων
1152 1499 1210 1564 διὰ

203 1607 372 1670 Φιλίππου
395 1602 528 1687 καὶτῆς
551 1606 719 1688 δουλείας,
742 1603 774 1683 ἐξ
799 1599 846 1670 ὧν
869 1606 1002 1681 είκύτως
1023 1615 1209 1688 μισοῦνται,
1299 1599 1300 1676 λ

176 1710 287 1793 θὺμᾶς
310 1707 340 1775 δ’
368 1711 511 1794 ὁρᾶσθαι
534 1706 616 1794 ὑπὲρ
642 1721 710 1776 τῶν
731 1707 901 1794 Ἑλλήνων
926 1709 982 1775 καί
1004 1711 1132 1795 σώμασι
1153 1709 1210 1776 καὶ

201 1817 343 1900 χρήμασι
365 1813 420 1881 καὶ
442 1818 536 1880 πόλει
557 1813 612 1879 καὶ
640 1817 730 1902 χώρᾳ
751 1813 806 1880 καί
828 1826 930 1881 πᾶσιν
951 1814 1209 1901 ἠγωνισμένους,

203 1918 279 1984 ἀνθ’
307 1914 354 1985 ὧν
376 1921 527 1986 εύκλειαυ
550 1923 637 1998 είκὸς
659 1921 820 2008 ὑπάρχειν
842 1920 897 1988 καὶ
919 1922 1015 2008 χάριν
1038 1921 1207 1989 ἀθάνατον
1299 1955 1300 1986 ι

202 2028 289 2111 παρά
311 2038 377 2092 τῶν
400 2025 439 2091 τά
462 2026 572 2092 δίκαια
599 2025 813 2112 βουλομένων
839 2039 956 2094 ποιεῖν.
1001 2027 1124 2093 οὐκοῦν
1147 2026 1204 2113 ἀφ’
1299 2011 1300 2062 3

203 2126 250 2196 ὧν
278 2131 341 2215 ἐγὼ
370 2132 632 2217 συνεβούλευσα,
660 2144 727 2198 τῶν
754 2129 815 2217 μὲν
842 2131 1064 2199 ἀντιστάντων
1091 2134 1208 2218 άριστα

202 2239 356 2323 πράττειν
374 2247 412 2323 τῇ
430 2242 524 2304 πόλει
543 2236 740 2322 συμβέβηκε,
763 2248 829 2303 τῶν
849 2233 894 2313 δέ,
909 2237 1208 2323 συνηγωνισμένων
1299 2229 1300 2300 ἶ

203 2342 417 2428 ἐνδοξοτέραν
439 2339 525 2409 εἶναι
547 2349 701 2429 περίεστι.
1299 2329 1300 2332 ¹

165 2469 189 2508 10
273 2453 458 2534 Τοιγαροῦν
486 2447 538 2514 ἐπὶ
564 2451 693 2526 τούτοις
724 2450 761 2516 oc
783 2448 859 2516 θεοὶ
884 2451 942 2527 τάς
968 2447 1029 2534 μὲν
1056 2457 1208 2535 μαντείας
1299 2473 1300 2492 ι

202 2555 259 2631 τάς
282 2554 411 2639 άγαθδις
432 2556 512 2639 ὑμῖν
536 2556 687 2638 διδόασι,
713 2556 774 2638 τὴν
801 2553 832 2620 δ’
858 2557 975 2624 άδικον
997 2561 1207 2642 βλασφημίαν

202 2663 250 2736 είς
277 2663 425 2745 κεφαλὴν
453 2671 499 2748 τῷ
529 2659 661 2744 λέγοντι
690 2659 854 2746 τρέπουσι.
899 2665 995 2747 γνοίη
1026 2660 1055 2728 δ’
1083 2664 1125 2729 άν
1147 2688 1206 2748 τις,

202 2769 234 2831 εί
254 2763 417 2850 προέλοιτ’
440 2765 586 2843 ἐξετάσαι
608 2765 859 2851 τάπιτηδεύματ’
881 2767 919 2833 έν
941 2760 992 2844 οἷς
1014 2771 1059 2854 ζῇ.
1105 2769 1204 2856 άγδρ
1214 2785 1271 2834 1489
1299 2757 1300 2760 “

202 2871 244 2937 δν
262 2871 479 2956 καταράσαιτύ
502 2895 551 2947 τις
574 2871 678 2957 αύτῷ,
700 2869 790 2938 ταῦτ’
813 2871 849 2938 έκ
871 2871 1090 2959 προαιρέσεως
1111 2889 1204 2942 ποιεί.

163 2997 188 3035 11
203 2978 322 3064 ἐχθρὸς
344 2975 405 3061 μέν
429 2975 496 3041 ἐστι
518 2987 587 3052 τοῖς
610 2987 761 3062 γονεῦσι,
783 2981 879 3062 φίλος
902 2975 940 3044 δὲ
961 2983 1139 3069 Παυσανίᾳ
1160 2993 1202 3070 τῷ

202 3087 328 3172 πύρνρι·
358 3080 412 3147 καὶ
440 3082 643 3169 θρασύνεται
672 3078 733 3167 μέν
763 3084 807 3160 ὡς
836 3082 939 3169 άνήρ,
967 3085 1083 3170 πάσχει
1106 3085 1137 3152 δ’
1163 3089 1204 3166 ὡς

203 3191 302 3273 γυνή·
315 3186 444 3254 καὶτοῦ
458 3183 518 3272 μέν
531 3191 653 3272 πατρός
667 3189 735 3255 ἐστι
748 3193 916 3275 κρείττων,
933 3203 1000 3256 τῶν
1014 3189 1044 3256 δ’
1062 3195 1202 3280 αἰσχρῶν

205 3295 323 3377 ἥττων·
348 3286 397 3370 οἷς
420 3289 450 3359 δ’
472 3293 537 3360 ὑπὸ
560 3294 693 3360 πάντων
717 3296 975 3380 δυσχεραίνεται,
996 3299 1124 3375 τούτοις
1145 3302 1202 3384 την

204 3400 356 3465 διάνοιαν
383 3399 572 3483 άγάλλεται,
600 3402 908 3488 αίσχρορρημοσύνη
934 3400 989 3467 καὶ
1015 3412 1060 3490 τῷ
1083 3405 1201 3487 διηγεί-

205 3510 284 3566 σθαι
313 3502 404 3570 ταῦτ’
431 3503 482 3589 ἐφ’
514 3497 566 3582 οἷς
594 3503 728 3588 άλγοῦσ
761 3506 797 3572 oc
823 3505 1010 3585 ἀκούοντες·
1037 3509 1055 3574 ὁ
1085 3507 1132 3586 δ’,
1160 3511 1201 3586 ὡς
