2658 3914
460 157 561 209 ΠΡΟΣ
580 157 779 212 ΤΙΜΟΘΕΟΝ.
1062 156 1125 220 145

109 341 165 384 τοι
189 313 372 402 σφαλέντος
395 311 457 401 μὲν
479 316 599 382 τούτου
617 315 791 382 ἀπώλλυτο
813 316 869 382 καλ
890 326 936 404 τςδ
960 315 1058 404 πατρὶ
1080 325 1125 404 τῷ

109 423 183 512 έμφ
204 424 243 488 τὸ
266 424 484 507 συμβόλαιον·
515 422 677 507 οὔτεγὰρ
701 419 751 488 ἐπ’
778 421 923 512 ἐνεχύρῳ
946 423 1022 488 οὔτε
1045 424 1125 507 μετὰ

112 529 292 615 μαρτύρων
324 529 439 592 ἔδωκε·
476 525 644 605 σωθέντος
676 525 714 593 δέ
746 526 798 596 ἐπὶ
830 529 935 618 τούτῳ
968 527 1127 612 ἐγίγνετο,

82 635 213 701 ιδπότε
236 635 392 718 βούλοιτο
409 633 595 717 εὐπορήσας
613 634 693 718 ἡμῖν
715 633 908 700 ἀποδοῦναι.
945 631 1017 700 ἀλλ’
1040 634 1128 718 ὅμως

113 736 141 806 ὦ
165 742 285 825 άνδρες
307 736 457 804 δικασταὶ
479 738 521 805 οὐ
543 738 618 825 περὶ
643 743 797 816 πλείονος
826 738 1002 823 ἐποιήσατο
1026 740 1044 806 δ
1066 760 1127 804 πα-

111 847 176 932 τήρ
189 849 385 931 περιουσίαν
398 843 587 930 χρημάτων,
606 849 733 927 μᾶλλον
746 843 768 928 ή
782 843 823 910 οὐ
841 843 993 935 Τιμοθέῳ
1006 845 1127 930 ὑπηρε-

111 961 211 1038 τῆσαι
229 945 278 1016 ὧν
295 935 418 1035 ἐδεήθη
438 950 552 1033 αὐτοῦ,
572 948 609 1014 έν
627 949 749 1037 άπορίρι
767 952 846 1016 ὄντι.
884 949 966 1037 ᾤετο
985 946 1046 1034 μὲν
1064 945 1127 1017 οὖν

113 1054 141 1124 ὦ
165 1058 285 1142 άνδρες
308 1053 458 1130 δικασταὶ
482 1055 501 1121 δ
522 1056 641 1139 πατήρ,
663 1057 695 1120 εί
717 1059 842 1140 σωθείη
870 1059 1032 1140 Τιμόθεος
1053 1060 1125 1123 τότε

113 1161 148 1242 ἐξ
173 1162 310 1228 ἐκείνων
339 1173 406 1228 τῶν
435 1161 605 1227 κινδύνων
633 1159 689 1226 καλ
718 1160 871 1247 ἀφίκοιτο
898 1163 1010 1228 οίιιαδε
1039 1164 1127 1248 παρὰ

112 1267 293 1353 βασιλέως,
323 1264 552 1353 εὐπορωτέρου
579 1266 761 1352 γενομένου
791 1269 912 1333 τούτου
938 1267 960 1354 ή
989 1268 1035 1344 ὡς
1055 1270 1126 1334 τότε

114 1373 274 1458 διέκειτο,
305 1373 347 1442 οὐ
376 1376 482 1458 μόνον
507 1373 549 1438 τά
576 1370 697 1440 ἑαυτοῦ
723 1380 931 1458 κομιεῖσθαι,
961 1371 1044 1439 ἀλλὰ
1073 1371 1126 1438 καὶ

114 1482 219 1546 άλλου
242 1486 277 1546 εί
299 1503 360 1557 του
388 1479 496 1547 δίοιτο
523 1481 606 1566 πρδς
633 1483 801 1565 Τιμόθεον
822 1477 948 1566 πρᾶξαι
967 1478 1128 1566 ’ὑπάρξειν

84 1586 215 1672 ταύτῷ.
255 1585 368 1670 ἐπειδή
399 1583 429 1651 δ’
457 1585 518 1671 οὐχ
550 1586 594 1662 ὡς
623 1584 748 1664 ἐκεῖνος
779 1582 876 1675 ᾠήθη
909 1584 1127 1671 συμβέβηκεν,

115 1689 189 1756 ἀλλ’
211 1691 329 1776 δμετά
347 1692 478 1778 χάριτος
501 1694 597 1776 ἔλαβε
620 1695 783 1776 Τιμόθεος
806 1690 869 1758 άπὸ
892 1690 1128 1777 τήςτραπέζης

108 1795 248 1882 ,δεηθεὶς
275 1807 337 1864 τοῦ
362 1800 485 1884 πατρὸς
510 1807 571 1865 τοῦ
598 1797 698 1883 ἐμοῦ,
728 1808 830 1865 ταῦτα
857 1795 902 1863 δι’
929 1800 1051 1885 ἔχθρας
1072 1796 1127 1863 καὶ

116 1904 210 1986 δίκης
227 1907 493 1988 τετελευτηκότος
510 1902 641 1989 ἐκείνου
660 1901 864 1990 ἐξελεγχθεὶς
886 1899 947 1988 μὲν
969 1905 1014 1981 ὡς
1035 1904 1126 1990 ὀφεί-

116 2013 166 2074 λει
184 2015 287 2075 οίεται
306 2011 378 2075 δεῖν
396 2008 593 2093 άποδοῦναι,
615 2009 674 2075 ἐὰν
693 2005 731 2076 δδ
749 2011 889 2093 δύνηται
910 2009 995 2094 ὑμᾶς
1016 2022 1127 2075 πείσαι

115 2115 161 2192 ὡς
195 2115 257 2180 οὐκ
288 2113 431 2198 ὀφείλει,
458 2111 660 2197 ἐξαπατήσας
689 2123 735 2203 τῷ
768 2117 875 2204 λόγφ,
906 2112 1126 2200 ἀποστερῆσαι
1137 2135 1204 2186 1186

115 2221 202 2304 ήμᾶς
230 2229 305 2284 τῶν,
329 2219 524 2304 χρημάτων,
554 2218 738 2303 ἀναγκαῖόν
767 2243 823 2304 μοι
855 2221 949 2285 δοκεῖ
978 2215 1063 2285 εἶναι
1093 2220 1126 2298 ἐξ

116 2324 220 2411 άρχής
249 2324 377 2389 ἅπαντα
409 2325 633 2408 διηγήσασθαι
661 2324 760 2409 ὑμίν,
789 2325 829 2390 τά
857 2348 891 2390 τε
919 2323 1127 2409 ὀφειλόμενα,

115 2429 172 2497 ιιαδ
204 2431 252 2506 είς
279 2429 298 2496 ὅ
326 2453 359 2496 τι
388 2429 525 2496 ἕκαστον
557 2429 666 2495 αὐτῶν
698 2432 935 2516 κατεχρήσατο,
965 2427 1020 2495 καὶ
1051 2433 1128 2508 τοὺς

90 2567 104 2610 ⁵
116 2539 259 2625 χρόνους
285 2534 323 2601 ἐν
350 2528 402 2614 οἷς
426 2536 464 2602 τὸ
492 2538 697 2620 συμβόλαιον
727 2535 865 2620 ἐγένετο.
909 2535 1067 2624 θαυμάσῃ
1090 2533 1128 2602 δέ

118 2640 232 2727 μηδεὶς
248 2641 344 2727 Ιὑμῶν
362 2645 394 2708 εί
404 2641 555 2728 άκριβῶς
577 2647 689 2725 ίσμεν·
712 2642 748 2708 οί
767 2642 830 2728 γάρ
847 2645 1040 2728 τραπεζῖται
1054 2644 1126 2708 εἰά-

117 2754 219 2814 θασιν
246 2748 465 2834 ὑπομνήματα
491 2748 679 2834 γράφεσθαι
707 2740 755 2812 ὧν
782 2770 818 2813 τε
845 2748 977 2815 διδόασι
1003 2749 1126 2834 χρημά-

117 2877 195 2938 των,
216 2852 272 2919 καδ
290 2856 337 2932 είς
355 2853 373 2920 ὅ
391 2878 438 2938 τι,
457 2851 512 2921 καί
531 2846 578 2918 ὧν
601 2855 644 2919 άν
666 2876 715 2931 τις
736 2859 879 2937 τιθῆται,
902 2849 947 2919 ἵν’
968 2845 990 2940 ᾖ
1015 2853 1126 2931 αὐτοῖς

118 2961 267 3044 γνώριμα
294 2960 335 3025 τά
363 2982 398 3024 τε
427 2957 600 3044 ληφθέντα
628 2958 684 3025 καλ
712 2958 753 3025 τά
778 2955 917 3025 τεθέντα
945 2960 1028 3045 πρὸς
1048 2962 1126 3039 τοὺς

119 3065 305 3149 λογισμούς.
1061 3071 1063 3076 ’

92 3205 105 3246 ⁶
179 3165 251 3234 Ἐπὶ
274 3169 491 3256 Σωκρατίδου
512 3170 577 3256 γάρ
600 3171 759 3257 ἄρχοντος
781 3181 1001 3257 μουνιχιῶνος
1023 3173 1127 3255 μηνὸς

118 3273 246 3360 μέλλων
263 3275 394 3341 ἐκπλεῖν
412 3276 472 3340 τὸν
489 3274 630 3362 ὕστερον
647 3279 791 3345 ἔκπλουν
815 3279 977 3360 Τιμόθεος
999 3275 1125 3359 οὑτοσί,

118 3379 192 3465 περὶ
214 3379 390 3464 ἀναγωγήν
416 3381 480 3465 ήδη
509 3381 557 3446 ὢν
585 3380 624 3447 έν
644 3390 689 3470 τῷ
713 3385 880 3468 Πειραιεῖ,
906 3379 1126 3467 προσδεηθεὶς

119 3485 510 3573 άργυρίον,”προσελθὼν
531 3495 576 3575 τβ
599 3485 697 3573 πατρί
718 3495 764 3576 τβ
789 3486 855 3574 ε’μῷ
878 3485 916 3555 ἐν
937 3495 983 3574 τῷ
1007 3483 1125 3568 λιμένι,

170 3599 295 3641 Dumna.
323 3598 433 3642 vom.
933 3594 965 3642 10
