2654 3926
195 191 199 198 .
329 223 332 230 Ι
448 153 549 205 ΠΡοΣ
566 153 815 208 Μεειειοοοα.
1094 149 1138 214 43

112 311 230 397 τύχη,
259 310 311 378 ὅτι
342 310 462 377 πολλαὶ
493 311 548 378 καλ
578 312 754 396 ἀναγκαῖαι
786 310 952 398 διατριβαὶ
984 310 1137 396 ε’γένοντο

114 417 162 484 ἐν
186 427 234 505 τῷ
265 416 385 502 μεταξὺ
413 421 543 508 χρόνῳ,
573 419 656 484 ώστε
677 428 742 485 νῦν
771 417 997 503 περὶτούτων
1020 417 1139 501 ἀγωνί-

117 527 253 603 ζεσθαι.

71 650 101 690 οε
195 623 300 694 Οὗτοι
322 623 384 712 μέν
407 623 470 694 οὖν
491 630 642 694 τοιοῦτοί
666 631 751 695 είσιν
773 631 949 716 ἀνθρώποι
971 626 997 695 ὦ
1020 631 1140 715 ἀνδρες

119 737 292 817 δικασταί,
310 731 365 798 καλ
383 732 473 818 μέλει
491 733 605 810 αὐτοῖς
624 730 724 799 οὐδέν
744 735 819 824 οὔτε
837 745 899 801 τοῦ
918 742 1012 801 οίκου
1031 733 1139 822 ἐξερη-

119 838 297 926 μουμένου
324 849 384 905 τοῦ
407 836 542 928 Ἁγνίου
571 841 647 906 οὔτε
676 852 744 907 τῶν
771 843 882 907 ἀλλων
910 842 972 908 ὅσα
995 863 1139 925 παρανο-

120 957 262 1032 μοῦσιν·
286 941 406 1021 οἵτινές
428 968 482 1029 γε,
510 941 536 1010 ώ
561 949 627 1012 Ζεῦ
656 943 711 1012 καλ
733 948 825 1029 θεοί,
851 947 891 1012 τά
918 943 979 1031 μέν
1002 949 1086 1013 ἀλλα
1106 950 1143 1012 τί

120 1054 168 1118 ἀν
193 1075 243 1128 τις
270 1050 362 1134 λέγοι
388 1048 463 1136 περὶ
491 1053 636 1132 τούτους
663 1053 769 1118 πολλά
792 1053 855 1138 γάρ
878 1052 920 1118 ἀν
943 1059 993 1137 είη
1017 1051 1139 1136 λέγειν·

121 1159 163 1224 ἓν
188 1153 226 1222 δέ
248 1157 530 1243 παρανομώτατον
552 1157 608 1223 καλ
631 1159 838 1244 μιαρώτατον
862 1157 1140 1244 διαπεπραγμένοι

123 1265 205 1347 εἰσί,
227 1261 283 1328 καλ
301 1259 430 1347 μάλιστ’
453 1262 702 1349 ἐνδεικνύμενοι
721 1264 771 1330 ὅτι
789 1263 928 1340 οὐδενὸς
951 1263 1063 1340 αὐτοῖς
1085 1262 1141 1347 με’-

83 1391 109 1432 ιο
124 1375 178 1436 λει
206 1371 293 1453 πλήν
324 1379 385 1435 τοῦ
412 1373 634 1435 πλεονεκτεῖν·
667 1371 709 1436 οὐ
736 1370 798 1456 γδιρ
829 1373 917 1456 ἔφθη
947 1373 1141 1453 Θεόπομπος

123 1477 190 1560 τήν
213 1475 420 1541 ἐπιδικασίαν
442 1475 665 1560 ποιησάμενος
691 1485 751 1542 τοῦ
779 1478 904 1562 κλήρου
926 1485 988 1542 τοῦ
1005 1472 1139 1558 Ἁγνίου

124 1583 188 1648 τὸν
210 1583 333 1666 τρόπον
356 1590 477 1646 τοῦτον
500 1579 540 1646 ὃν
562 1581 656 1666 ὑμεῖς
674 1580 844 1666 ἀκηκόατε,
866 1578 922 1646 καὶ
944 1581 1048 1656 εὐθὺς
1071 1579 1140 1647 ένε-

126 1685 257 1766 δείξατο
288 1686 339 1752 ὅτι
365 1687 405 1752 τά
429 1682 529 1752 οὐδέν
558 1685 762 1773 προσήκονθ’
790 1685 895 1776 ἑαυτῷ
920 1689 1008 1773 έχειν
1030 1685 1140 1770 ε’νόμι-

129 1797 191 1872 ζεν.
229 1791 333 1877 ὃγάρ
365 1787 408 1875 ἦν
438 1795 595 1858 πλείστου
623 1790 716 1869 ἀξιον
749 1792 786 1857 ἐν
813 1804 883 1869 τοῖς
909 1796 1042 1878 χωρίοις
1070 1804 1140 1870 τοῖς

122 1897 258 1982 Ἁγνίου
277 1895 332 1964 καὶ
351 1897 552 1981 ἐθαυμάζετο
575 1898 715 1982 μάλιστα
736 1896 793 1963 καὶ
814 1897 880 1963 ὑπὸ
902 1909 970 1963 τῶν
992 1899 1140 1984 προσχώ-

19 2003 21 2082 λ
129 2029 198 2090 ρων
219 2002 276 2070 καλ
296 2003 363 2069 ὑπὸ
385 2015 453 2069 τῶν
476 2004 586 2069 ἀλλων
611 2003 813 2090 ἀνθρώπων,
836 2005 874 2069 αί
894 2002 998 2088 ἐλάαι,
1020 2006 1141 2081 ταύτας

18 2090 20 2214 ι
131 2109 313 2196 ἐξώρυττον
342 2106 397 2174 καλ
428 2107 677 2194 ἐξεπρέμνιζον,
708 2113 804 2174 πλεῖν
830 2109 851 2193 ή
879 2111 967 2193 χίλια
996 2108 1140 2195 στελέχη,

18 2297 19 2302 ¹
131 2217 212 2282 ὅθεν
244 2218 357 2282 ἔλαιον
389 2218 476 2282 πολὺ
508 2214 664 2298 ἐγίγνετο.
705 2217 825 2291 ταύτας
855 2209 948 2279 οὗτοι
978 2213 1139 2282 ἀπέδοντο

132 2321 419 2408 ἐκπρεμνίσαντες,
445 2318 501 2385 καὶ
529 2319 689 2404 ἀργύριον
719 2318 888 2404 ὑπέρπολυ
911 2321 1040 2404 ἔλαβον.
1085 2320 1217 2392 καλιοιι

130 2424 219 2494 ταῦτ’
248 2426 383 2492 ἐποίουν
416 2421 509 2493 οὗτοι
537 2425 687 2490 ἐπιδίκου
715 2427 811 2502 ὄντος
841 2433 900 2489 τοῦ
927 2427 1052 2511 κλήρου
1079 2437 1140 2494 τοῦ

127 2532 259 2618 Ἁγνίου
287 2534 369 2598 κατὰ
396 2533 456 2598 τὸν
484 2533 608 2617 νόμον,
635 2527 713 2596 καθ’
741 2531 842 2617 όνπερ
866 2526 959 2597 οὗτοι
981 2533 1042 2616 τήν
1064 2557 1140 2599 του-

96 2663 121 2704 ιο
132 2637 203 2706 τουλ
221 2637 344 2724 μητέρα
361 2635 653 2724 προσεκαλέσαντο.
686 2637 737 2703 ὅτι
756 2637 794 2702 δέ
806 2633 897 2703 ταῦτ’
915 2636 1024 2722 ἀληθῆ
1044 2637 1140 2724 λέγω,

133 2744 186 2812 καλ
203 2742 437 2830 ἐξεπρέμνισαν
455 2744 512 2820 τδις
531 2742 627 2820 ἐλάας
646 2742 682 2808 έκ
702 2754 770 2808 τῶν
788 2745 920 2828 χωρίων
943 2737 990 2809 ών
1008 2740 1140 2827 Ἁγνίας

134 2849 297 2934 κατέλιπε,
324 2850 490 2936 μάρτυρας
517 2849 597 2933 ὑμῖν
619 2848 747 2914 τούτων
774 2847 984 2933 παρεξόμεθα
1005 2851 1083 2926 τούς
1104 2873 1139 2916 τε

133 2957 343 3041 προσχώρους
371 2953 427 3020 καὶ
455 2965 522 3020 τῶν
552 2955 663 3019 ἀλλων
691 2954 750 3030 οὓς
776 2953 1059 3039 παρεκαλέσαμεν,
1086 2952 1137 3021 ὅτ’

134 3062 421 3148 ἐπεμαρτυρόμεθα
443 3057 519 3146 περὶ
542 3061 679 3125 τούτων.
721 3057 795 3142 λέγε
817 3061 878 3143 τήν
901 3064 1094 3147 μαρτυρίαν.

532 3261 735 3316 ΜΑΡΓΤΡῙΑΙ.

240 3395 455 3474 Μαρτυροῦσιν
484 3387 691 3468 ἀκολουθήσοι
713 3385 903 3472 Ἀραφῆνάδε
933 3387 1109 3472 παρακληθέ
1127 3421 1139 3434 ·

176 3511 220 3563 τες
243 3487 302 3549 ὑπὸ
324 3485 484 3549 Σωσιθέου
507 3486 549 3561 είς
572 3486 641 3558 τοὺς
659 3481 779 3566 Ἁγνίου
798 3485 918 3568 ἀγρούς,
942 3484 1041 3559 ἐπειδή
1069 3483 1140 3545 Θεό·
