2658 3914
229 223 293 288 150
504 225 600 276 xm
629 222 934 293 [ΔΗΜοεοεαοαε]

186 381 280 450 88καί
302 393 390 468 μνᾶν
412 381 573 468 ἀργυρίου
596 385 822 450 δανείσασθαι.
867 381 1012 458 ἀκούσας
1033 377 1064 447 δ’
1085 380 1105 448 6
1126 381 1239 464 πατὴρ

225 489 244 555 6
263 488 339 574 ἐμὸς
351 498 412 554 τοῦ
425 491 633 576 Αἰσχρίωνος
650 497 710 556 τοῦ
728 487 920 554 ἀκολούθου
936 496 998 554 τοῦ
1014 487 1135 553 τούτου
1157 487 1239 564 τούς

225 616 260 659 τε
283 593 485 680 ἀφιγμένους
505 593 561 660 καὶ
582 595 645 679 τήν
666 598 780 680 χρείαν
802 595 850 671 εἰς
870 593 914 677 ἣν
936 589 1057 680 ήτεῖτο,
1079 589 1131 678 ἐφ’
1159 593 1181 657 ά
1204 587 1234 656 τ’

225 694 331 784 ἦλθεν
353 704 482 788 ἔχρησε,
502 699 558 766 καὶ
579 701 641 784 τήν
659 708 745 784 μνᾶν
767 710 827 767 τοῦ
849 698 1023 785 ἀργυρίου,
1044 697 1087 782 ήν
1110 697 1238 764 ἐδανεί-

227 808 308 889 ζετο,
330 805 510 872 ἐδάνεισεν.
547 804 779 895 ἀπολελυμένῳ
792 809 908 871 τοίνυν
919 813 979 889 τῆς
991 807 1107 888 αἰτίας,
1128 806 1237 889 πολλή

227 910 422 996 συνέβαινεν
445 911 534 1000 αὐτῷ
553 911 633 995 μετδι
653 920 755 976 ταῦτα
777 911 953 997 χρημάτων
976 909 1109 996 ἀπορία,
1131 916 1178 987 εἰς
1199 933 1236 975 τε

226 1017 283 1093 τὰς
301 1019 388 1094 ἰδίας
406 1023 518 1105 χρείας
530 1015 585 1083 καὶ
603 1019 650 1094 εἰς
667 1018 725 1096 τὰς
742 1017 903 1101 δημοσίας
920 1016 1088 1102 εἰσφοράς,
1106 1015 1127 1081 δ
1144 1016 1237 1101 δρῶν

225 1122 244 1188 6
266 1124 373 1208 πατήρ
396 1124 414 1191 6
438 1123 514 1209 ἐμὸς
536 1122 598 1188 οὐκ
621 1121 741 1206 ἐτόλμα
758 1131 878 1190 τοῦτον
900 1121 1004 1198 εὐθύς
1025 1120 1175 1188 ἀπαιτεῖν
1197 1123 1236 1188 τὸ

187 1247 214 1287 24
227 1228 399 1316 ἀργύριον·
419 1231 496 1296 ούτε
514 1230 578 1315 γάρ
592 1228 634 1296 ἀν
651 1238 772 1296 τοῦτον
789 1225 1013 1314 εὐπορήσανθ’
1034 1227 1146 1312 ἡγεῖτο
1163 1227 1236 1294 ἀδι-

226 1345 325 1418 κήσαι
347 1336 466 1419 αὑτόν,
492 1331 562 1400 οὔτ’
588 1333 631 1400 ἀν
658 1335 757 1412 αὐτὸς
782 1334 972 1420 ἀποροῦντα
997 1344 1117 1401 τοῦτον
1147 1336 1236 1421 ἐχειν

227 1443 354 1509 ὁπόθεν
372 1439 586 1524 εἰσπράξειεν.
622 1439 736 1525 ἐπειδή
753 1445 869 1506 τοίνυν
892 1439 1045 1525 ἀπῆλθον
1068 1439 1087 1506 6
1109 1463 1144 1506 τε
1164 1437 1237 1506 ’Az-
1310 1453 1311 1460 ’

227 1546 321 1624 κίτας
343 1545 398 1612 καὶ
425 1547 443 1613 6
468 1543 600 1629 Ἰάσων,
626 1547 666 1611 τδι
693 1543 755 1631 μέν
783 1548 956 1634 στρώματα
984 1544 1040 1612 καὶ
1061 1547 1101 1612 τά
1126 1545 1238 1631 ἰμάτια

227 1653 327 1718 πάλιν
354 1651 537 1736 ἀπήνεγκεν
565 1651 585 1717 6
610 1654 780 1738 Αἰσχρίων
807 1653 826 1718 6
852 1651 1040 1729 ἀκόλουθος
1063 1651 1082 1719 6
1104 1654 1238 1737 τούτου,

226 1759 285 1834 τάς
314 1753 352 1822 δέ
379 1758 500 1844 φιάλας
528 1758 586 1834 τάς
615 1759 678 1824 δύο
705 1758 766 1824 οὐκ
793 1757 997 1843 ἀπήνεγκεν,
1028 1757 1067 1836 δὶς
1092 1754 1236 1845 ᾐτήσατο
1310 1771 1311 1800 ³

227 1865 343 1950 ὅτεπερ
377 1861 431 1929 καὶ
463 1864 503 1928 τά
534 1865 707 1950 στρώματα
735 1862 790 1930 καί
820 1865 882 1949 τήν
917 1873 1004 1949 μνάν
1039 1873 1100 1931 τοῦ
1136 1864 1236 1951 ἀργυ-

227 1974 302 2056 ρίου
325 1969 531 2053 ἐδανείσατο,
558 1969 770 2055 άφικομένων
799 1971 844 2048 ὡς
866 1980 986 2037 τοῦτον
1005 1966 1158 2037 Ἀλκέτου
1179 1968 1236 2036 καὶ

222 2071 377 2152 Ἰάσονος.

188 2196 215 2239 ²⁶
293 2180 438 2248 Μέλλων
469 2185 586 2248 τοίνυν
617 2181 801 2267 ἀποδημεῖν
828 2183 872 2258 ὡς
903 2181 1056 2267 βασιλέα,
1082 2180 1138 2248 καὶ
1164 2182 1235 2246 δια·

225 2287 431 2375 πραξάμενος
448 2287 624 2355 ἐκπλεῦσαι
642 2289 687 2366 ὡς
703 2292 836 2373 βασιλεῖ
852 2291 1085 2374 στρατηγήσων
1102 2290 1163 2354 τὸν
1181 2283 1230 2353 ἐπ’

226 2400 397 2480 Αίγυπτον
419 2397 576 2480 πόλεμον,
600 2387 659 2460 Ιἵνα
682 2395 726 2479 μή
749 2396 798 2481 δῷ
821 2393 970 2475 [ἐνθάδε]
990 2396 1091 2478 λόγον
1108 2391 1163 2459 καὶ
1181 2393 1234 2459 εύ-

225 2501 335 2578 θύνας
364 2509 421 2584 τῆς
453 2501 575 2567 ἐνθάδε
608 2503 822 2586 στρατηγίας,
853 2497 1146 2587 μεταπεμψάμενος
1175 2502 1234 2566 τὸν

226 2604 350 2691 πατέρα
372 2608 431 2671 τδν
455 2605 534 2690 ἐμὸν
562 2609 609 2684 εἰς
635 2609 672 2673 τὸ
696 2606 886 2692 Παράλιον,
911 2617 979 2672 τῶν
1005 2629 1041 2672 τε
1066 2617 1234 2692 προϋπηρ·
1308 2599 1309 2603 ¹

188 2708 358 2796 νεγμένων
380 2712 428 2787 εἰς
449 2712 552 2777 αὑτὸν
575 2709 706 2798 ἐπῄνει,
735 2710 791 2777 καλ
817 2711 923 2778 ἐδεῖτο
947 2713 1049 2778 αὐτοῦ
1072 2714 1234 2795 συστήσας

229 2816 419 2899 Φιλώνδαν,
441 2817 548 2901 ἀνδρα
569 2819 607 2884 τὸ
627 2814 688 2902 μὲν
712 2816 809 2901 γένος
830 2816 999 2904 Μεγαρέα,
1021 2827 1234 2903 μετοικοῦντα

228 2920 257 2990 δ’
281 2919 452 3007 Ἀθήνησι,
474 2935 595 3000 πιστῶς
618 2920 655 2989 δέ
676 2924 783 3013 τούτῳ
807 2925 1016 3008 διακείμενον
1038 2922 1094 2990 καὶ
1114 2924 1233 3008 ὑπηρε-

226 3039 348 3096 τοῦντα
362 3027 399 3093 έν
417 3027 532 3117 ἐκείνῳ
546 3037 591 3115 τῷ
609 3031 730 3120 χρόνῳ,
745 3030 880 3095 ἐπειδὰν
898 3028 1054 3116 ἀφίκηται
1074 3030 1110 3097 ἐκ
1123 3035 1299 3098 Mam-1192

228 3135 342 3211 δονίας
364 3133 382 3200 6
407 3134 600 3219 Φιλώνδας,
632 3134 672 3200 δν
702 3139 840 3220 συνίστη
870 3131 968 3214 οὗτος
996 3144 1041 3225 τῷ
1068 3135 1167 3223 πατρὶ
1188 3144 1231 3225 τῷ

228 3240 310 3328 ἐμῷ,
332 3241 424 3324 άγων
445 3239 528 3318 ξύλα
549 3241 589 3305 τά
613 3240 757 3307 δοθέντα
778 3243 885 3330 τούτῳ
907 3242 972 3308 ὑπὸ
992 3239 1171 3327 Ἀμύντου,
1196 3244 1232 3308 τὸ
1306 3235 1307 3238 “

226 3350 352 3412 ναῦλον
370 3357 438 3412 τῶν
455 3345 566 3424 ξύλων
583 3359 764 3434 παρασχεῖν
781 3346 837 3412 καὶ
860 3347 954 3413 ἐάσαι
976 3347 1173 3432 ἀνακομίσαι
1194 3348 1232 3412 τὰ

228 3450 309 3530 ξύλα
331 3453 379 3529 εἰς
407 3453 467 3537 τήν
491 3454 599 3518 οἰκίαν
620 3453 682 3537 τήν
706 3451 825 3519 ἑαυτοῦ
846 3454 908 3537 τήν
930 3451 968 3518 ἐν
991 3458 1154 3536 Πειραιεῖ·
1177 3453 1232 3520 αὑ-

189 3557 368 3642 ατοῦγδιρ
387 3552 531 3623 εἶναιτὰ
552 3556 643 3635 ξύλα.
688 3558 755 3641 άμα
777 3581 812 3623 τε
833 3567 873 3644 τῇ
896 3561 1007 3643 δεήσει
1029 3557 1099 3624 εἶπε
1121 3561 1233 3642 λόγον,
