2650 3918
192 160 261 230 338
506 165 564 219 Lx,
592 163 895 236 [Δωεοεωεωοεε]

189 322 351 406 ἡγοῦνται
374 333 444 400 ταῖς
467 322 577 388 αὑτῶν
605 322 736 410 ἀρεταῖς
757 324 778 409 ἢ
801 333 851 411 τῇ,
868 322 1044 416 παραδόξῳ
1071 325 1128 394 καλ
1151 351 1208 413 χα-

190 433 271 516 λεπῇ
298 429 380 515 τάχη
408 427 663 515 κατωρθωκέναι
689 432 742 496 καλ
767 445 805 522 τη
832 444 886 498 τοο
913 433 1126 518 προεστηκότος
1155 437 1209 499 αθ

188 548 249 602 τῶν
274 537 408 624 ἐμπειρίᾳ
434 538 485 602 καλ
512 539 620 626 τόλμη,
648 532 760 602 οὐθέν’
787 535 857 604 οὔτ’
885 537 1106 625 ἀναίσχυντον
1129 541 1209 606 οὔτε

188 643 355 727 τολμηρὸν
377 640 482 718 οὕτως
503 637 601 724 εἶναι,
637 638 741 708 ὅντιν’
768 641 1042 728 ἀντιποιήσεσθαι
1063 656 1130 712 τῶν
1152 666 1210 711 πε·

189 743 399 836 πραγμένων.
435 746 519 813 ἀλλά
542 749 610 832 μὴν
628 743 711 833 ὑπὲρ
731 742 778 814 ὧν
802 749 820 816 ὁ
842 750 978 816 πάντων
999 751 1114 838 κύριος
1137 752 1210 817 δαί-

190 876 275 936 μων,
297 853 343 930 ὡς
358 849 530 937 ἠβούλεά,
553 855 684 937 ἔνειμεν
701 855 739 920 τὸ
757 852 862 939 τέλος,
884 855 1030 934 ἅπαντας
1044 855 1210 941 ἀφεῖσθαι

190 961 304 1036 κακίας
335 955 461 1042 ἀνάγκη
493 960 572 1035 τοὺς
604 961 758 1044 λοιποὺς,
794 957 997 1046 ἀνθρώπους
1027 959 1057 1045 γ’
1095 964 1208 1042 ὄντας·

190 1065 257 1150 περλ
278 1059 322 1130 ὧν
344 1061 372 1129 δ’
397 1065 496 1130 ὁτῶν
518 1064 662 1130 ἐναντίων
684 1065 804 1150 ἡγεμὼν
826 1067 953 1153 ὑπερῆρε
975 1069 1045 1145 τοάς
1068 1069 1117 1133 ἐπὶ
1139 1073 1210 1134 τού·

190 1195 230 1260 τῳ
252 1170 422 1256 ταχθέντας,
444 1169 509 1254 οάχλ
530 1173 600 1248 τοὺς
629 1174 758 1248 πολλοὺς
786 1167 850 1238 οὔτ’
875 1173 996 1251 Ιἐκείνων
1023 1171 1097 1239 οὔθ’
1122 1175 1210 1258 ἡμῶν

152 1291 181 1332 22·
191 1272 346 1342 αἰτιάσαιτ’
370 1275 409 1340 ἀν
431 1300 475 1353 τις
495 1277 627 1354 εἰκότως.
664 1277 695 1341 εί
718 1271 749 1341 δ’
776 1273 828 1364 ἀρ’
855 1278 924 1343 ἔστι
945 1299 996 1356 τις
1009 1277 1209 1366 ’ἀνθρώπων

192 1380 257 1470 ότφ
280 1377 504 1466 περὶτούτων
528 1379 702 1466 ἐγκαλέσαι
724 1380 899 1469 προσήκει,
924 1396 994 1463 τοῖς
1021 1383 1074 1452 ἐπὶ
1100 1387 1210 1476 τούτῳ

189 1492 341 1573 ταχθεῖσι
373 1490 549 1571 Θηβαίων,
586 1485 662 1573 οὐχὶ
694 1499 764 1566 τοῖς
784 1492 930 1567 πολλοῖς
961 1488 1035 1558 οὔτ’
1072 1491 1210 1558 ἐκείνων

192 1589 269 1658 οὔθ’
302 1590 397 1676 ἡμῶν
428 1590 634 1675 ἐγκαλέσειεν
668 1594 711 1659 ἀν
745 1616 796 1672 τις.
823 1596 971 1673 είκότως·
1001 1600 1037 1662 ολ
1063 1597 1209 1683 δύναμιν
1219 1610 1291 1662 1396

192 1698 349 1780 λαβόντες
371 1697 513 1781 ἔχουσαν
534 1700 648 1782 θυμὸν
675 1697 837 1784 ἀήττητον
859 1699 1129 1788 κάπροφάσιστον
1152 1702 1210 1770 καὶ

192 1805 384 1888 φιλοτιμίαν
401 1801 596 1888 ἐφάμιλλον,
614 1802 731 1871 οὐδενί
744 1807 872 1872 τούτων
886 1807 998 1893 ὀρθῶς
1017 1807 1208 1896 ἐχρήσαντο.

153 1925 180 1966 ει
193 1904 248 1973 καλ
269 1907 310 1978 τά
332 1902 394 1993 μὲν
416 1905 488 1975 ἀλλ’
512 1910 582 1975 ἔστι
599 1911 727 1977 τούτων
749 1911 795 1989 ὡς
817 1911 953 1990 ἕκαστος
974 1916 1042 2000 ἔχει
1063 1918 1209 2001 γνώμης,

61 2033 64 2039 ·
194 1999 298 2090 οάτως
319 2012 581 2100 ὑπολαμβάνειν·
610 2014 629 2081 ὃ
656 2013 687 2080 θ’
715 2016 838 2082 άπασιν
865 2017 988 2102 ὁμοίως
1014 2029 1084 2097 τοῖς
1110 2016 1209 2087 οὖσιν

193 2117 385 2206 ἀνθρώποις
406 2118 579 2206 γεγένηται
599 2123 757 2215 φανερόν,
780 2122 831 2188 ότι
848 2121 870 2206 ἡ
888 2123 995 2208 πάσης
1016 2133 1074 2209 τῆς
1090 2123 1208 2194 Ἑλλά-

194 2227 252 2304 δος
274 2221 326 2313 ἀρ’
353 2226 527 2315 ἐλευθερία
550 2227 588 2294 όν
609 2240 680 2306 ταῖς
703 2230 809 2295 τῶνδε
831 2239 898 2294 τῶν
926 2225 1060 2317 ἀνδρῶν
1088 2242 1209 2318 ψυχαῖς

194 2328 386 2420 διεσῴζετο*
407 2333 520 2420 ίπειιλὴ
541 2343 625 2417 γοῦν
642 2333 664 2418 ἡ
682 2331 879 2421 πεπρωμένη
900 2335 1043 2414 τούτους
1066 2335 1209 2422 ἀνεῖλεν,

195 2434 306 2516 οὐδεὶς
331 2436 468 2524 ἀντέστη
493 2449 568 2506 τῖον
599 2444 737 2506 λοιπῶν.
778 2436 834 2505 καί
860 2443 993 2525 φθόνος
1024 2437 1085 2527 μὲν
1112 2443 1208 2528 ἀπείη

194 2553 255 2611 τοῦ
284 2547 406 2628 λόγον,
434 2545 529 2610 δοκεῖ
555 2541 596 2611 δέ
623 2547 684 2628 μοί
709 2565 759 2620 τις
788 2543 832 2609 ἀν
860 2546 964 2611 είπὼν
993 2546 1038 2624 ὡς
1059 2547 1080 2631 ἡ
1103 2549 1209 2614 τῶνδε

195 2658 263 2713 τῶν
290 2646 424 2735 ἀνδρῶν
442 2648 551 2735 ’ἀρετὴ
586 2657 644 2734 τῆς
671 2648 831 2727 Ἑλλάδος
864 2645 908 2735 ἦν
942 2653 1031 2737 ψυχὴ
1068 2650 1211 2738 τάληθὲς

157 2772 184 2812 ει
196 2754 314 2819 είπελν·
337 2753 404 2838 άμα
424 2756 489 2841 γάρ
511 2755 552 2822 τά
569 2778 604 2822 τε
622 2757 751 2822 τούτων
768 2753 928 2842 πνεύματ’
951 2755 1121 2843 ἀπηλλάγη
1141 2771 1209 2826 τῶν

197 2859 329 2948 οίκείων
347 2859 518 2946 σωμάτων,
535 2858 592 2928 καί
608 2863 646 2928 τὸ
660 2867 719 2945 τῆς
731 2858 890 2940 Ἑλλάδος
902 2860 1017 2948 ἀξίωμ’
1032 2859 1208 2951 ἀνῄρηται.
1317 2895 1318 2906 ¹

197 2963 343 3050 μεγάλην
356 2960 418 3050 μὲν
432 2961 494 3032 οὖν
508 2972 587 3044 ίσως
599 2967 789 3052 ὑπερβολὴν
804 2967 949 3053 δόξομεν
961 2968 1082 3053 λέγειν,
1092 2969 1210 3056 ῥητέον

198 3067 229 3136 θ’
256 3069 364 3155 ὅμως,
380 3070 488 3158 ὥσπερ
512 3073 593 3160 γάρ,
619 3079 654 3139 εῖ
677 3094 732 3151 τις·
751 3072 788 3139 ἐκ
809 3083 871 3140 τοῦ
892 3079 1133 3161 καθεστηκότος
1154 3079 1210 3142 κό-

199 3194 285 3261 σμον
306 3177 344 3247 τὸ
366 3186 437 3262 φῶς
459 3175 575 3263 ἑξόλοι,
599 3179 763 3266 δυσχερὴς
779 3176 835 3245 καλ
856 3182 995 3266 χαλεπός
1016 3190 1080 3260 πως
1101 3180 1119 3248 ό
1142 3185 1210 3246 λει-

198 3284 341 3368 πόμενος
367 3285 440 3368 βίος
467 3280 590 3367 γένοιτ’
624 3285 685 3370 ἀν,
718 3284 806 3351 οὕτω
839 3286 944 3352 τῶνδε
978 3296 1045 3353 τῶν
1074 3286 1209 3373 ἀνδρῶν

200 3385 464 3474 ἀναιρεθέντων,
495 3387 532 3454 ἐν
559 3391 671 3456 σκότει
696 3387 752 3455 καὶ
782 3394 888 3477 πολλῇ
918 3392 1076 3480 δυσκλείᾳ
1100 3391 1209 3470 πᾶςὸ

201 3495 264 3577 πρὸ
287 3503 346 3560 τοῦ
371 3496 464 3580 ζῆλος
485 3501 552 3561 τῶν
569 3491 740 3580 Ἑλλήνων
762 3491 908 3583 γέγονεν.
