2650 3918
161 194 227 262 362
523 187 801 242 Δωωοεωωειονε

161 353 276 423 ἅπαντ’
303 351 372 421 ἐστὶ
399 347 503 438 μηδὲν
531 356 661 417 οίεσθαι
687 350 848 434 πρότερον
869 344 1065 430 γιγνώσκειν
1087 340 1170 426 πρὶν

161 469 295 546 μαθείν,
313 461 421 535 άλλως
437 480 472 523 τε
490 453 545 522 καὶ
564 456 757 532 συνειδότας
768 451 926 528 πολλάκις
943 450 1007 536 ήδη
1025 450 1172 524 πολλοὺς

162 568 411 651 μετεγνωκότας.
457 561 500 629 ἀν
526 565 642 628 τοίνυν
668 560 762 644 ύμείς
790 555 886 624 ταῦθ’
915 553 1077 643 ύπάρξητε
1103 563 1170 620 νῦν

161 668 389 755 πεπεισμένοι,
420 673 532 752 οίομαι
561 667 641 752 μετὰ
671 663 821 752 βραχίων
849 667 959 748 λόγων
987 659 1042 728 καὶ
1072 659 1171 736 αὐτὸς

162 774 345 860 ἀντιλέγειν
369 775 502 851 εἰκότως
525 771 635 852 δόξειν
652 769 708 837 καὶ
724 772 806 856 ὑμίν
823 771 864 836 τά
881 768 1035 855 βέλτιστα
1056 777 1169 854 φανεί-

163 889 244 950 σθαι
267 879 381 965 λέγων.

652 981 680 1035 5.

228 1105 372 1168 Πολλῶν
390 1096 416 1167 ὦ
434 1101 555 1187 ἄνδρες
568 1095 742 1183 Ἀθηναῖοι
760 1100 870 1181 λόγων
886 1094 1070 1183 είρημίνων
1082 1095 1172 1181 παρὰ

162 1208 296 1274 πάντων
319 1218 386 1273 τῶν
409 1207 761 1290 συμβεβουλευκότων,
788 1200 888 1269 οὐδὲν
910 1203 995 1287 ὑμᾶς
1018 1202 1084 1288 ὁρῶ
1106 1210 1171 1267 νῦν

163 1316 261 1391 ὄντας
282 1311 446 1400 ἐγγυτέρω
468 1321 530 1379 τοῦ
551 1313 587 1376 τί
606 1307 769 1397 πρακτέον
791 1309 967 1396 εὑρῆσθαι,
988 1307 1011 1392 ή
1028 1305 1108 1394 πρὶν
1125 1309 1173 1384 είς

163 1420 224 1504 τήν
247 1418 422 1503 ἐκκλησίαν
441 1417 613 1503 ἀναβῆναι.
652 1422 760 1482 αίτιον
779 1411 817 1480 δὲ
833 1415 954 1482 τούτου
971 1411 1069 1480 ταῦθ’
1092 1413 1172 1500 ὅπερ

164 1519 255 1609 οἶμαι
280 1533 341 1588 τού
367 1533 474 1599 κακῶς
501 1524 588 1608 ἔχειν
619 1523 659 1587 τά
691 1521 766 1587 ὅλα·
794 1521 835 1587 ού
862 1521 925 1607 γάρ
951 1529 1173 1606 παραινοῦσιν

163 1630 244 1713 ὑμῖν
270 1623 355 1713 ὑπὲρ
386 1638 453 1693 τῶν
483 1630 658 1713 παρόντων
686 1627 722 1693 oc
746 1625 913 1711 λέγοντες,
944 1622 1015 1692 ἀλλ’
1047 1624 1173 1692 ἑαυτῶν

163 1741 385 1817 κατηγοροῦσι
398 1730 453 1797 καὶ
467 1734 712 1818 λοιδοροῦνται,
731 1732 775 1809 ὡς
789 1727 851 1817 μὲν
865 1731 929 1816 ἐγὼ
943 1735 1059 1818 κρίνω,
1078 1749 1175 1798 συνε-

163 1841 313 1917 θίζοντες
333 1837 420 1921 ὑμᾶς
441 1838 522 1902 άνευ
543 1840 699 1923 κρίσεως,
720 1835 810 1903 ὅσων
832 1833 918 1902 είσὶν
936 1841 1035 1903 αίτιοι
1052 1847 1174 1920 κακῶν,

165 1944 311 2028 ἀκούειν,
333 1940 377 2008 ἵν’
404 1943 447 2009 άν
468 1939 540 2008 ποτ’
567 1939 621 2029 ἀρ’
647 1945 695 2021 είς
721 1942 834 2026 ἀγῶνα
856 1949 1089 2026 καθιστῶνται,
1111 1966 1174 2026 μη-

166 2046 224 2116 όεν
246 2048 427 2134 ἡγούμενοι
448 2050 566 2115 καινὸν
583 2047 735 2133 ἀκούειν,
757 2046 829 2115 ἀλλ’
850 2045 934 2135 ὑπὲρ
957 2043 1005 2114 ὧν
1027 2050 1173 2132 ὤργισθε

165 2156 334 2241 πολλάκις,
355 2158 531 2242 πραότεροι
550 2152 702 2220 δικασταὶ
719 2152 775 2220 καὶ
794 2153 903 2241 κριταὶ
924 2159 1085 2240 γίγνησθε
1107 2165 1174 2220 τῶν

140 2260 406 2348 επεπραγμίνωυ
424 2261 544 2338 αύτούς.
585 2261 647 2345 τήν
665 2256 727 2345 μὲν
745 2254 808 2326 οὖν
825 2263 934 2326 αίτίαν
953 2258 996 2327 δι’
1013 2261 1057 2345 ἣν
1074 2271 1176 2328 ταῦτα

166 2377 334 2452 ποιοῦσιν,
356 2374 435 2445 ἴσως
457 2367 601 2452 ἀνόητον
619 2365 762 2452 ἀκριβῶς
781 2370 887 2450 ζητεῖν
907 2372 970 2452 [είη
989 2367 1045 2450 άν]
1071 2367 1108 2433 ἐν
1129 2363 1176 2456 τῷ

167 2477 320 2560 παρόντι·
344 2473 395 2538 ότι
413 2469 444 2536 δ’
465 2472 547 2557 ύμίυ
566 2469 641 2558 οὐχὶ
660 2469 831 2558 συμφέρει,
851 2473 906 2537 διὰ
923 2469 1011 2539 τοῦτ’
1030 2472 1176 2558 ἐπιτιμῶ.

168 2579 233 2663 ἐγὼ
257 2576 287 2643 θ’
315 2579 391 2644 οὔτε
414 2580 628 2664 κατηγορήσω
651 2580 794 2663 τήμερον
817 2577 970 2663 οὐδενός,
992 2577 1069 2645 οὔθ’
1095 2579 1178 2645 ὑπο-

169 2685 331 2784 σχήσομαι
362 2694 515 2750 τοιοῦτον
547 2677 647 2748 οὐδὲν
674 2682 692 2748 δ
720 2682 764 2766 μή
798 2680 982 2770 παραχρῆμ’
1014 2682 1178 2781 ἐπιδείξω,

169 2786 242 2855 οὐδ’
270 2788 355 2865 ὅλως
376 2799 443 2854 τῶν
471 2788 581 2854 αύτῶν
608 2788 738 2865 τούτοις
765 2785 867 2854 οὐδὲν
892 2791 1033 2873 ποιήσω·
1056 2787 1129 2856 ἀλλ’
1156 2791 1178 2856 ἃ

169 2893 320 2981 βέλτιστα
343 2889 405 2977 μὲν
426 2904 495 2970 τοῖς
512 2893 691 2979 πράγμασι,
714 2891 927 2979 συμφέροντα
949 2891 987 2960 δὲ
1008 2906 1077 2972 τοῖς
1098 2899 1178 2980 βου-

170 2998 363 3084 λευομένοις
387 2998 469 3082 ὑμίν
494 2998 653 3083 ήγοῦμαι,
680 2996 778 3065 ταῦθ’
805 3000 850 3076 ὡς
875 2998 918 3066 ἀν
947 3000 1099 3086 δύνωμαι
1121 3001 1179 3068 διὰ

169 3105 383 3193 βραχυτάτων
405 3105 507 3170 είπὼν
528 3106 762 3189 καταβήσομαι

660 3283 697 3345 Ζ.

85 3455 88 3464 ·
125 3423 127 3425 ’
240 3413 286 3478 Οί
305 3410 366 3498 μὲν
389 3412 602 3488 ἐπαινοῦντες
622 3406 649 3477 ὦ
668 3411 787 3496 ἄνδρες
806 3407 978 3495 Ἀθηναῖοι
1000 3415 1079 3490 τοὺς
1098 3435 1261 3500 προ-ειυς

173 3520 294 3598 γόνους
306 3519 413 3603 ὑμῶν,
431 3520 533 3601 λόγον
551 3517 656 3583 εἰπεῖν
670 3537 730 3600 μοι
746 3515 904 3584 δοκοῦσιν
919 3520 1182 3612 [προαιρεῖσθαι]
