2658 3922
451 180 550 233 111202
568 179 799 234 Κεεειιιιιοιι.
1069 177 1132 246 197

109 337 351 424 ἀπολήψεσθαι
373 342 462 428 παρὰ
484 344 585 426 φίλου
603 365 641 426 γε
660 342 756 419 ὄντος
774 341 863 430 αὐτῷ
881 338 937 408 καὶ
959 335 1135 426 προξένου,

109 447 141 510 εἰ
162 443 207 511 δέ
227 469 263 514 τι
285 446 402 531 πάθοι,
424 448 580 533 ἄντικρυς
598 449 735 514 ἔσεσθαι
759 448 923 531 δεδωκώς,
945 445 1054 531 ὥσπερ
1078 443 1135 510 καὶ

109 550 292 637 ἠβούλετο,
318 553 339 638 ἠ
366 549 419 620 ἐπὶ
441 562 480 639 τῃ
502 552 643 640 τραπέζῃ
666 558 871 633 καταλιπετν;
899 551 964 637 ἐγὼ
987 547 1048 636 μὲν
1070 552 1133 637 γδρ

110 651 205 740 οἶμαι
235 656 345 724 ἐκεῖνο
373 655 429 724 καὶ
460 659 671 745 δικαιότερον
702 655 757 724 καὶ
790 656 1134 744 μεγαλοπρεπέστερον

108 757 209 828 εἶναι.
250 763 291 830 οὐ
309 767 426 830 τοίνυν
445 766 598 848 φαίνεται
616 765 746 830 τούτων
763 759 865 829 οὐδὲν
881 765 1033 848 ποιήσας,
1051 763 1134 831 ὥστε

108 866 166 933 καὶ
197 878 305 936 ταῦτα
333 869 415 955 ὑμῖν
444 872 602 955 τεκμήρια
631 871 730 953 ἔσται,
759 867 844 934 ἀλλὰ
872 877 917 957 τῷ
941 869 1134 954 Κηφισιάδῃ
1144 888 1213 938 1248

108 971 167 1038 καὶ
191 975 327 1060 γράψας
347 972 405 1041 καὶ
425 973 610 1060 προστάξας
632 973 826 1042 ἀποδοῦναι.

71 1099 96 1141 ιτ
173 1078 250 1147 Ἔτι
272 1084 389 1148 τοίνυν
412 1079 468 1146 καὶ
489 1078 564 1146 τοδὶ
592 1078 760 1160 σκέψασθε
783 1075 810 1147 ὦ
832 1081 952 1167 ἄνδρες
974 1080 1136 1163 δικασταί,

109 1184 162 1252 ὄτι
187 1186 387 1263 Κάλλιππος
409 1181 471 1270 μόν
493 1181 536 1270 ἠν
559 1189 694 1270 πολίτης
715 1185 873 1272 ὑμέτερος
894 1183 950 1250 καὶ
972 1185 1034 1251 οὐκ
1055 1183 1136 1250 άδύω

109 1315 216 1370 νατος
247 1291 406 1378 οὐδέτερα
434 1299 590 1376 ποιησαι,
622 1291 699 1358 οὔτε
727 1302 835 1369 κακῶς
866 1291 943 1358 οὔτε
971 1285 1029 1374 εὖ,
1056 1289 1074 1355 ὁ
1098 1285 1136 1354 δὲ

110 1397 330 1484 Κηφισιάδης
356 1394 411 1462 καὶ
438 1394 588 1481 μέτοικος
614 1395 671 1464 καὶ
700 1393 801 1464 οὐδὲν
829 1397 1029 1481 δυνάμενος,
1052 1395 1135 1462 ὥστε

110 1505 157 1588 μή
190 1500 407 1590 προσθέσθαι
438 1501 482 1569 ἂν
512 1502 602 1587 παρὰ
633 1504 671 1569 τὸ
704 1504 835 1569 δίκαιον
866 1511 911 1591 τῷ
942 1501 1135 1588 Κηφισιάδῃ

72 1629 97 1669 κ
111 1614 247 1693 μᾶλλον
270 1611 328 1674 τὸν
350 1605 486 1693 πατέρα,
508 1606 529 1691 ἠ
548 1608 655 1696 τούτῳ
673 1607 714 1673 τὰ
737 1609 849 1674 δίκαια
871 1616 1014 1691 ποιησαι.
1051 1605 1135 1674 ἀλλὰ

110 1715 157 1799 υή
182 1718 272 1799 Δία,
302 1720 382 1791 ίσως
403 1712 446 1778 δυ
468 1719 576 1796 ελποι,
604 1713 790 1798 κερδαίνων
818 1735 851 1780 τι
882 1715 951 1802 ίδίςι
979 1715 999 1782 δ
1027 1715 1134 1800 πατὴρ

112 1818 182 1888 ἀπὸ
213 1828 275 1886 τοῦ
305 1818 485 1904 άργυρίου,
520 1818 636 1908 ἐκείνῳ
669 1823 796 1903 μᾶλλον
829 1823 1044 1904 προσετίθετο
1072 1821 1134 1904 τήν

111 1928 256 2011 γνώμην
278 1925 300 2010 ἠ
323 1926 438 2016 τούτῳ.
479 1920 550 1991 εἶτα
576 1935 710 2011 πρῶτον
738 1920 800 2008 μὲν
821 1927 881 1992 τὸν
903 1927 1134 2011 δυνησόμενον

113 2032 297 2098 διπλάσιον
318 2041 379 2097 τοῦ
402 2033 570 2116 λήμματος
592 2032 695 2096 κακὸν
717 2039 853 2114 ποιῆσαι
875 2031 999 2115 ἠδίκει,
1025 2035 1135 2098 ἔπειτα

115 2136 269 2204 ἐνταῦθα
297 2130 359 2218 μὲν
388 2137 623 2222 αίσχροκερδής
654 2131 716 2220 ἠν,
750 2136 798 2213 είς
827 2131 864 2200 δὲ
892 2137 950 2212 τάς
978 2137 1136 2223 εἰσφοράς

75 2261 100 2303 ιι
114 2241 177 2310 καὶ
199 2243 397 2327 λῃτουργίας
417 2239 474 2306 καὶ
496 2242 636 2327 δωρειὰς
652 2250 692 2326 τή
709 2242 805 2308 πόλει
827 2242 884 2321 οὕς
906 2239 1051 2307 καὶτῶν
1073 2238 1135 2327 μὲν

116 2345 226 2427 ξένων
255 2343 378 2412 οὐδένα
406 2347 532 2431 ἠδίκει,
561 2346 758 2413 Κάλλιππον
789 2345 841 2426 δίς
871 2345 927 2412 καὶ
949 2341 1062 2430 οὗτος,
1090 2348 1136 2426 ὥς

116 2471 241 2540 φησιν,
268 2451 313 2530 ὡς
341 2459 471 2540 χρηστςθ
501 2447 562 2537 μὲν
590 2452 679 2540 αὐτῷ
709 2453 781 2518 ὄντι
807 2449 863 2518 καὶ
891 2447 992 2519 οὐδὲν
1013 2462 1135 2531 ψευσο-

118 2557 210 2650 μένρι
224 2559 325 2645 ὅρκον
344 2556 471 2642 ἐδίδου,
490 2557 534 2635 ὡς
551 2555 628 2644 περὶ
645 2567 795 2644 πονηροῦ
814 2553 852 2622 δὲ
865 2554 921 2623 καὶ
935 2557 1134 2644 ἀπαλείφον-

118 2648 175 2744 τος
193 2664 257 2730 άπὸ
274 2674 342 2730 τῶν
359 2669 648 2750 παρακαταθηκῶν
664 2661 744 2729 νυνὶ
763 2661 961 2746 διαλέγεται;
984 2663 1135 2744 ιαόκεϊνος

119 2766 191 2836 οὔτ’
218 2771 337 2854 ὀμόσαι
358 2768 487 2853 θέλων,
513 2769 558 2846 ὡς
585 2765 682 2846 οὗτός
709 2785 829 2854 φησιν,
856 2766 927 2836 οὔτ’
953 2768 1135 2850 ἀποδιδοὺς

121 2875 183 2943 οὐκ
204 2875 309 2953 εὐθὺς
330 2875 373 2941 ἂν
396 2875 556 2961 ὠφλήκεις
579 2884 625 2964 τῷ
650 2883 752 2941 ταῦτα
772 2876 871 2940 πιστὰ
893 2872 919 2942 ὦ
943 2877 1063 2964 ἄνδρες
1085 2879 1135 2943 δι-

80 2996 107 3038 2⁸
120 2984 251 3060 τασταί;
275 2979 340 3064 ἐγὼ
362 2977 424 3065 μὲν
445 2982 510 3068 γάρ
530 2977 646 3047 οὐδενὶ
669 2976 769 3064 οἶμαι.
805 2978 862 3046 καὶ
885 2981 903 3048 ὁ
922 2979 1136 3068 Ἀρχεβιάδης

121 3089 169 3164 είς
189 3097 288 3154 τοῦτο
310 3090 516 3171 φαυλότητος
544 3086 632 3171 ἠκει,
660 3088 743 3152 ὥστε
770 3095 831 3152 τοῦ
855 3089 1052 3154 Καλλίππου
1077 3090 1134 3174 δη-

122 3196 225 3278 μότου
248 3193 344 3268 ὄντος
366 3191 455 3278 αὐτῷ
479 3189 535 3257 καὶ
554 3189 813 3276 πολιτευομένου
835 3189 891 3258 καὶ
913 3192 975 3257 οὐκ
999 3194 1135 3260 ἰδιώτου

123 3298 218 3375 ὄντος
237 3309 488 3383 καταμαρτυρεῖ,
511 3294 566 3362 καὶ
583 3295 687 3383 φησὶν
704 3296 789 3382 ἠμᾶς
806 3293 867 3382 μὲν
886 3296 996 3382 άληθή
1014 3297 1136 3382 λέγειν,

123 3413 242 3470 τοῦτον
266 3399 304 3469 δὲ
325 3403 529 3487 ψεύδεσθαι,
555 3401 734 3468 καὶταῦτα
757 3404 854 3480 εἰδὼς
877 3403 943 3486 ὄτι,
969 3403 1011 3468 δν
1039 3399 1136 3480 οὗτος

123 3509 283 3594 βούληται
303 3507 550 3595 ἐπισκήψασθαι
572 3508 661 3596 αὐτῷ
681 3518 748 3574 τῶν
767 3509 1062 3593 ψευδομαρτυριῶν
1080 3504 1135 3570 καὶ
