2658 3914
207 229 271 295 163
530 232 563 283 τ.
591 227 894 300 [mmmm]

205 389 336 475 λωμένα
357 391 422 474 ήδη
446 390 605 476 δρῶντες,
626 390 667 455 τά
689 385 727 456 δέ
749 396 806 473 τῆς
827 392 955 467 πόλεως
976 388 1090 474 ἀμελῆ,
1112 390 1152 454 τά
1175 387 1219 456 δέ

204 505 272 560 τῶν
296 495 477 581 συμμάχων
506 496 629 582 ἀπορα,
657 495 698 560 τά
724 491 763 560 δέ
789 505 857 561 τῶν
879 506 1071 582 στρατηγῶν
1093 496 1218 562 ἀπιστα
1309 473 1310 550 ί

205 599 261 666 καὶ
286 596 352 667 ὑπὸ
379 607 513 669 πολλῶν
540 602 650 667 αὐτῶν
677 602 766 690 λόγω
794 598 1046 686 ἐξηπατημένοι,
1073 600 1129 667 καὶ
1154 603 1217 668 τὸν

204 709 328 792 χρόνον
351 704 508 792 ἐξήκοντα
529 716 586 791 τῆς
613 709 823 794 τριηραρχίας
850 704 905 771 καὶ
931 708 990 772 τὸν
1016 711 1125 774 πλοῦν
1153 708 1218 774 οὐκ

205 814 286 878 ὄντα
303 814 426 898 οἴκαδε,
449 807 528 879 οὐδὲ
546 812 706 899 διάδοχον
723 802 846 896 ἥκοντα
865 809 918 878 ἐπὶ
935 813 996 896 τήν
1013 822 1111 897 ναῦν,
1132 810 1213 899 παρ’

205 913 246 984 οὗ
269 918 311 983 ἀν
339 941 389 996 τις
414 916 555 1003 ἠξίωσεν
578 919 801 1004 ὠφεληθῆναι.
838 917 906 1006 όσφ
935 918 999 1004 γάρ
1020 920 1218 1004 φιλοτιμού-

204 1045 303 1108 μενος
321 1025 459 1109 ἀμεινον
477 1023 718 1111 ἐπληρωσάμην
736 1024 798 1109 τήν
815 1033 902 1089 ναῦν
921 1021 1041 1107 ἐρετῶν
1064 1023 1217 1110 ἀγαθῶν,

204 1130 351 1220 τοσούτφ
383 1153 440 1216 μοι
470 1133 606 1215 πλείστη
638 1129 812 1209 ἀπόλειψις
844 1128 974 1212 ἐγένετο
1005 1140 1072 1196 τῶν
1104 1132 1217 1197 ἀλλων
1309 1127 1310 1174 ³

166 1255 191 1295 ιο
204 1237 420 1324 τριηράρχων.
456 1249 525 1314 τοῖς
552 1231 613 1321 μέν
640 1236 703 1322 γάρ
727 1235 855 1318 ἀλλοις,
884 1236 916 1300 εί
936 1237 981 1320 μή
1004 1257 1036 1300 τι
1058 1237 1159 1322 ἀλλο,
1181 1239 1220 1303 οἵ
1309 1307 1310 1310 ,

204 1336 237 1424 γ’
264 1342 301 1408 ἐκ
331 1344 516 1426 καταλόγου
548 1338 704 1419 ἐλθόντες
735 1339 789 1406 ἐπὶ
819 1340 880 1425 τήν
911 1350 998 1407 ναῦν
1028 1339 1216 1428 παρέμενον

203 1458 381 1535 τηροῦντες
402 1449 464 1532 τήν
487 1449 600 1514 οίκαδε
624 1450 807 1533 σωτηρίαν,
830 1447 928 1513 ὁπότε
950 1445 1072 1524 αύτούς
1094 1447 1216 1534 ἀφήσει

204 1553 223 1619 ὁ
242 1556 435 1640 στρατηγός·
459 1554 494 1619 οί
509 1551 541 1618 δ’
563 1550 637 1638 ἐμοὶ
659 1562 776 1620 ναῦται
794 1553 1003 1631 πιστεύοντες
1026 1553 1139 1631 αὑτοῖς
1161 1552 1216 1620 ἐπὶ

204 1665 249 1744 τῷ
270 1659 437 1724 δύνασθαι
462 1657 627 1743 ἐλαύνειν,
649 1657 733 1724 ὅπου
759 1660 904 1743 ἤμελλον
930 1657 1092 1746 ἀργύριον
1113 1660 1215 1726 πάλιν

204 1767 358 1828 πλείστου
376 1766 553 1849 λήψεσθαι,
576 1760 711 1830 ἐνταῦθ’
734 1762 877 1850 ἀπῇσαν,
898 1763 1079 1850 ἡγούμενοι
1096 1765 1159 1850 τήν
1177 1765 1213 1832 έν

204 1875 249 1955 τῷ
276 1871 415 1955 παρόντι
444 1868 603 1955 εὐπορίαν
633 1872 768 1955 κρείττω
798 1863 884 1935 είναι
911 1869 1025 1947 αύτοϊς
1050 1879 1111 1936 τοῦ
1138 1869 1213 1955 μέλ·
1309 1893 1310 1900 “

166 1993 191 2034 ιι
205 1978 322 2052 λοντος
347 1976 473 2061 φόβον,
500 1980 535 2040 εί
557 1995 636 2041 ποτε
663 1978 872 2061 ληφθείησαν
894 1972 950 2040 ὑπ’
978 1973 1069 2060 ἐμοῦ.
1105 1977 1212 2043 τοιού-

104 2073 106 2078 ’
204 2101 272 2148 των
300 2084 415 2147 τοίνυν
444 2104 501 2166 μοι
529 2091 596 2147 τῶν
624 2081 824 2168 πραγμάτων
854 2084 1130 2166 συμβεβηκότων,
1158 2079 1213 2147 καὶ
1309 2111 1310 2152 1

204 2195 264 2254 τοῦ
297 2197 480 2274 στρατηγοῦ
518 2188 585 2272 ἅμα
621 2187 810 2272 Τιμομάχου
846 2185 1089 2274 προστάξαντος
1118 2193 1211 2254 πλεῦν

204 2291 256 2379 ἐφ’
278 2291 383 2381 Ἱερὸν
406 2291 460 2359 ἐπὶ
482 2294 542 2378 τήν
560 2293 784 2380 παραπομπήν
801 2301 861 2358 τοῦ
884 2296 990 2377 σίτου,
1011 2291 1067 2358 καὶ
1089 2295 1211 2378 μισθὸν
1309 2327 1310 2388 3

205 2399 245 2465 ού
277 2402 446 2484 διδόντος,
476 2396 759 2484 εἰσαγγελθέντων
789 2394 851 2480 [δέ]
883 2397 934 2463 ὅτι
956 2398 1132 2478 Βυζάντιοι
1157 2397 1212 2465 καὶ
1309 2397 1310 2458 3

204 2506 428 2591 Καλχηδόνιοι
441 2505 542 2571 πάλιν
558 2505 738 2588 κατάγουσι
751 2505 791 2569 τά
804 2509 903 2570 πλοῖα
921 2502 975 2571 καὶ
993 2503 1212 2589 ἀναγκάζουσι

204 2612 263 2677 τὸν
277 2620 369 2676 σῖτον
383 2608 597 2696 ἐξαιρεῖσθαι,
616 2609 852 2694 δανεισάμενος
869 2608 934 2693 ἐγὼ
953 2610 1115 2697 ἀργύριον
1132 2607 1207 2698 παρ’

201 2711 403 2800 Ἀρχεδήμου
430 2711 492 2798 μέν
518 2724 578 2782 τοῦ
602 2711 843 2802 Ἀναφλυστίου
869 2717 1102 2782 πεντεκαίδεκα
1129 2723 1211 2802 μνᾶς
1220 2735 1283 2786 1212
1309 2725 1310 2736 ’

204 2819 374 2905 ἐπίτοκον,
400 2819 592 2897 ὀκτακοσίας
620 2817 657 2886 δέ
679 2821 827 2907 δραχμάς
848 2821 937 2907 παρά
958 2824 1130 2888 Νικίππου
1152 2833 1211 2889 τοῦ

203 2929 392 3012 ναυκλήρου
414 2927 572 2991 ναυτικὸν
595 2924 791 3011 ἀνειλόμην,
819 2924 856 3003 ὃς
878 2928 993 3013 ἔτυχεν
1015 2927 1063 2994 ὢν
1085 2927 1122 2994 ἐν
1143 2933 1211 3012 Ση-
1309 2911 1310 2952 ³

205 3040 283 3122 στηῦ,
305 3030 479 3116 ἐπόγδοον,
500 3029 667 3108 σωθέντος
685 3027 723 3096 δέ
740 3041 800 3098 τοῦ
818 3035 937 3099 πλοίου
957 3030 1115 3118 Ἀθήναζε
1134 3033 1211 3101 ἀπο-

165 3155 191 3196 18
204 3139 324 3204 δοῦναι
346 3136 426 3204 αὐτὸ
449 3132 503 3202 καὶ
525 3139 605 3214 τοὺς
626 3137 770 3222 τόκους,
787 3136 844 3203 καὶ
865 3136 994 3224 πέμψας
1015 3139 1212 3226 Βλλκτήμονα
1309 3181 1310 3184 =

203 3245 262 3310 τὸν
284 3245 569 3330 πεντηκόνταρχον
596 3245 644 3322 είς
665 3243 867 3329 Λάμψακον,
896 3245 977 3322 δοὺς
999 3245 1088 3334 αύτῷ
1112 3244 1212 3333 ἀργύ-

204 3372 279 3435 ριον
301 3347 356 3416 καὶ
378 3349 550 3435 γράμματα
576 3351 658 3435 πρὸς
687 3351 765 3426 τοὺς
791 3347 906 3428 ξένους
928 3360 988 3418 τοῦ
1009 3354 1131 3437 πατρὸς
1152 3361 1212 3418 τοῦ

204 3453 297 3539 ἐμοῦ,
320 3452 475 3520 ἐκέλευσά
497 3477 553 3537 μοι
576 3453 678 3519 αὐτὸν
700 3454 823 3531 ναύτας
845 3457 1082 3538 μισθώσασθαι
1104 3456 1150 3534 ῶς
1170 3457 1211 3522 άν

205 3561 343 3645 δύνηται
366 3559 531 3646 ἀρίστους·
559 3557 659 3634 αὐτὸς
681 3556 711 3623 δ
739 3558 919 3642 ὑπομείνας
940 3559 978 3627 ἐν
1000 3565 1120 3649 Σηστῷ
1144 3573 1212 3640 τοϊς
1309 3639 1310 3648 3
