2658 3914
328 158 423 208 RATA
442 157 570 212 ενεεν.
587 159 651 210 κει
668 159 818 212 Mum.
836 157 948 211 ΨενΔ.
1087 154 1151 218 119

139 338 181 400 με
203 320 404 382 καταλιπεῖν.
441 316 651 400 ἀριστώντων
675 315 713 384 δὲ
737 317 774 384 ἐν
796 326 835 402 τῇ
859 317 955 403 αὐλῇ,
978 317 1023 394 ὡς
1046 315 1152 382 ἐπεισ-

139 423 291 506 πηδῶσιν
316 417 409 489 οὗτοι
432 421 488 488 καὶ
514 424 825 508 καταλαμβάνουσιν
848 423 950 500 αύτδς
971 419 1026 487 καί
1049 422 1153 505 ἥρπα-

142 531 198 607 ζον
220 529 260 594 τὰ
283 529 396 613 σκεύη,
418 529 456 594 αί
475 525 536 614 μὲν
555 530 651 595 ἄλλαι
669 529 870 612 θεράπαιναι
894 527 945 615 (ἐν
967 535 1013 616 τῷ
1036 528 1153 616 πύργφ

143 633 208 717 γὰρ
236 628 343 718 ἦσαν,
378 629 483 719 οὗπερ
514 633 718 721 διαιτῶνται)
746 635 791 712 ὡς
821 636 970 718 ἥκουσαν
998 641 1154 720 κραυγῆς,

100 763 128 806 ετ
141 743 289 804 κλείουσι
311 741 370 806 τὸν
392 741 538 824 πύργον,
567 739 622 806 καὶ
646 740 794 806 ἐνταῦθα
816 736 877 825 μέν
900 740 961 807 ούκ
983 742 1154 824 εἰσῆλθον,

141 845 182 910 τά
201 843 230 910 δ’
249 843 285 910 ἐκ
302 853 360 929 τῆς
377 847 478 930 άλλης
496 848 602 923 οίκίας
620 845 776 932 ἐξέφερον
796 846 908 931 σκεύη,
930 845 1154 932 ἀπαγορευού·

142 970 203 1034 σης
228 959 287 1034 τῆς
313 953 471 1034 γυναικὸς
497 952 542 1036 μὴ
570 952 733 1017 ἅπτεσθαι
756 950 869 1028 αὐτοις
876 999 886 1035 ,
912 948 968 1016 καὶ
995 953 1155 1036 λεγούσης

142 1057 194 1122 ὅτι
225 1057 326 1142 αὐτῆς
356 1063 408 1142 είη
440 1056 477 1122 ἐν
506 1065 545 1142 τῇ
572 1055 684 1143 προικὶ
713 1056 910 1142 τετιμημένα
936 1054 991 1122 καί
1021 1055 1072 1124 ότι
1099 1056 1154 1122 “τδ

142 1165 291 1246 πρόβατα
313 1163 401 1248 ἔχετε
419 1165 623 1247 πεντήκοντα
645 1160 782 1229 καὶτὸν
800 1165 902 1228 παῖδα
924 1160 979 1228 καί
1002 1164 1061 1228 τὸν
1083 1184 1153 1228 ποι·

142 1267 237 1354 μένα,
259 1272 414 1346 πλείονος
430 1267 505 1348 ἀξια
523 1268 545 1354 ἢ
562 1269 857 1334 κατεδικάσασθε·’
894 1267 1069 1354 ἀνήγγειλε
1092 1268 1154 1351 γάρ

141 1398 191 1452 τις
209 1374 324 1452 αύταίς
341 1385 409 1440 τῶν
426 1378 588 1459 γειτόνων
606 1378 711 1454 κόψας
728 1376 790 1459 τὴν
807 1375 929 1461 θύραν.
966 1377 1014 1440 έτι
1032 1369 1070 1440 δέ
1092 1376 1154 1459 ἐφη

141 1483 180 1547 τὸ
210 1480 373 1568 ἀργύριον
404 1481 518 1558 αὐτοῖς
547 1485 700 1566 κείμενον
730 1477 817 1547 εἶναι
847 1478 900 1546 ἐπὶ
929 1489 969 1566 τῇ
1000 1477 1154 1566 τραπέζῃ·

142 1587 277 1670 ἠκηκόει
299 1587 362 1674 γὰρ
382 1585 477 1671 ἐμοῦ·
500 1585 579 1654 *κάν
597 1586 833 1672 περιμείνητε’,
856 1589 931 1672 ἔφη,
954 1585 992 1670 (ἢ
1013 1583 1154 1672 μετέλθῃ

143 1715 194 1768 τις
216 1691 309 1776 ὑμῶν
332 1691 453 1776 αὐτόν,
483 1694 613 1778 ἔχοντες
640 1693 734 1757 ἄπιτε
760 1694 798 1758 τὸ
828 1691 990 1776 ἀργύριον
1012 1691 1092 1774 ἤδη·
1114 1691 1154 1755 τδι

144 1795 182 1862 δὲ
205 1798 304 1882 σκεύη
328 1796 411 1882 ἐᾶτε,
436 1795 492 1863 καὶ
514 1795 618 1883 μηδὲν
640 1810 707 1864 τῶν
731 1796 819 1882 ἐμῶν
842 1795 969 1884 φέρετε,
991 1798 1098 1873 ἄλλως
1119 1819 1153 1862 τε

102 1929 129 1972 τε
143 1901 198 1968 καί
221 1896 351 1988 ἔχοντες
377 1901 462 1982 ἀξια
478 1913 536 1988 τῆς
563 1903 765 1988 καταδίκης.’
810 1913 913 1969 ταῦτα
937 1898 974 1968 δέ
997 1903 1155 1986 λεγούσης

142 2019 201 2094 τῆς
223 2010 380 2092 γυναικὸς
403 2009 464 2094 οὐχ
487 2009 574 2086 ὅπως
598 2008 753 2095 ἐπέσχον,
780 2003 864 2073 ἀλλὰ
885 2005 941 2073 καὶ
962 2017 1020 2090 τῆς
1041 2014 1156 2091 τιτθῆς

141 2119 181 2180 τὸ
204 2117 347 2199 κυμβίον
366 2114 533 2197 λαβούσης
549 2119 793 2198 παρακείμενον
816 2113 910 2199 αὐτῇ,
933 2112 966 2192 ἐξ
989 2108 1031 2179 οὗ
1054 2115 1156 2196 ἔπινε,

143 2217 200 2284 καὶ
223 2216 403 2302 ἐνθεμένης
424 2220 471 2294 είς
493 2221 552 2284 τόν
575 2221 716 2303 κόλπον,
744 2220 800 2285 ἵνα
827 2220 870 2303 μὴ
894 2214 988 2284 οὗτοι
1010 2218 1156 2302 λάβοιεν,

146 2325 259 2408 ἐπειδὴ
291 2320 381 2392 εἶδεν
413 2325 512 2389 ἔνδον
544 2325 642 2400 ὄντας
669 2324 806 2408 αὐτούς,
832 2323 1021 2400 κατιδόντες
1052 2323 1156 2407 αὐτὴν

144 2431 232 2499 ούτεο
251 2428 408 2496 διέθεσαν
427 2425 667 2516 ἀφαιρούμενοι
689 2431 726 2496 τὸ
744 2429 887 2515 κυμβίον
907 2432 1080 2514 Θεόφημος
1101 2429 1232 2502 nalum

104 2567 130 2607 ιο
144 2539 294 2624 Εὔεργος
320 2531 464 2622 ἀδελφὸς
491 2536 594 2602 αὐτοῦ
618 2535 736 2602 οὑτοσί
740 2585 750 2620 ,
774 2535 856 2601 ὥστε
877 2535 1026 2622 ύφαιμοι·
1040 2532 1101 2621 μὲν
1124 2537 1160 2602 οί

144 2647 320 2730 βραχίονες
346 2639 402 2707 καί
429 2641 465 2708 οί
489 2638 609 2727 καρποὶ
637 2652 704 2706 τῶν
731 2652 851 2728 χειρῶν
879 2641 981 2726 αὐτῆς
1003 2640 1155 2725 ἐγένοντο

36 2770 41 2789 ¹
144 2746 434 2836 ἀποστρεφομένης
462 2748 509 2814 τὼ
537 2759 625 2835 χεῖρε
655 2745 710 2813 καί
738 2745 915 2833 ἑλκομένης
941 2749 1156 2814 ὑπὸτούτου

145 2847 401 2940 ἀφαιρουμένων
423 2857 461 2921 τὸ
484 2858 643 2940 κυμβίον,
671 2854 798 2941 ἀμυχάς
822 2851 852 2920 δ’
878 2853 915 2920 ἐν
937 2861 982 2942 τῷ
1005 2857 1155 2944 τραχήλῳ

143 2957 233 3047 εἶχεν
263 2959 447 3046 ἀγχομένη,
478 2959 594 3027 πελιὸν
622 2955 660 3026 δέ
687 2963 724 3027 τὸ
753 2967 883 3044 στηδος.
925 2962 972 3038 είς
998 2971 1095 3027 τοῦτο
1120 2958 1152 3025 δ’

143 3062 254 3151 ἦλθον
276 3071 455 3154 πονηρίας,
482 3067 582 3151 ὥστε,
611 3065 674 3144 ἕως
696 3065 872 3152 ἀφείλοντο
894 3067 932 3132 τὸ
955 3069 1097 3150 κυμβίον
1121 3065 1156 3132 ἐκ

144 3182 206 3239 τοῦ
236 3174 362 3240 κόλπου
389 3172 506 3256 αὐτῆς,
533 3171 595 3238 οὐκ
624 3170 810 3238 ἐπαύσαντο
840 3173 997 3258 ἀγχοντες
1023 3169 1078 3236 καί
1101 3172 1156 3237 τύ-

105 3300 281 3354 ιοπτοντες
302 3279 363 3362 τὴν
386 3273 503 3363 γραύν.
548 3275 725 3354 ἀκούοντες
748 3273 785 3343 δέ
808 3277 845 3343 ολ
863 3276 1068 3361 θεράποντες
1089 3287 1156 3342 τῶν

144 3388 306 3468 γειτόνων
322 3393 381 3468 τῆς
398 3392 543 3469 κραυγῆς
560 3381 615 3448 καὶ
634 3383 776 3468 ὁρῶντες
797 3383 857 3466 την
878 3385 987 3449 οίιιίαν
1009 3387 1156 3465 πορθου-

143 3489 249 3574 μένην
272 3491 333 3575 τηυ
361 3488 459 3574 ἐμήν,
486 3489 522 3554 οί
541 3484 602 3573 μέν
630 3487 694 3554 ἀπὸ
724 3489 790 3553 τῶν
813 3498 917 3570 τεγῶν
940 3497 1007 3551 τῶν
1031 3483 1156 3550 ἑαυτῶν
