2656 3926
397 216 586 272 ΠΡΟΟΙΜῙΔ.
613 219 874 276 XXXIII—XXXV.
1066 218 1133 284 383

121 375 222 460 τούς,
251 385 382 462 πρῶτον
411 371 473 459 μὲν
501 375 610 442 ἕλεσθ’
637 377 657 444 ό
683 401 716 443 τι
742 377 798 444 καὶ
826 382 996 465 ποιήσετε,
1023 378 1129 447 ἔπειθ’

121 478 382 566 ὑπολαμβάνετ’,
399 483 442 548 ἄν
459 505 509 560 τις
526 482 718 549 ἐναντιῶται
735 495 805 562 τοῖς
827 485 911 565 ἅπαξ
934 485 1020 553 οὕτω
1044 488 1133 552 δοκι·

92 592 301 671 εμασδεῖσι,
330 589 478 674 πονηρὸν
506 586 562 654 καὶ
591 591 756 656 κακόνουν
783 589 871 675 ὑμῖν.
915 594 952 658 τὸ
980 588 1042 677 μὲν
1068 591 1132 677 γδρ

124 695 230 777 λόγου
247 693 292 778 μη
309 696 451 779 τυχόντα
468 701 646 760 πεπεῖσθαι
663 693 794 779 βέλτιον
812 708 878 762 τῶν
896 696 975 781 ὑμῖν
994 697 1133 763 δοκοάν-

123 821 193 865 των
221 798 323 866 αὐτὸν
348 798 597 884 ἐντεθυμῆσθαι
624 803 815 886 συγγνώμη·
842 803 879 868 τδ
909 799 939 868 δ’
971 801 1133 869 ἀκουσάν-

123 927 192 971 των
214 904 309 990 ὑμῶν
331 902 387 971 καὶ
410 905 654 992 διακρινάντων
675 904 719 972 ἔτ’
746 906 990 994 ἀναισχυντεῖν,
1009 904 1065 974 καί
1086 908 1131 992 μὴ
1142 925 1211 976 1444

124 1021 311 1098 συγχωρεῖν
340 1010 479 1077 ἐνδόντα
507 1019 548 1096 τη
575 1022 643 1077 τῶν
675 1015 840 1080 πλειόνων
867 1013 1000 1099 γνώμη,
1028 1013 1132 1096 ἄλλην

123 1111 187 1180 τιν’
213 1115 362 1196 ὑποψίαν
384 1115 460 1203 οὐχὶ
478 1117 610 1183 δικαίαν
636 1116 680 1183 δν
705 1119 794 1204 ἔχειν
815 1120 944 1202 φανείη.
984 1117 1049 1201 ἐγὼ
1070 1114 1131 1203 μὲν

124 1221 168 1305 δὴ
191 1229 320 1287 σιωπᾶν
342 1221 385 1288 δν
408 1221 502 1310 η’)’μην
524 1224 597 1288 δεῖν
619 1221 657 1289 ἐν
679 1231 725 1310 τῷ
748 1226 899 1310 παρόντι,
921 1225 953 1288 εί
973 1221 1132 1307 μένοντας

123 1325 210 1410 ὑμᾶς
228 1325 345 1413 ἐώρων
361 1325 413 1413 ἐφ’
435 1321 482 1394 ὧν
501 1327 630 1406 ἔδοξεν·
648 1327 715 1413 είμὶ
732 1329 796 1414 γὰρ
813 1340 880 1394 τῶν
898 1327 1005 1394 ἐκεῖνα
1022 1348 1131 1394 πεπει-

125 1430 258 1515 σμένων
267 1431 449 1521 συμφέρειν
461 1433 555 1518 ὑμῖν·
570 1433 683 1518 ἐπειδὴ
698 1431 729 1500 δ’
741 1433 807 1500 ὑπὸ
825 1445 892 1499 τῶν
904 1432 992 1519 παρά
1004 1434 1131 1500 τούτων

125 1539 237 1620 λόγων
254 1541 523 1624 μεταβεβλῆσθαί
536 1541 597 1624 μοί
609 1560 698 1618 τινες
715 1539 884 1623 δοκοῦσιν,
902 1538 947 1616 ὡς
964 1534 1035 1604 οὔτ’
1052 1538 1131 1623 άλη-

124 1648 173 1727 θη
194 1639 349 1726 λέγουσιν
367 1640 446 1710 οὔδ’
465 1643 547 1728 ὑμῖν
565 1642 787 1732 συμφέροντα,
809 1649 888 1722 ίσως
909 1641 969 1729 μὲν
991 1646 1131 1729 εἰδότας,

126 1747 169 1814 οὐ
191 1749 258 1834 μην
280 1746 353 1816 ἀλλ’
379 1751 411 1817 εί
431 1748 487 1817 καὶ
508 1748 680 1837 τυγχάνετ’
706 1749 915 1836 ἀγνοοῦντες,
937 1747 1069 1830 διδάξω.
1105 1773 1107 1778 ·

594 1948 665 2011 ΛΕ.

183 2063 276 2131 Ἔδει
297 2061 360 2150 μδν
380 2060 408 2132 ὦ
431 2066 551 2154 ἄνδρες
564 2064 739 2154 Ἀθηναῖοι
755 2067 811 2136 καὶ
829 2071 958 2137 δίκαιον
980 2064 1035 2154 ἦν,
1056 2070 1129 2134 τότε

126 2174 258 2236 πείθειν
279 2169 364 2256 ὑμᾶς
386 2169 405 2236 ὅ
427 2193 460 2237 τι
486 2174 622 2258 άριστον
649 2171 784 2252 ἕκαστος
807 2173 934 2261 ἡγεῖτο,
962 2171 1008 2241 ὅτ’
1036 2172 1131 2257 ἐβου-

127 2277 266 2342 λεύεσδε
288 2278 326 2343 τὸ
347 2287 479 2363 πρῶτον
505 2277 580 2363 περὶ
606 2279 750 2364 τούτων,
775 2280 832 2345 ἰ’να
858 2281 902 2366 μη
924 2278 1132 2364 συνέβαινεν,

127 2380 209 2466 δίδη
228 2381 289 2448 δύο
306 2381 441 2446 πάντων
464 2380 555 2448 ἐστίν
576 2381 847 2450 άλυσιτελέστατα
868 2393 907 2470 τη
924 2388 1031 2468 πόλει,
1051 2385 1131 2469 μήτε

126 2485 228 2576 πέρας
249 2483 356 2572 μηδὲν
376 2482 466 2573 εἶχεν
487 2498 555 2554 τῶν
576 2487 659 2572 ὑμῖν
681 2486 865 2573 δοξάντων,
886 2490 1070 2574 παράνοιαν
1091 2483 1128 2553 δ’

125 2593 219 2679 ὑμεῖς
242 2589 519 2678 κατεγιγνώσκεθ’
547 2593 643 2678 ὑμῶν
672 2592 782 2659 αὐτῶν
806 2597 1132 2679 μεταβουλευόμενοι.

126 2699 240 2785 ἐπειδη
262 2696 301 2766 δδ
323 2701 547 2783 σιωπησαντες
564 2702 637 2765 τότε
654 2707 719 2764 νῦν
742 2698 916 2785 ἐπιτιμῶσί
933 2723 1031 2784 τινες,
1052 2699 1132 2785 βοά·

101 2811 225 2890 ελομαι
251 2806 351 2893 μικρά
377 2807 461 2891 πρὸς
486 2804 608 2882 αὐτοὺς
633 2805 748 2870 εἰπεῖν.
792 2803 857 2890 ἐγὼ
883 2805 947 2892 γὰρ
972 2806 1133 2890 θαυμάζω

127 2913 186 2977 τὸν
204 2914 327 2996 τρόπον
343 2919 401 2996 τῆς
417 2914 584 2988 πολιτείας
600 2918 657 2995 της
674 2911 813 2995 τούτων,
836 2915 962 2994 μᾶλλον
980 2907 1011 2976 δ’
1032 2910 1133 2994 ἡγοῦ·

128 3039 186 3102 μαι
207 3022 346 3101 φαῦλον.
381 3017 414 3083 εί
434 3017 497 3104 γάρ
521 3016 596 3094 ἐξὸν
613 3026 788 3102 παραινεῖν
806 3017 887 3083 ὅταν
905 3025 1057 3102 σκοπῆτε,
1079 3019 1133 3100 βε-

127 3119 359 3207 βουλευμένων
376 3133 571 3208 κατηγορεῖν
585 3122 768 3209 αἱροῦνται,
787 3132 1005 3209 συκοφαντῶν
1023 3124 1133 3208 ἔργον,

129 3229 200 3314 οὐχ,
222 3227 267 3304 ὡς
289 3223 406 3311 φασίν,
428 3227 538 3293 εὔνων
560 3236 715 3295 ποιοῦσιν
738 3227 936 3314 ἀνθρώπων.
971 3225 1076 3312 ἡδέως
1098 3224 1127 3291 δ’

128 3333 169 3400 άν
196 3333 333 3421 ἐροίμην
360 3331 481 3408 αὐτούς
513 3330 582 3419 (καὶ
608 3334 768 3417 μηδεμιᾶς
794 3335 962 3416 λοιδορίας
983 3329 1002 3397 δ
1025 3328 1133 3416 μέλλω

129 3439 236 3524 λέγειν
258 3438 342 3526 άρχη
365 3434 530 3522 γενέσδω)
556 3441 592 3502 τί
615 3437 658 3521 δὴ
680 3433 770 3502 τᾶλλ’
796 3436 1007 3513 ἐπαινοῦντες
1029 3440 1133 3501 Λακε-

129 3547 340 3631 δαιμονίους,
368 3540 388 3609 δ
417 3538 545 3627 μάλιστ’
573 3540 667 3620 άξιόν
696 3541 766 3608 ἐστι
793 3551 860 3607 τῶν
888 3539 966 3626 παρ’
997 3539 1134 3614 ἐκείνοις
