2658 3914
494 198 591 250 RATA
608 198 807 250 ΣΤΕΦΑΝΟΤ
825 200 855 250 Β.
1139 197 1182 261 99

215 357 269 440 μὲν
288 358 443 443 ἐπίκληρός
460 383 505 435 τις
522 348 553 448 ᾖ,
575 360 627 424 τὸν
645 361 749 444 κύριον
773 359 857 442 ἐχειν,
880 359 932 424 ἐδν
951 359 983 423 δέ
1006 360 1047 441 μή
1070 349 1102 449 ᾖ,
1124 361 1181 450 ὅτῳ

213 455 253 519 δν
274 455 432 544 ἐπιτρέψη,
454 467 560 520 τοῦτον
581 458 685 541 κύριον
707 452 792 520 εἶναι.

128 603 155 644 ω
237 572 345 654 Οὗτος
362 573 424 662 μὲν
441 582 558 644 τοίνυν
577 578 595 644 δ
613 580 717 662 νόμος
741 576 799 655 οὓς
822 577 955 662 ἐποίησε
978 581 1115 663 κυρίους
1137 573 1183 643 ελ-

168 707 240 768 ναι,
263 681 441 767 ἀκηκόατε·
465 684 516 750 ὅτι
544 680 575 750 δ’
602 681 713 761 οὐδεὶς
735 677 778 767 ήν
800 685 928 749 τούτων
950 691 989 769 τῇ
1013 687 1127 771 μητρί,
1149 683 1186 749 οἱ

168 788 336 857 ἀντίδικοί
350 813 408 874 μοι
426 787 521 856 αὐτοὶ
539 791 837 876 μεμαρτυρήκασιν.
874 791 905 854 εί
916 790 980 874 γὰρ
997 784 1053 874 ἦν,
1069 793 1182 875 παρεί-

168 893 258 982 χοντ’
285 895 337 961 ἄν.
377 895 589 981 ήμοίρτυρας
619 891 680 978 μέν
709 896 844 973 ψευδεῖς
873 891 980 961 οἴεσθ’
1008 895 1050 962 δν
1078 916 1182 981 παρα-

169 1000 309 1088 σχέσδαι
330 1001 386 1068 καλ
409 1003 573 1086 διαθήκας
595 1002 657 1067 οὐκ
680 1001 801 1084 οὔσας,
824 999 971 1084 ἀδελφὸν
994 997 1032 1066 δέ
1054 1000 1076 1086 ἢ
1097 995 1182 1066 ποίπ-

168 1129 233 1174 ττον
255 1108 277 1193 ή
299 1106 424 1194 πατέρα
442 1109 503 1175 οὐκ
521 1109 576 1191 ἄν,
598 1113 688 1193 είττερ
707 1101 750 1190 ἧν
773 1108 919 1174 δυνατὸν
943 1105 1037 1172 ἕνεκα
1059 1107 1182 1194 χρημά-

93 1277 95 1280 .
169 1238 252 1292 των;
275 1216 373 1282 ὁπότε
396 1218 512 1281 τοίνυν
535 1211 650 1297 μηδεὶς
671 1216 825 1298 φαίνεται
849 1215 912 1291 ζῶν
934 1213 1081 1298 τούτων,
1109 1215 1182 1278 τότε

169 1321 295 1406 ἀνάγκη
317 1319 495 1405 ἐπίκληρον
512 1320 574 1403 τήν
593 1316 715 1404 μητέρα
738 1317 832 1402 ήμῶν
856 1314 951 1384 εἶναι.
988 1327 1046 1402 τής
1067 1322 1183 1386 τοίνυν

170 1427 350 1512 ἐπικλήρου
370 1436 519 1493 σκοπεῖτε
537 1427 630 1501 τίνας
652 1425 847 1491 κελεύουσιν
872 1425 908 1490 οί
927 1427 1026 1510 νόμοι
1048 1428 1183 1511 κυρίους
1193 1456 1261 1507 1135

129 1556 156 1596 ιο
170 1527 266 1600 εἶναι.
305 1529 379 1615 λέμε
402 1533 460 1598 τὸν
483 1534 598 1616 νόμον.

604 1725 741 1778 ΝΟΜΟΣ.

281 1851 343 1916 Καὶ
369 1852 421 1915 ἐδιν
447 1850 477 1927 ἐξ
505 1850 663 1935 ἐπικλήρου
690 1873 734 1926 τις
759 1850 895 1948 γένηται,
925 1851 976 1914 καλ
996 1852 1058 1932 ἅμα
1083 1848 1183 1938 ήβήση

215 1947 264 2012 ἐπὶ
287 1950 392 2029 δίετες,
421 1954 538 2032 κρατεῖν
560 1957 620 2012 τῶν
641 1949 811 2031 χρημάτων,
838 1950 890 2013 τὸν
913 1947 945 2013 δὲ
967 1955 1049 2012 σῖτον
1071 1955 1184 2034 μετρεῖν

212 2059 250 2134 τί
274 2047 369 2129 νυοί

241 2167 375 2232 Οὐκοῦν
398 2167 417 2232 ὁ
440 2162 501 2250 μὲν
523 2168 627 2250 νόμος
649 2167 776 2232 κελεύει
799 2169 877 2242 τοὺς
899 2167 1019 2242 παῖδας
1039 2165 1184 2250 ἡβήσαν-

171 2295 229 2348 τας
245 2274 383 2356 κυρίους
399 2279 457 2354 τῆς
475 2272 597 2356 μητρὸς
618 2267 716 2355 εἶναι,
739 2273 797 2337 τὸν
817 2267 854 2336 δέ
877 2283 970 2337 σῖτον
993 2283 1122 2356 μετρεῖν
1144 2281 1183 2358 τή

172 2378 281 2461 μητρί.
318 2374 382 2460 ἐγὼ
410 2372 448 2442 δὲ
476 2379 639 2460 φαίνομαι
666 2379 924 2461 στρατευόμενος
950 2373 1005 2441 καὶ
1030 2398 1184 2464 τριηραρ-

130 2513 156 2554 21
172 2493 241 2570 χῶν
268 2480 366 2567 ὑμῖν,
394 2481 449 2549 ὅτε
477 2477 575 2558 οὗτος
602 2476 774 2570 συνῴκησε
799 2491 839 2567 τῇ
862 2485 967 2568 μητρί.
1013 2480 1096 2548 ἀλλὰ
1118 2484 1185 2568 μήν

172 2590 224 2656 ὅτι
247 2588 311 2674 ἐηδι
335 2584 396 2673 μὲν
418 2588 613 2672 ἀπεδήμουν
643 2598 866 2674 τριηραρχῶν,
894 2586 1128 2673 ἐτετελευτήκει
1150 2587 1181 2654 δ’

173 2695 321 2781 δπατήρ
348 2694 466 2778 πάλαι,
495 2693 549 2760 ὅτε
578 2689 676 2770 οὗτος
698 2696 814 2779 ἐμημε,
838 2695 898 2771 τὰς
924 2690 961 2760 δέ
982 2699 1186 2780 θεραπαίνας

172 2801 275 2868 αὐτὸν
298 2797 438 2888 ἐξῄτουν
461 2798 518 2866 καὶ
539 2798 656 2884 ήξίουν
685 2798 761 2886 περὶ
784 2800 886 2867 αὐτοῦ
907 2801 1027 2867 τούτου
1050 2804 1186 2886 βασανί-

174 2910 288 2987 ζεσθαι
306 2905 419 2990 αὐτάς,
441 2909 473 2972 εί
494 2902 584 2972 ταῦτ’
608 2905 717 2990 ἀληθῆ
742 2905 821 2991 ἐστι,
843 2904 897 2972 καὶ
919 2907 963 2984 ὡς
985 2908 1186 2994 προεκαλού-

172 3039 256 3100 μην,
279 3011 361 3098 λαβέ
381 3037 438 3099 μοι
460 3014 522 3098 τήν
545 3015 689 3099 μαρτυρί
730 3061 738 3078 .

586 3206 776 3261 ΜΑΡΓΤΡΙΑ.

286 3339 484 3418 Μαρτυροῦσι
510 3339 662 3417 παρεῖναι,Ι
687 3333 733 3396 διε
756 3333 945 3414 προύκαλεῖτο
965 3326 1183 3416 Ἀπολλόδωρος

222 3431 392 3514 Φορμίωνα,
415 3430 461 3492 ὅτε
479 3427 565 3509 ἠξίου
582 3431 769 3513 παραδοῦναι
784 3424 1002 3512 Ἀπολλόδωρος
1022 3431 1183 3510 Φορμίωνα

219 3525 271 3600 τδς
297 3528 480 3611 θεραπαίνας
509 3526 551 3600 εἰς
578 3526 726 3607 βάσανον,
755 3526 783 3588 εί
809 3525 849 3605 μή
872 3541 948 3604 φησι
971 3525 1112 3605 Φορμίων
1133 3522 1182 3582 καλ

988 3623 1023 3680 7*
