2658 3922
214 187 277 251 186
542 190 588 242 LI.
613 187 893 240 ΔΗΜΟΣΘΕΝΟΤΣ

212 348 315 432 αὐτὴν
337 349 506 433 πρόφασιν
529 351 607 424 τοὺς
628 343 689 431 μὲν
707 344 857 414 θανάτου
880 345 1062 432 κρίναντες,
1083 349 1162 424 τοὺς
1185 343 1224 412 δὲ

173 469 199 510 1⁰
211 454 481 538 στεφανώσαντες
506 463 649 540 φανεῖτε.
689 452 745 519 καὶ
772 454 838 539 μήν
867 453 908 519 οὑ
935 455 1041 537 μόνον
1068 454 1099 518 εί
1124 464 1223 520 τοῦτο

211 561 392 643 ποιήσαιτε,
415 557 537 626 δοκοῖτ’
564 557 607 625 ἀν
629 557 803 645 ἁμαρτεῖν,
830 556 901 625 ἀλλ’
929 561 962 624 εί
982 560 1026 643 μή
1049 555 1104 624 καὶ
1126 560 1300 626 κολά-ονεό

213 682 302 730 σαιτε
333 667 411 742 τοὺς
441 665 480 730 τδι
512 675 648 732 τοιαῦτα
678 675 872 749 ποιοῦντας,
903 667 1042 751 ἔχοντες.
1087 665 1128 732 οὐ
1158 667 1223 751 γάρ

213 769 348 837 ἐπειδὰν
370 769 488 855 ἐάσητέ
506 795 539 836 τι
560 782 627 837 τῶν
649 769 817 857 ὑμετέρων
839 770 1039 855 ἀπολέσθαι,
1065 774 1139 837 τότε
1161 773 1222 857 χρὴ

212 879 433 962 χαλεπαίνειν,
461 873 534 942 ἀλλ’
562 876 599 943 ἐν
622 870 648 965 ,ὦ
672 877 711 943 τὰ
734 873 795 961 μὲν
817 874 946 963 ὑμέτερ’
973 875 1041 942 ἐστὶ
1065 888 1145 961 σῶα,
1167 901 1220 942 κα-

211 987 335 1067 θορᾶτε
365 978 402 1049 δὲ
428 985 506 1060 τοὺς
533 982 751 1070 ἐφεστηκότας
782 979 826 1048 δι’
853 980 1123 1069 αἰσχροκέρδειαν
1150 980 1223 1069 οὐχὶ

212 1089 446 1174 προσήκουσαν
475 1092 637 1175 πρόνοιαν
670 1087 745 1174 περὶ
780 1093 942 1175 σωτηρίας
971 1089 1080 1155 αὐτῶν
1109 1109 1223 1154 ποιου-

213 1191 341 1278 μένους.
382 1193 437 1261 καὶ
460 1192 574 1279 μηδείς
596 1195 690 1279 ὑμῶν
713 1193 886 1281 ἐπιτιμήσῃ
904 1203 950 1282 τῷ
974 1197 1079 1284 λόγῳ,
1104 1197 1223 1280 πικρὸν

213 1295 298 1366 εἶναι
327 1305 484 1386 νομίσας,
514 1300 597 1366 ἀλλὰ
625 1311 695 1378 τοίς
723 1301 761 1366 τὸ
791 1302 890 1386 ἔργον
913 1299 993 1366 αὐτὸ
1016 1303 1223 1384 πεποιηκόσι·

176 1422 200 1461 11
214 1407 270 1470 διὰ
297 1406 361 1492 γὰρ
388 1407 527 1482 τούτους
554 1409 704 1482 τοιοῦτός
733 1404 832 1471 ἐστιν.
868 1405 1029 1490 θαυμάζω
1053 1401 1083 1470 δ’
1111 1408 1224 1490 ἔγωγε,

214 1513 249 1576 τί
269 1512 311 1594 δή
333 1532 411 1577 ποτε
435 1522 502 1576 τῶν
525 1507 586 1595 μέν
608 1522 741 1577 ναυτῶν
763 1513 841 1587 τοὺς
862 1508 1156 1595 ἀπολειπομένους,
1178 1505 1225 1576 διν

213 1616 390 1700 τριάκοντα
422 1617 568 1702 δραχμὰς
604 1615 738 1694 ἕκαστος
774 1619 839 1703 ἔχει
877 1620 1000 1701 μόνας,
1036 1618 1134 1682 δοῦσι
1171 1614 1224 1682 καὶ

214 1721 410 1800 κολάζουσιν
439 1716 544 1788 οὑτοι·
572 1733 641 1787 τῶν
670 1718 707 1788 δὲ
734 1723 942 1808 τριηράρχων
968 1725 1046 1799 τοὺς
1072 1723 1117 1807 μή
1145 1739 1224 1806 συμ·

214 1824 392 1911 πλέοντας,
408 1821 469 1892 -ὑν
499 1827 676 1911 τριάκοντα
709 1837 793 1912 μνᾶς
821 1831 869 1906 είς
902 1827 1062 1894 ἐπίπλουν
1091 1832 1224 1912 είληφεν

215 1929 361 2015 ἕκαστος,
384 1933 424 1998 οὐ
446 1932 548 1998 ταύτὰ
575 1929 698 1999 ποιεῖθ’
724 1933 831 2018 ὑμεῖς·
854 1929 926 1998 ἀλλ’
953 1931 1011 1998 ἐάν
1038 1929 1099 2016 μὲν
1125 1931 1224 2017 πένης

216 2039 264 2104 ὥν
292 2061 343 2115 τις
371 2036 415 2104 δι’
442 2040 574 2106 ένδειαν
603 2037 749 2126 ἁμάρτη,
778 2051 847 2116 τοῖς
879 2039 1027 2124 ἐσχάτοις
1053 2039 1224 2123 ἐπιτιμίοις

216 2141 371 2229 ἐνέξεται,
390 2143 448 2210 ἐὰν
468 2140 505 2211 δέ
522 2145 681 2221 πλούσιος
700 2143 747 2209 ὢν
771 2140 814 2209 δι’
837 2141 1107 2230 αἰσχροκέρδειαν
1124 2144 1224 2209 ταύτά

215 2253 348 2338 ποιήση,
371 2251 567 2334 συγγνώμης
584 2249 744 2329 τεύξεταις
767 2245 823 2314 καὶ
844 2259 910 2315 ποῦ
932 2250 969 2315 τὸ
992 2248 1117 2326 πάντας
1139 2252 1225 2335 ἔχειν

216 2363 291 2423 ἴσον
313 2354 369 2422 καὶ
391 2357 671 2441 δημοκρατεῖσθαι
694 2359 857 2440 φαίνεται,
880 2364 998 2421 τοῦτον
1020 2356 1080 2420 τὸν
1101 2358 1224 2440 τρόπον

178 2479 203 2518 12
216 2461 309 2547 ὑμῶν
340 2472 442 2529 ταῦτα
474 2464 723 2548 βραβευόντωνς
759 2463 807 2526 ἐτι
841 2464 958 2526 τοίνυν
992 2462 1102 2545 ἔμοιγε
1135 2461 1226 2527 δοκεῖ

216 2567 348 2634 κάκεῖνο
378 2566 506 2651 ἀλόγως
535 2571 640 2654 ἐχειν,
670 2570 729 2634 τὸν
758 2563 819 2651 μέν
849 2569 983 2632 είπόντα
1011 2590 1043 2632 τι
1071 2567 1115 2651 μή
1145 2567 1225 2632 κατὰ

216 2675 294 2748 τοὺς
315 2675 450 2756 νόμους,
473 2672 532 2738 ἐὰν
549 2672 631 2761 ἁλῷ,
653 2675 690 2739 τὸ
708 2676 820 2758 τρίτον
838 2670 936 2758 μέρος
958 2672 1145 2756 ἠτιμῶσθαι
1167 2683 1225 2739 τοῦ

217 2779 381 2861 σώματος,
411 2779 488 2854 τοὺς
518 2774 555 2842 δέ
586 2779 629 2862 μή
660 2780 777 2862 λόγον,
804 2775 876 2843 ἀλλ’
908 2779 1006 2863 ἔργον
1033 2777 1226 2863 παράνομον

217 2884 434 2966 πεποιηκότας
462 2884 626 2968 μηδεμίαν
654 2885 772 2948 δοῦναι
803 2885 908 2966 δίκην.
950 2881 1005 2948 καὶ
1031 2885 1097 2966 μήν
1120 2878 1146 2947 δι
1169 2883 1227 2947 άν-

218 2989 294 3075 δρες
311 2985 484 3072 Ἀθηναῖοι
511 2988 630 3065 πάντες
657 2989 699 3054 διν
721 2988 814 3073 ὑμεῖς
840 2991 994 3074 φήσαιτε,
1020 2991 1057 3054 τὸ
1083 2989 1166 3073 πρὸς
1186 2989 1226 3054 τὰ

217 3101 351 3160 τοιαῦτα
364 3093 477 3179 πράως
490 3096 576 3179 ἔχειν
590 3094 826 3179 προδιδάσκειν
845 3092 976 3179 ἑτέρους
990 3092 1117 3159 ἀδικεῖν
1131 3089 1224 3159 εἶναι.

179 3219 205 3260 ιε
283 3200 453 3284 Βούλομαι
476 3203 604 3283 τοίνυν,
626 3200 801 3286 ἐπειδήπερ
828 3202 876 3277 είς
902 3201 1041 3276 τούτους
1067 3201 1144 3276 τοὺς
1171 3201 1226 3265 λό-

217 3329 297 3390 γους
318 3309 505 3390 προήχθην,
527 3303 581 3370 καὶ
604 3306 644 3371 τὰ
663 3302 877 3389 συμβαίνοντ’
899 3305 963 3371 ἀπὸ
981 3316 1048 3370 τῶν
1066 3305 1226 3371 τοιούτων

218 3411 299 3496 ὑμῖν
318 3408 510 3487 διεξελθεῖν.
547 3409 681 3475 ἐπειδάν
703 3410 766 3495 γάρ
789 3433 839 3484 τις
861 3409 1115 3493 μισθωσάμενος
1136 3434 1225 3495 τριη-

220 3519 357 3601 ραρχίαν
381 3513 557 3600 ἐκπλεύσῃ,
579 3515 702 3590 πάντας
724 3512 924 3598 ἀνθρώπους
950 3515 1022 3598 άγει
1043 3512 1098 3579 καὶ
1120 3513 1225 3598 φέρει,
1236 3535 1293 3586 1232
