2650 3918
541 165 732 221 εΡοΤΙΚοΣ,
1081 167 1146 230 349

91 344 119 396 τι
150 327 153 336 ’
206 324 275 407 Τὴν
288 327 413 404 τοίνυν
431 323 591 410 ἀνδρείαν
609 361 646 376 -·
664 322 744 392 οὐδὲ
766 327 829 411 γάρ
851 323 947 402 τοῦτ’Ι
963 325 1057 404 ἀξιόν
1079 323 1148 391 ἐστι

133 434 350 514 παραλιπεῖν,
378 429 438 516 οὐχ
468 431 515 508 ἀς
536 431 576 498 οὐ
603 433 733 515 πολλὴν
760 430 912 498 ἐπίδοσιν
940 432 1079 519 ἐχούσης
1102 433 1149 496 ἐτι

133 544 192 618 τῆς
222 543 281 619 σῆς
310 537 456 621 φύσεως,
487 532 541 601 καλ
573 547 633 603 τοῦ
663 535 840 621 μέλλοντος
869 541 993 624 χρόνου
1015 540 1149 614 πλείους

133 641 286 728 ἀφορμάς
303 643 559 729 παραδώσοντος
577 646 687 727 λόγων
706 655 776 720 τοῖς
799 643 946 710 ε’παινελν
969 661 1006 710 σε
1028 647 1148 730 βουλο-

134 745 267 832 μένοις,
298 745 381 814 ἀλλ’·
398 749 443 824 ὡς
470 751 655 814 καλλίστων
685 750 792 815 όντων
823 761 890 816 τῶν
920 752 999 834 μετά
1029 751 1148 834 ταύτης
1159 767 1227 820 1408

134 862 192 936 τῆς
209 853 337 938 ῆλικίας
355 853 512 939 ἐπαίνων,
538 853 574 922 ἐν
592 849 614 941 ᾗ
633 857 670 920 τὸ
696 852 801 940 μηδέν
828 854 1063 943 ἐξαμαρτάνειν
1079 866 1148 932 τοῖς

135 959 248 1036 ἄλλοις
266 958 481 1026 εὐκτόνιέστι.
520 969 582 1025 σοῦ
601 957 630 1025 δ’
655 958 708 1026 ἐπὶ
727 965 860 1027 πολλῶν
879 957 940 1045 μέν
958 962 1001 1026 ἀν
1022 984 1072 1037 τις
1092 959 1168 1026 καλ

135 1061 256 1150 ἑτέρων
273 1066 335 1148 τῆν
355 1063 513 1150 ἀνδρείαν
532 1063 673 1150 διέλθοι,
696 1066 836 1149 μάλιστα
855 1063 885 1131 δ’
905 1063 958 1130 ἐπὶ
975 1075 1032 1150 τῆς
1050 1065 1148 1149 ἀσκῆ-

94 1187 121 1228 τε
136 1185 229 1254 σεως,
251 1165 291 1253 ῆς
308 1166 363 1234 καλ
381 1174 528 1235 πλεῖστοι
546 1168 739 1255 γεγένηνται
758 1171 928 1257 μάρτυρες.
964 1169 1090 1255 ἀνάγκη
1114 1169 1144 1236 δ’

136 1281 215 1352 ἴσως
243 1285 376 1360 πρῶτον
405 1277 528 1359 εἰπεῖν,
567 1274 672 1358 αὐτὴν
699 1277 761 1359 τῆν
789 1276 937 1359 ἀγωνίαν
966 1277 1012 1354 ὡς
1040 1281 1148 1354 καλῶς

8 1393 9 1400 ’
135 1383 303 1466 προείλου.
347 1381 386 1445 τδ
412 1381 476 1465 γάρ
505 1379 633 1465 ὀρθῶς,
666 1380 740 1445 ὅτι
768 1379 931 1467 πρακτέον
954 1379 1041 1464 ἐστὶ,
1070 1381 1149 1445 νέον

8 1479 9 1528 }
136 1488 216 1558 ὄντα
235 1485 424 1570 δοκιμάσαι,
446 1483 500 1550 καὶ
518 1494 627 1572 ψυχῆς
649 1485 779 1570 ἀγαθῆς
800 1483 855 1551 καλ
878 1485 1010 1571 γνώμης
1032 1488 1149 1572 φρονί-

136 1617 201 1677 μου
220 1595 336 1660 κοινόν
355 1591 424 1658 ἐστι
444 1603 594 1676 σημεῖον·
619 1589 662 1658 δι’
687 1587 734 1658 ὧν
753 1589 929 1677 οὐδέτερον
951 1597 1148 1678 παραλιπεῖν

136 1696 230 1776 ἀξιον
251 1700 312 1765 τὸν
333 1705 391 1782 τῆς
413 1696 634 1785 προαιρέσεως
657 1699 803 1764 ἔπαινον.
850 1699 1010 1776 συνειδὼς
1031 1701 1147 1768 τοίνυν

8 1875 9 1884 2
135 1815 202 1870 τῶν
232 1801 292 1888 μέν
324 1805 435 1871 ἀλλων
465 1803 667 1888 ἀθλημάτων
697 1802 752 1869 καλ
781 1806 924 1881 δούλους
951 1802 1006 1870 καλ
1033 1802 1149 1882 ξένους

136 1908 346 1996 μετέχοντας,
373 1919 434 1976 τοῦ
461 1905 492 1975 δ’
520 1909 722 1994 ἀποβαίνειν
744 1913 859 1995 μόνοις
881 1907 942 1994 μὲν
964 1920 1034 1986 τοῖς
1055 1913 1148 1975 πολί-

8 2051 9 2074 ι
135 2039 207 2093 ταις
235 2014 388 2094 ἐξουσίαν
415 2008 537 2100 οὖσαν,
558 2014 759 2100 ἐφιεμένους
781 2012 820 2080 δὲ
847 2019 926 2093 τοὺς
947 2017 1148 2101 βελτίστους,

96 2141 123 2180 ιι
138 2121 242 2197 οὕτως
265 2117 318 2186 ἐπὶ
339 2127 461 2184 τοῦτον
482 2119 542 2184 τὸν
564 2118 665 2202 ἀγῶν’
694 2122 856 2206 ὥρμησας.
894 2123 942 2185 έτι
964 2115 1002 2185 δέ
1024 2123 1148 2204 κρίνων

136 2228 215 2302 τοὺς
241 2221 302 2309 μὲν
329 2224 370 2290 τὰ
397 2225 538 2311 δρομικδι
565 2225 834 2309 γυμναζομένους
860 2221 960 2291 οὐδὲν
986 2227 1070 2309 πρὸς
1091 2224 1149 2289 ἀυ-

138 2332 253 2416 δρείαν
272 2327 345 2396 οὐδ’
368 2329 534 2415 εὐψυχίαν
550 2329 748 2416 ἐπιδιδόναι,
770 2334 849 2408 τοὺς
872 2327 909 2397 δὲ
931 2333 993 2416 τῆν
1015 2332 1149 2414 πυγμῆν

136 2434 192 2504 καὶ
218 2437 259 2504 τὰ
285 2433 407 2506 τοιαῦτ’
439 2435 646 2520 ἀσκήσαντας
674 2441 756 2524 πρὸς
782 2447 827 2527 τῷ
852 2439 977 2522 σώματι
1005 2435 1061 2502 καὶ
1087 2438 1148 2520 τῆν

136 2545 273 2629 γνώμην
301 2545 575 2629 διαφθείρεσθαι,
602 2545 639 2610 τὸ
667 2547 869 2629 σεμνότατον
895 2541 951 2610 καὶ
972 2543 1148 2609 κάλλιστον

136 2662 203 2720 τῶν
229 2649 470 2738 ἀγωνισμάτων
497 2647 552 2715 καλ
580 2650 721 2733 μάλιστα
747 2653 829 2736 πρὸς
855 2651 918 2734 τῆν
940 2659 1063 2716 σαυτοῦ
1086 2650 1149 2734 φό-

137 2773 191 2822 σιν
221 2756 386 2844 ἁρμόττον
416 2753 568 2840 ἐξελέξω,
596 2763 635 2841 τῆ
663 2751 725 2840 μέν
754 2759 918 2844 συνηθείᾳ
946 2765 1013 2822 τῶν
1036 2755 1149 2821 όπλων

136 2861 191 2938 καὶ
208 2872 247 2948 τῆ
265 2874 333 2930 τῶν
352 2865 488 2948 δρόμων
505 2864 686 2949 φιλοπονίᾳ
703 2870 772 2938 τοῖς
790 2859 827 2926 έν
844 2869 890 2948 τῷ
911 2859 1043 2951 πολέμῳ
1067 2855 1149 2945 συμ-

137 2969 312 3050 βαίνουσιν
337 2962 575 3052 ,ὡμοιωμίνον,
604 2973 644 3050 τῆ
675 2961 712 3030 δέ
742 2968 1003 3052 μεγαλοπρεπείᾳ
1031 2963 1087 3030 καλ
1109 2975 1148 3050 τῆ

138 3073 395 3155 σεμνότητιτῆς
420 3079 629 3158 παρασκευῆς
655 3072 821 3156 πρὸςτῆν
844 3081 911 3136 τῶν
932 3077 1023 3135 θεῶν
1048 3071 1149 3136 δόνα-

100 3193 125 3236 25
138 3201 195 3262 μιν
224 3175 436 3260 είκασμένον,
467 3180 550 3263 πρὸς
579 3172 617 3262 δέ
646 3176 776 3254 τούτοις
805 3175 945 3261 ῆδίστην
976 3172 1037 3260 μὲν
1063 3174 1149 3242 θέαν

138 3287 233 3370 ἔχον,
262 3281 299 3352 ἐκ
326 3284 489 3348 πλείστων
520 3279 558 3348 δέ
585 3280 640 3348 καλ
669 3284 890 3348 παντοδαπῶν
921 3284 1149 3365 συγκείμενον,

136 3393 300 3474 μεγίστων
324 3384 355 3453 δ’
379 3388 496 3453 ἀθλων
509 3386 713 3474 ,ῆξιωμένου
735 3391 820 3475 πρὸς
841 3388 905 3473 γὰρ
928 3397 997 3464 τοῖς
1018 3385 1150 3470 τιθεμέ-

136 3517 208 3572 νοις
227 3497 264 3560 τὸ
283 3497 518 3579 γυμνασθῆναι
536 3491 591 3558 καλ
610 3497 783 3579 μελετῆσαι
801 3501 947 3576 τοιαῦτα,
971 3491 1011 3557 οὐ
1029 3493 1150 3578 μικρὸν
