2656 3926
190 141 255 206 408
554 141 834 194 Δααοεουαουε

190 305 234 386 μὴ
264 306 370 386 μόνον
396 303 455 368 τὸν
483 302 723 387 διακονησοντα
748 302 831 384 πρὸς
856 301 955 388 χάριν
980 298 1075 366 πάντ’
1101 298 1140 365 ἐν
1163 309 1210 386 τῇ

189 412 338 496 πολιτείᾳ
369 407 503 494 (τούτου
533 403 595 492 μέν
628 407 692 493 γὰρ
727 403 879 472 οὐδέποτ’
913 403 977 472 ἐστ’
1012 403 1210 492 ἀπορῆσαι),

190 513 273 580 ἀλλὰ
295 512 431 580 καὶτὸν
455 510 503 579 ἐπ’
527 513 644 601 εὐνοίᾳ
664 510 740 598 περὶ
763 505 811 578 ὧν
834 512 876 578 δν
899 509 1031 597 άγνοῆί
1055 511 1209 596 ἐπιτιμη-
1291 513 1292 530 ’

151 641 176 680 ιι
191 638 301 685 σοντα.
346 621 394 684 ἔτι
420 624 537 687 τοίνυν
563 623 754 708 παραλείπω
781 618 904 704 πολλά,
935 616 986 704 ἐφ’
1014 610 1065 696 οἷς
1091 617 1206 704 ἕτερος

189 723 244 790 καὶ
274 721 378 810 μηδὲν
407 727 490 792 άλλο
519 727 678 810 χρήσιμος
707 727 853 809 γεγονὼς
880 727 1014 802 δικαίως
1041 723 1083 790 όν
1105 723 1206 808 ἠξίου

97 838 100 843 ’
128 860 130 866 ·
189 831 366 916 τυγχάνειν
384 835 556 916 σωτηρίας,
574 835 732 919 χορηγίας
748 830 804 897 καὶ
822 835 1032 920 τριηραρχίας
1050 828 1104 897 καὶ
1122 855 1204 916 χρη·
1291 875 1292 892 ι

189 937 301 1020 μάτων
323 936 488 1016 ἐπιδόσεις
512 937 549 1003 ἐν
571 947 651 1004 πᾶσι
669 949 738 1014 τοῖς
755 949 895 1025 καιροῖς·
919 937 956 1004 ἐν
978 928 1028 1014 οἷς
1051 936 1115 1021 ἐγὼ
1138 961 1203 1022 φα-

187 1045 332 1129 νήσομαι
362 1044 403 1111 οὐ
433 1048 539 1129 μόνον
568 1043 668 1121 αὐτὸς
697 1042 913 1128 ἐξητασμένος
942 1053 1087 1130 πρῶτος,
1117 1041 1203 1110 ἀλλὰ

188 1148 242 1214 καὶ
266 1153 343 1228 τοὺς
365 1151 487 1227 ἄλλους
508 1151 770 1237 παρακεκληκώς.
813 1144 861 1216 ὧν
879 1149 1018 1215 ἕκαστον
1035 1145 1062 1215 ὦ
1080 1150 1203 1235 ἄνδρες

184 1253 360 1342 Ἀθηναῖοι
383 1260 584 1342 λογίσασθε,
614 1257 658 1333 ὡς
688 1255 825 1334 ἀνάξιόν
855 1255 924 1322 ἐστι
952 1265 1010 1340 τῆς
1031 1274 1203 1342 περιεστη-
1291 1243 1292 1268 ³

148 1382 174 1423 ιι
187 1366 282 1439 κυίας
304 1369 369 1428 νῦν
392 1361 465 1446 ἐμοὶ
484 1372 665 1448 συμφορᾶς.
712 1361 874 1447 ἀφθόνων
897 1359 927 1428 δ’
950 1364 1068 1446 ὄντων,
1086 1360 1201 1447 ἀπορῶ

187 1472 223 1534 τί
242 1478 375 1554 πρῶτον
398 1467 569 1554 ὀδύρωμαι
596 1478 664 1534 τῶν
692 1472 868 1554 παρόντων
895 1478 1014 1534 κακῶν.
1057 1470 1201 1553 πότερον

187 1574 248 1656 τὴν
270 1569 403 1656 ἡλικίαν
430 1571 467 1638 ἐν
489 1567 511 1658 ᾖ
534 1584 643 1658 φυγῆς
670 1573 885 1640 ἐπικινδύνου
912 1580 1093 1659 πειρᾶσθαι
1118 1571 1196 1660 παρ’
1291 1579 1292 1654 3

188 1681 267 1755 ἔθος
288 1676 344 1744 καὶ
366 1678 455 1762 παρά
483 1679 545 1761 τὴν
572 1677 667 1756 ἀξίαν
694 1678 929 1765 άναγκάζομαι;
958 1680 1063 1765 ἣτην
1085 1681 1201 1765 αίσχύ-

187 1809 251 1868 νην
274 1781 326 1869 ἐφ’
353 1777 376 1872 ᾗ
399 1779 469 1848 κατ’
497 1782 609 1850 οὐδέν’
636 1786 773 1871 ἔλεγχον
800 1782 872 1851 οὐδ’
900 1785 1070 1864 ἀπόδειξιν
1097 1784 1199 1864 ἁλοὺς

187 1889 358 1969 άπόλωλα;
388 1888 409 1974 ἢ
436 1889 493 1966 τὰς
522 1888 657 1967 ἐλπίδας
686 1885 734 1957 ὧν
764 1893 971 1977 διαμαρτών,
1001 1887 1048 1958 ὧν
1076 1889 1200 1978 ἑτέροις

150 2019 174 2058 ιι
186 2005 330 2082 προσῆκε
353 2000 622 2083 κεκληρονόμηκα
643 2006 768 2076 κακῶν;
793 1995 862 2063 οὔτ’
886 1997 937 2084 ἐφ’
960 1990 1010 2076 οἷς
1032 1997 1199 2066 ἐπολιτεύ-

185 2108 256 2186 θην
285 2105 448 2190 πρότερον
478 2105 575 2188 δίκην
605 2103 750 2189 ὀφείλων
780 2105 917 2189 δοῦναι,
946 2105 1023 2170 οὔτε
1050 2115 1117 2171 τῶν
1140 2101 1193 2190 ἐφ’

187 2201 237 2286 οἷς
267 2209 445 2297 ἐκρινόμην
479 2207 756 2295 ἐξελεγχθέντων·
791 2212 867 2276 οὔτε
901 2211 965 2296 γάρ
999 2214 1101 2295 ἔγωγε
1131 2222 1197 2278 τῶν

182 2311 349 2401 Ἁρπάλου
372 2319 481 2401 φίλων
503 2319 695 2401 φανήσομαι
722 2317 881 2402 γεγονώς,
908 2327 975 2384 τῶν
997 2340 1032 2382 τε
1054 2317 1197 2403 γραφέν·

186 2445 254 2487 των
276 2419 351 2508 περὶ
369 2418 536 2507 Ἁρπάλου
554 2425 640 2507 μόνα
658 2421 755 2507 τάμοὶ
772 2419 972 2510 πεπραγμέν’
995 2422 1196 2509 άνέγκλητον

187 2531 343 2611 πεποίηκε
369 2528 432 2612 τὴν
458 2531 567 2595 πόλιν.
612 2527 646 2608 ἐξ
674 2525 722 2596 ὧν
748 2530 882 2596 πάντων
910 2532 1014 2613 δῆλόν
1042 2526 1115 2596 ἐσθ’
1147 2531 1196 2596 ὅτι

187 2641 290 2720 καιρῷ
314 2631 381 2699 τινὶ
404 2632 546 2720 ληφθεὶς
563 2632 619 2700 καὶ
638 2634 699 2702 οὐκ
718 2635 905 2720 άδικηματι,
926 2645 966 2721 τῇ
988 2638 1071 2721 πρὸς
1093 2639 1194 2704 άπαν-

187 2762 245 2815 τας
266 2741 344 2815 τοὺς
368 2738 405 2805 ἐν
426 2750 497 2818 ταῖς
519 2742 638 2818 αίτίαις
657 2741 739 2828 ὀργῇ
762 2739 980 2827 περιπέπτωκ’
1008 2742 1129 2822 άδίκως
1150 2754 1193 2833 τῷ

148 2865 173 2907 15
187 2854 315 2932 πρῶτος
338 2843 483 2911 εἰσιέναι.
530 2846 599 2913 ἐπεὶ
622 2850 657 2912 τί
675 2858 742 2913 τῶν
766 2849 904 2914 δικαίων
931 2848 992 2914 οὐκ
1014 2845 1109 2916 εἷπον
1132 2851 1193 2935 ἐγὼ

187 2962 254 3017 τῶν
272 2953 465 3017 σεσωκότων
482 2954 561 3028 τοὺς
578 2951 719 3038 ὕστερον
737 2952 966 3041 κρινομένους;
986 2952 1007 3039 ἢ
1026 2954 1089 3022 τίν’
1107 2958 1194 3041 ἔλεγ-

186 3081 247 3143 χον
270 3053 362 3124 εἶπεν
383 3056 405 3140 ἡ
427 3058 534 3143 βουλὴ
563 3055 633 3124 κατ’
661 3058 757 3144 ἐμοῢ;
785 3058 903 3144 ἣτίνα
928 3071 993 3126 νῦν
1021 3061 1064 3128 άν
1090 3066 1193 3129 εἰπεῖν

187 3167 269 3251 ἔχοις
301 3164 342 3231 οὐ
371 3165 434 3252 γάρ
465 3166 554 3229 ἔστιν
583 3164 705 3242 οὐδείς·
734 3166 773 3231 τά
800 3167 863 3254 γάρ
891 3168 935 3252 μὴ
958 3170 1108 3254 γενόμεν’
1133 3171 1193 3237 οὐκ
1203 3191 1259 3238 1471

90 3335 93 3342 ,
188 3274 256 3336 ἔστι
273 3281 408 3354 ποιῆσαι
425 3277 635 3355 γεγενῆσθαι.
672 3268 742 3337 ἀλλ’
765 3269 849 3358 ὑπὲρ
868 3269 929 3359 μὲν
947 3277 1075 3341 τούτων
1092 3279 1192 3344 παύο-

187 3401 256 3460 μαι,
285 3375 378 3442 πόλλ’
407 3376 449 3442 δν
479 3377 620 3463 γράφειν
647 3380 746 3464 ἔχων·
769 3381 806 3445 τὸ
836 3381 899 3466 γάρ
929 3377 1035 3464 μηδὲν
1064 3381 1190 3471 ἐμαυτῷ

188 3481 375 3548 συνειδέναι
388 3483 506 3568 πεῖράν
515 3506 572 3568 μοι
586 3483 732 3550 δέδωκεν
745 3485 792 3561 είς
804 3481 866 3568 μὲν
880 3485 1041 3570 ὠφέλειαν
1055 3487 1191 3568 ἀσθενὲς
