2658 3914
315 210 411 262 ΚΑΤΑ
428 210 556 265 μενον.
576 212 638 264 m
655 213 805 264 ΜΝΗΣΙΒ.
824 212 935 265 *mm
1068 208 1131 274 113

117 370 243 454 πότερα
265 368 487 455 νενεμημένος
513 377 564 457 εἰη
591 373 673 458 πρὸς
698 372 758 438 τὸν
780 369 928 455 ἀδελφὸν
949 369 971 455 ἢ
993 371 1088 455 κοινή
1110 367 1134 454 ή

76 494 106 537 οι
120 473 218 541 οὐσία
241 481 291 559 εῖη
314 475 435 554 αὐτοῖς.
472 475 737 562 ἀποκριναμένου
760 475 802 542 δέ
821 501 878 562 μοι
895 474 1059 564 Εὐέργου,
1081 475 1133 542 ὅτι

119 578 340 666 νενεμημένος
362 588 413 666 εἰη
436 580 492 649 καὶ
518 580 619 669 χωρὶς
645 585 752 671 οἰκοίη
776 582 794 649 ὁ
819 585 1008 668 Θεόφημος,
1035 581 1134 658 αὐτὸς

122 681 160 753 δὲ
185 687 274 772 παρὰ
302 695 348 774 τῷ
376 691 491 774 πατρί,
517 691 708 773 πυθόμενος
735 683 776 756 οὗ
803 687 882 777 ᾤκει
905 688 924 755 δ
948 691 1133 774 Θεόφημος,

120 792 234 875 λαβὼν
255 793 345 876 παρὰ
367 802 425 880 τῆς
441 791 543 880 ἀρχῆς
560 792 728 880 ὑπηρέτην
745 789 854 879 ἦλθον
873 791 926 860 ἐπὶ
943 795 1005 878 τήν
1024 796 1133 860 οἰκίαν

120 906 182 963 τοῦ
205 899 393 983 Θεοφήμου.
433 899 628 984 καταλαβὼν
651 895 689 964 δὲ
711 899 814 966 αὐτὸν
836 899 898 966 οὐκ
919 901 1019 967 ἔνδον
1041 901 1133 982 ὄντα,

120 1000 276 1069 ἐκέλευσα
303 1005 365 1090 τήν
392 1005 574 1090 ἄνθρωπον
601 1005 663 1088 τήν
693 1005 930 1071 ὑπακούσασαν
961 1010 1135 1090 μετελθεῖν

120 1107 222 1174 αὐτὸν
255 1108 340 1176 ὅπου
376 1116 444 1195 εἰη,
480 1109 604 1193 ταύτην
639 1109 682 1193 ἣν
718 1111 1005 1195 μεμαρτυρήκασιν
1041 1105 1135 1177 οὗτοι

120 1212 391 1299 προκαλέσασθαι
426 1217 486 1282 τὸν
522 1218 700 1301 Θεόφημον
735 1218 961 1302 παραδοῦναι,
997 1215 1060 1300 ἐγὼ
1097 1211 1135 1281 δὲ
1144 1232 1213 1281 1150

120 1318 259 1398 ἐξαιτῶν
288 1320 330 1388 οὐ
360 1321 506 1407 δύναμαι
534 1325 751 1407 παραλαβεῖν,
779 1319 824 1388 ἵν’
850 1322 945 1406 ὑμεῖς
972 1322 1034 1408 τήν
1057 1319 1135 1406 ἀλή-

79 1444 107 1486 ιε
120 1433 220 1494 θειαν
243 1427 418 1512 πύθησθε,
440 1426 596 1512 ὁπότερος
618 1423 696 1512 ήρξε
718 1437 839 1514 χειρῶν
862 1425 995 1492 ἀδίκων.
1031 1426 1076 1503 ὡς
1098 1422 1136 1494 δὲ

121 1531 309 1618 ἀφικνεῖται
328 1532 346 1599 ό
366 1536 541 1618 Θεόφημος
558 1534 782 1618 μετελθούσης
804 1533 907 1599 αὐτὸν
923 1540 981 1617 τῆς
1002 1530 1136 1617 ἀνθρώ-

121 1659 200 1722 που,
219 1636 367 1725 ἀπῄτουν
385 1638 489 1706 αὐτὸν
505 1640 543 1705 τὸ
562 1639 753 1725 διάγραμμα
775 1651 844 1706 τῶν
865 1648 1005 1724 σκευῶν,
1028 1635 1135 1722 λέγων

123 1744 174 1809 ότι
196 1745 261 1830 ήδη
283 1743 359 1831 περὶ
381 1743 559 1829 ἀναγωγήν
582 1750 670 1829 εῖην,
696 1742 752 1811 καί
779 1743 951 1810 ἐδείκνυον
973 1745 1011 1810 τὸ
1033 1744 1136 1829 ήήφι·

122 1867 190 1935 σμα
210 1859 268 1935 τῆς
289 1853 422 1935 βουλῆς.
458 1850 504 1928 ὡς
526 1847 563 1916 δὲ
584 1850 687 1917 ταῦτά
710 1873 775 1934 μου
799 1847 953 1933 λέγοντος
975 1848 1036 1916 οὐκ
1058 1847 1135 1914 ἀπε-

122 1957 239 2041 δίδου,
276 1952 348 2022 ἀλλ’
383 1956 510 2040 ήπείλει
545 1954 600 2023 καὶ
637 1955 856 2042 ἐλοιδορεῖτο,
892 1953 1046 2022 ἐκέλευσα
1076 1956 1136 2022 τὸν

1 2064 4 2074 “
121 2063 225 2128 παῖδα
253 2059 389 2128 καλέσαι
418 2067 453 2126 εἰ
476 2084 569 2139 τινας
599 2063 667 2128 ίδοι
695 2073 762 2128 τῶν
790 2066 936 2128 πολιτῶν
957 2062 1137 2145 παριόντας

123 2167 161 2234 ἐκ
182 2176 240 2250 τῆς
262 2166 358 2250 ὁδοῦ,
380 2166 437 2231 ἵνα
455 2163 617 2252 μάρτυρός
634 2190 692 2250 μοι
709 2173 825 2251 εἰησαν
846 2177 915 2231 τῶν
937 2163 1137 2248 λεγομένων,

82 2291 109 2331 ⁸⁷
123 2271 181 2340 καί
202 2269 318 2356 ήξίουν
340 2271 442 2336 πόλιν
463 2273 524 2338 τὸν
547 2274 742 2357 Θεόφημον,
768 2271 790 2356 ἣ
813 2270 915 2337 αὐτὸν
937 2269 1138 2336 ἀκολουθεῖν

123 2379 208 2466 πρὸς
224 2379 303 2454 τοὺς
320 2374 521 2453 ἀποστολέας
538 2373 594 2442 καὶ
612 2378 673 2461 τήν
691 2379 830 2461 βουλήν,
851 2374 956 2442 καὶεί
972 2376 1017 2460 μή
1035 2390 1138 2460 φησιν

124 2484 284 2569 ὀφείλειν,
307 2479 456 2558 ἐκείνους
476 2484 609 2547 πείθειν
631 2483 709 2558 τοὺς
730 2481 939 2566 παραδόντας
960 2477 1016 2546 καί
1037 2479 1138 2564 ἀνοιγ-

85 2579 87 2584 ’
123 2589 282 2669 κάζοντας
310 2586 534 2673 εἰσπράττειν,
563 2585 585 2670 ή
614 2585 813 2653 ἀποδιδόναι
840 2586 881 2651 τὰ
904 2586 1018 2670 σκεύη·
1047 2588 1079 2654 εἰ
1100 2582 1138 2652 δὲ

124 2697 182 2781 μή,
204 2691 346 2781 ἐνέχυρα
372 2695 458 2780 ἔφην
485 2694 652 2776 λήψεσθαι
678 2693 760 2758 κατά
781 2715 816 2758 τε
838 2694 916 2769 τοὺς
937 2693 1062 2776 νόμους
1082 2690 1138 2758 καί

124 2803 164 2868 τδ
186 2803 388 2886 ψηφίσματα.
426 2795 527 2867 οὐδὲν
546 2795 577 2864 δ’
600 2796 776 2876 ἐθέλοντος
793 2797 897 2864 αὐτοῦ
914 2808 981 2863 τῶν
1000 2798 1138 2864 δικαίων

125 2918 250 2990 ποιεῖν,
277 2901 363 2991 ἦγον
391 2903 456 2990 τήν
481 2905 663 2992 ἄνθρωπον
694 2902 869 2990 ἑστηκυῖαν
898 2902 952 2970 ἐπὶ
973 2912 1014 2991 τῇ
1035 2905 1138 2992 θύρα,

85 3029 113 3070 ³⁸
126 3014 188 3097 τήν
210 3017 437 3096 μετελθοῦσαν
456 3011 567 3077 αὐτόν.
603 3008 660 3077 καί
678 3011 696 3078 ὁ
717 3013 891 3097 Θεόφημός
908 3033 948 3095 με
967 3008 1138 3096 ἀφῃρεῖτο,

125 3117 181 3184 καλ
204 3117 267 3202 ἐγὼ
290 3118 353 3204 τήν
374 3113 435 3203 μὲν
457 3117 641 3203 ἄνθρωπον
663 3115 789 3202 ἀφῆκα,
817 3119 864 3194 εἰς
886 3112 924 3182 δλ
945 3117 1007 3200 τήν
1030 3117 1138 3182 οἰκίαν

126 3220 269 3311 εἰσῄειν,
295 3224 353 3290 ἵνα
379 3220 537 3309 ἐνέχυρόν
563 3245 595 3288 τι
622 3222 757 3306 λάβοιμι
782 3233 850 3288 τῶν
878 3232 1021 3288 σκευῶν·
1045 3222 1137 3306 ἔτυχε

126 3331 190 3415 γὰρ
213 3329 234 3412 ή
256 3329 348 3415 θύρα
377 3325 588 3417 ἀνεῳγμένη,
618 3327 662 3404 ὡς
689 3323 796 3413 ἦλθεν
819 3327 837 3394 ό
862 3329 1055 3411 Θεόφημος,
1083 3323 1139 3391 καλ

96 3438 176 3500 ,ἑτι
205 3438 342 3520 ’ἔμελλεν
369 3431 523 3500 εἰσιέναι·
551 3430 608 3499 καὶ
641 3432 831 3518 ἐπεπύσμην
864 3432 967 3498 αὐτὸν
996 3429 1047 3496 ότι
1077 3430 1139 3494 οὐκ

125 3549 178 3624 εἰη
192 3540 391 3625 γεγαμηκώς.
427 3541 589 3616 εἰσιόντος
607 3536 648 3603 δέ
663 3562 729 3623 μου
746 3542 835 3606 παίει
853 3535 917 3615 πὺξ
932 3535 950 3602 ὁ
966 3537 1139 3617 Θεόφημος

181 3652 307 3695 numm
333 3653 442 3695 votm
964 3641 980 3689 ὓ
