2656 3926
214 199 280 265 402
551 205 555 210 “
577 200 856 255 ΔΗΜΟΣΘΕΝΟΤΣ

187 383 283 427 ιτων
310 362 357 437 είς
383 357 486 444 μέσον
512 365 634 426 θεῖναι.
680 362 769 426 ἔστιν
796 355 858 445 μέν
885 353 947 426 οὐν
975 361 1074 446 ἔργον
1096 357 1129 436 ἐξ
1153 357 1227 424 ἐπι-

215 471 333 549 στολῆς
351 463 502 549 ἐμμεῖναι
520 468 705 552 συμβουλῇ·
727 470 864 542 πολλοῖς
881 463 944 551 γδρ
963 459 1096 530 είύθατ’
1118 462 1227 530 ἀπαν-

212 579 275 636 τᾶν
304 569 398 655 ὑμεῖς
426 573 490 656 πρὸ
520 581 580 638 τοῦ
609 582 794 658 περιμεῖναι
824 577 956 656 μαθεῖν.
1001 568 1131 653 λέγοντι
1160 567 1227 654 μὲν

212 671 274 741 οὖν
303 679 394 742 ἔστιν
421 674 602 743 αἰσθέσθαι
624 681 660 742 τί
679 678 860 761 βούλεσθε,
886 674 941 742 καὶ
969 677 1226 761 διορθώσασθαι

211 780 439 867 τάγνοούμενα
462 779 597 870 ῥᾴδιον·
620 783 657 849 τὸ
676 779 713 848 δὲ
731 786 864 867 βιβλίον
882 782 1041 867 οὐδεμίαν
1059 784 1225 866 βοήθειαν

211 888 277 970 ἔχει
304 888 460 973 τοιαύτην
487 891 570 974 πρὸς
595 891 673 965 τοὺς
699 892 940 974 θορυβοῦντας.
984 887 1024 953 οὐ
1051 889 1117 973 μήν
1145 885 1220 952 ἀλλ’

212 991 270 1059 ἐὰν
299 990 471 1079 ἐθελήσητ’
504 993 646 1061 ἀκούσαι
682 1002 758 1080 σιγή
791 992 846 1060 καὶ
880 997 1085 1082 περιμείνητε
1115 993 1224 1058 πάντα

211 1105 349 1184 μαθεῖν,
371 1106 499 1186 οῖομαι,
527 1103 592 1168 σύν
618 1106 712 1178 θεοῖς
739 1102 910 1186 είρήσθαι,
933 1104 1048 1186 καίτερ
1071 1097 1224 1185 βραχέων

211 1217 278 1270 τῶν
300 1204 536 1293 γεγραμμένων
564 1208 688 1291 ὄντων,
715 1206 816 1284 αὐτός
841 1229 876 1272 τε
904 1209 1114 1292 φανήσεσθαι
1142 1205 1224 1289 μετά

211 1311 317 1396 πάσης
338 1311 470 1389 εὐνοίας
492 1313 532 1378 τά
555 1309 669 1380 δέονθ’
696 1308 779 1399 ὑπὲρ
802 1303 897 1397 ὑμῶν
920 1312 1083 1397 πράττων,
1104 1310 1160 1376 καὶ
1182 1312 1224 1376 τὰ

185 1411 419 1503 4συμφέρουθ’
440 1418 521 1502 ὑμῖν
539 1416 668 1504 ἐμφανῆ
690 1417 820 1496 δείξειν.
865 1416 926 1504 οὐχ
944 1417 989 1494 ὡς
1005 1416 1223 1500 ἀπορούντων

212 1519 242 1586 δ
269 1522 364 1606 ὑμῶν
387 1523 548 1608 ῥητόρων,
577 1520 657 1589 οὐδὲ
678 1535 746 1590 τῶν
768 1525 850 1590 άνεν
873 1528 1035 1608 λογισμοῦ
1058 1522 1223 1610 ῥηιδίωςό

211 1650 244 1691 τι
261 1625 304 1692 δν
321 1627 464 1710 τύχωσιν
483 1626 662 1712 έρούντων,
686 1625 781 1706 ἔδοξέ
796 1652 853 1713 μοι
871 1630 932 1713 τήν
950 1628 1125 1713 ἐπιστολήν
1141 1627 1224 1713 πέμ·

212 1749 300 1796 πειν·
323 1727 394 1796 ἀλλ’
420 1730 482 1796 ὅσα
504 1731 657 1817 τυγχάνω
680 1730 725 1799 δι’
748 1731 919 1820 ἐμπειρίαν
941 1733 998 1801 καὶ
1018 1737 1056 1801 τὸ
1079 1755 1225 1820 παρηκο-

213 1833 413 1921 λουθηκέναι
441 1847 511 1913 τοῖς
538 1837 727 1923 πράγμασιν
757 1839 871 1925 είδύς,
906 1837 996 1908 ταῦτ’
1031 1839 1224 1927 ἐβουλήθην

211 1953 280 2019 τοῖς
297 1939 357 2027 μὲν
374 1941 649 2029 προαιρουμένοις
667 1941 776 2028 λέγειν
794 1941 923 2031 ἐμφανῆ
941 1948 1090 2032 ποιήσας,
1112 1945 1224 2032 άφθύ-
1235 1963 1295 2014 1464

213 2071 294 2124 νους
313 2046 464 2135 ἀφορμάς
482 2042 529 2115 ὧν
547 2049 770 2135 ὑπολαμβάνω
794 2050 975 2138 συμφέρειν
993 2051 1074 2138 ὑμῖν
1093 2053 1226 2138 δοῦναι,

212 2166 281 2231 τοῖς
310 2150 348 2219 δὲ
375 2159 511 2232 πολλοῖς
545 2154 665 2243 ῥᾳδίαν
699 2156 761 2241 τήν
789 2168 857 2223 τῶν
886 2161 1065 2242 βελτίστων
1095 2158 1224 2245 αἵρεσιν

213 2267 420 2343 καταστῆσαι.
461 2255 509 2326 ὧν
534 2257 595 2346 μέν
620 2256 683 2328 οὐν
709 2256 807 2328 εἵνεκ’
837 2260 964 2346 έπήλθέ
990 2286 1047 2347 μοι
1070 2265 1131 2348 τήν
1155 2262 1224 2329 ἐπι-

214 2367 335 2451 στολήν
357 2365 510 2451 γράφειν,
532 2365 623 2433 ταῦτ’
650 2366 728 2433 έστί.

187 2491 200 2531 ι
281 2476 347 2536 Δεῖ
363 2469 393 2536 δ’
411 2470 496 2556 ὑμᾶς
515 2468 541 2538 ὦ
560 2473 680 2558 ἄνδρες
689 2469 874 2559 Ἀθηναῖοι,
892 2485 1023 2562 πρῶτον
1040 2471 1103 2559 μέν
1121 2474 1223 2540 ἁπάν-

213 2601 280 2643 των
301 2577 384 2663 πρὸς
404 2577 489 2662 ὑμᾶς
511 2578 632 2655 αὐτοὺς
659 2578 820 2663 ὁμόνοιαν
847 2581 895 2658 είς
921 2581 959 2646 τὸ
980 2589 1076 2667 κοινή
1100 2579 1223 2666 συμφέ-

214 2705 275 2767 ρον
297 2691 337 2767 τῇ
359 2685 454 2748 πόλει
475 2681 720 2769 παρασχέσθαι,
746 2682 801 2751 καὶ
827 2685 885 2763 τάς
907 2684 1032 2752 ἐκτῶν
1053 2685 1222 2773 προτέρων

214 2787 394 2871 ἐκκλησιῶν
421 2786 678 2874 ἀμφισβητήσεις
714 2789 823 2874 ἐᾶσαι,
854 2792 1010 2877 δεύτερον
1038 2788 1075 2858 δὲ
1100 2791 1223 2870 πάντας

215 2893 251 2959 ἐκ
264 2901 340 2978 μιᾶς
354 2892 486 2978 γνύμης
504 2905 573 2974 τοῖς
592 2894 708 2973 δόξασι
726 2897 909 2982 προθύμως
927 2900 1221 2980 συναγωνίζεσθαι·

216 3001 260 3077 ὡς
280 3000 318 3066 τὸ
342 2996 422 3084 μήθ’
451 2999 488 3066 ἓν
510 2997 591 3084 μήθ’
620 2999 729 3078 ἁπλῶς
752 3001 918 3088 πράττειν,
941 3001 982 3068 οὐ
1006 3004 1111 3087 μόνον
1134 3002 1222 3069 έστίν

215 3103 350 3184 άνάξιον
372 3103 467 3187 ὐμῶν
496 3102 551 3170 καὶ
579 3103 728 3189 ἀγεννές,
756 3104 839 3171 ἀλλὰ
865 3104 921 3174 καί
947 3109 1026 3183 τούς
1052 3111 1222 3193 μεγίστους

189 3210 394 3287 οκινδύνονς
421 3211 497 3296 ἔχει.
543 3211 596 3277 δεῖ
623 3206 661 3276 δὲ
690 3207 773 3296 μηδέ
802 3221 904 3278 ταῦτα
933 3217 1052 3278 λαθεῖν
1080 3213 1222 3300 ύμᾶς,ὐ

215 3313 292 3380 καθ’
316 3316 399 3382 αὐτὰ
418 3312 479 3400 μὲν
498 3316 560 3382 οὐκ
578 3319 667 3383 ἔστιν
685 3315 829 3404 αὐτάρκη
849 3330 1023 3405 κατασχεῖν
1041 3321 1222 3405 πράγματα,

215 3418 439 3506 προστεθέντα
463 3417 500 3488 δέ
522 3431 593 3498 ταῖς
616 3422 798 3507 δυνάμεσιν
819 3428 932 3512 πολλῷ
956 3420 1051 3490 πάντ’
1073 3425 1222 3510 εὐκατερ-

216 3524 383 3612 γαστότερ’
414 3527 496 3612 ὑμῖν
522 3530 662 3612 ποιήσει.
713 3526 778 3594 τίν’
810 3523 872 3596 οὖν
900 3528 968 3596 ἐστι
993 3539 1110 3610 ταύτας
1143 3533 1221 3615 μήτε
