2654 3926
185 199 207 256 4
503 197 574 248 XLI.
597 195 875 247 ΔΗΜΟΣΘΕΝΟΤΣ

185 357 322 440 εύκτου,
345 356 405 438 την
431 357 529 438 τιμὴν
552 351 620 421 οὔτ’
648 353 763 443 έκείνφ
787 352 939 421 διέλυσεν
962 355 1037 420 οὔτε
1060 364 1124 426 νῦν
1148 357 1198 432 είς

184 463 222 526 τὸ
245 463 360 527 κοινὸν
379 458 607 548 ἀνενήνοχεν),
629 459 822 538 ὀκτακοσίας
844 457 959 526 δὲκαὶ
981 465 1097 546 χιλίας,
1118 458 1196 547 περὶ

159 560 233 631 εῶν
256 563 329 632 οὐδ’
357 562 453 649 ἔγωγ’
481 561 556 632 οἶδα
583 569 618 631 τί
641 563 720 633 ποθ’
747 565 812 645 έξει
840 567 969 632 δίκαιον
988 564 1105 650 λέγειν.
1151 561 1197 650 ην

184 667 245 755 μὲν
272 672 335 758 γὰρ
362 673 400 737 τὸ
428 670 588 758 ἀργύριον
617 673 705 758 παρὰ
727 681 784 756 τῆς
806 673 1022 739 Πολυεύκτου
1046 674 1197 738 δεδανει-

185 775 303 861 σμένος
325 781 492 862 γυναικός,
516 778 688 864 γράμματα
711 775 741 843 θ’
764 781 854 844 ἔστιν
877 777 898 844 ἀ
920 775 1090 844 κατέλιπεν
1114 777 1196 844 ἀπο-

183 881 367 969 θνῄσκουσ’
394 883 522 969 ἐκείνη,
544 885 706 971 μάρτυρες
728 882 759 950 θ’
787 885 823 951 οί
841 894 898 969 τῆς
919 886 1076 968 γυναικὸς
1098 883 1196 950 ἀδελ·

183 986 242 1073 φοὶ
269 993 429 1076 παρόντες
461 991 561 1056 ἀπασι
592 988 647 1055 καὶ
679 986 756 1056 καθ’
790 990 927 1057 ἕκαστον
958 989 1196 1077 ἐπερωτῶντες,

183 1096 238 1160 ἵνα
260 1093 365 1181 μηδὲν
389 1093 545 1183 δυσχερές
566 1095 646 1181 ἡμῖν
676 1103 726 1181 εἴη
749 1099 831 1184 πρὸς
852 1097 1023 1181 ἀλλήλους.
1068 1095 1196 1162 οὐκοῦν

184 1202 296 1268 δεινὸν
315 1198 340 1268 ὦ
359 1205 479 1289 ἀνδρες
497 1200 647 1269 δικασταὶ
669 1201 725 1269 καὶ
744 1201 905 1288 σχέτλιον,
928 1199 984 1288 ἐμὲ
1006 1198 1067 1286 μὲν
1090 1200 1198 1267 ἀποίν-

182 1331 265 1393 των,
289 1303 336 1375 ὧν
359 1308 379 1394 ἢ
402 1309 490 1394 παρὰ
513 1309 729 1375 Πολυεύκτου
753 1312 872 1388 ζῶντος
898 1304 941 1394 ἦν
964 1304 1150 1392 ἐωνημένος
1174 1309 1196 1392 ἢ

182 1415 270 1500 παρὰ
288 1424 345 1499 τῆς
363 1417 520 1498 γυναικὸς
537 1409 628 1500 εἶχον
651 1414 766 1499 αὐτοῦ,
788 1413 843 1481 καὶ
865 1418 963 1482 τόκον
985 1411 1115 1479 τιθέναι
1135 1412 1197 1480 καὶ

182 1521 242 1603 την
264 1521 363 1603 τιμην
382 1519 640 1604 ἀποδεδωκέναι,
662 1518 717 1586 καὶ
735 1530 799 1586 νῦν
818 1521 899 1605 ἀπερ
924 1521 1067 1605 ὤφειλον
1089 1515 1194 1584 πάντ’

144 1643 168 1682 10
182 1626 229 1700 είς
251 1627 288 1690 τὸ
311 1628 427 1692 κοινὸν
449 1624 576 1711 φέρειν,
599 1636 719 1692 τοῦτον
738 1623 776 1692 δὲ
798 1629 878 1711 μήτε
900 1637 966 1692 τῶν
989 1629 1102 1710 νόμων
1124 1637 1196 1692 τῶν

180 1727 349 1816 ὑμετέρων
385 1735 574 1816 φροντίζειν
610 1729 693 1816 μηθ’
731 1726 778 1797 ὧν
813 1730 944 1798 διέθετο
979 1732 1196 1810 Πολύευκτος

181 1839 260 1920 μητε
279 1847 346 1901 τῶν
364 1836 651 1921 καταλειφθέντων
669 1838 870 1923 γραμμάτων
890 1840 970 1922 μήτε
992 1848 1059 1903 τῶν
1082 1853 1195 1903 συνει-

182 1945 301 2026 δότων,
329 1941 412 2008 ἀλλά
434 1945 517 2027 πρὸς
537 1945 665 2010 ἅπαντα
687 1941 787 2010 ταῦθ’
812 1944 905 2027 ἥκειν
928 1943 1194 2028 ἀντιδικήσοντα.

247 2045 339 2133 Λαβέ
367 2050 408 2132 δη
438 2073 495 2133 μοι
522 2061 654 2134 πρῶτον
682 2045 742 2133 μὲν
769 2051 828 2115 τὸν
856 2052 977 2134 νόμον,
1004 2049 1040 2126 ὃς
1067 2049 1129 2115 ούκ
1152 2048 1195 2137 ἐᾷ

180 2166 247 2221 τῶν
270 2152 542 2238 ἀποτιμηθέντων
558 2157 606 2220 έτι
627 2157 724 2239 δίκην
745 2150 928 2240 εἶναιπρὸς
945 2157 1023 2232 τοὺς
1044 2157 1195 2241 ἔχοντας,
1206 2179 1275 2228 1031

181 2263 291 2327 ἔπειτα
313 2262 353 2326 τά
375 2261 548 2347 γράμματα
566 2261 605 2325 τά
624 2259 886 2346 καταλειφθέντα
908 2259 963 2327 καὶ
984 2263 1045 2346 τὴν
1068 2285 1194 2348 μαρτυ-
1317 2249 1318 2328 λ

181 2371 257 2453 ρίαν
279 2370 340 2452 τὴν
359 2364 618 2453 Ἀριστογένους.

383 2561 520 2616 ΝΟΜΟΣ.
556 2562 760 2614 ΓΡΑΜΜΑΤΑ.
796 2561 986 2615 MAHTPIA

141 2702 165 2741 ¹1
245 2687 415 2769 Βούλομαι
437 2689 553 2751 τοίνυν
577 2681 602 2750 ὦ
626 2687 746 2772 ἀνδρες
773 2684 923 2751 δικασταὶ
946 2682 1098 2771 καὶπερὶ
1121 2697 1189 2752 τῶν

179 2793 289 2858 ἀλλων
313 2785 360 2856 ὧν
380 2790 505 2874 ἐγκαλῶ
523 2789 601 2856 καθ’
624 2791 762 2858 ἕκαστον
784 2792 870 2876 ὑμᾶς
892 2790 1031 2870 ἀιόάξαι.
1063 2792 1188 2876 φιάλην

179 2893 240 2981 μέν
263 2898 325 2983 γὰρ
350 2899 505 2980 λαβόντες
527 2898 615 2984 παρά
638 2907 694 2982 τῆς
715 2899 931 2964 Πολυεύκτου
954 2899 1111 2982 γυναικὸς
1132 2896 1189 2964 καὶ
1313 2961 1314 2970 ,

178 3001 294 3080 θέντες
316 3000 455 3089 ἐνέχυρα
478 3004 558 3087 μετὰ
580 3007 743 3090 χρυσίων,
770 3003 831 3069 ούκ
854 3003 1073 3089 ἀνενηνόχασι
1094 3027 1187 3070 κεκο-
1313 2987 1314 3079 λ

178 3105 331 3192 μισμένοι
354 3109 492 3192 ταύτην,
516 3109 559 3186 ὡς
580 3109 661 3194 ὑμῖν
684 3112 879 3195 Δημόφιλος
902 3109 920 3176 ὁ
942 3108 1084 3194 θέμενος
1106 3135 1188 3195 μαρ-

177 3217 326 3300 τυρησει·
350 3215 477 3298 σκηνὴν
500 3211 530 3278 δ’
557 3214 599 3298 ἣν
623 3218 775 3300 ἔχουσιν,
797 3211 877 3281 οὐδὲ
899 3215 962 3301 γάρ
985 3227 1116 3300 ταύτην,
1131 3221 1188 3281 λα-

177 3323 292 3404 βόντες
328 3317 567 3405 ἀναφέρουσιν·
604 3322 688 3387 ἀλλα
721 3317 758 3386 δέ
788 3324 876 3387 πόσα
902 3330 1046 3387 τοιαῦτα.
1082 3323 1120 3388 τὸ
1150 3317 1188 3387 δέ

176 3430 366 3491 τελευταῖον
398 3426 647 3508 εἰσενεγκούσης
677 3434 735 3508 τῆς
766 3423 844 3509 έμης
880 3428 1037 3510 γυναικὸς
1069 3429 1116 3505 είς
1147 3428 1187 3492 τὰ

176 3529 311 3615 νεμέσια
333 3539 378 3616 τῷ
402 3527 500 3614 πατρὶ
523 3539 610 3614 μνᾶν
633 3530 795 3617 ἀργυρίου
817 3529 872 3598 καὶ
894 3533 1186 3619 προαναλωσάσης,
