2658 3914
223 185 288 253 182
551 191 597 242 121.
619 187 898 242 ΔΗΜοΣοταοωα

221 354 388 432 τιμεῖσθαι
409 349 492 432 πρὸς
512 347 612 432 ὑμᾶς,
640 347 719 413 όταν
746 347 849 433 δρῶσι
876 348 956 432 μητε
983 355 1052 422 τοῖς
1078 320 1235 430 χρηστδῖς

221 450 277 516 καὶ
306 452 474 530 εὐτάκτοις
501 453 598 538 χάριν
628 447 751 537 οὖσαν,
780 454 860 538 μήτε
890 461 961 538 ’τοῖς
988 458 1147 536 πονηροῖς
1176 445 1234 515 καὶ

182 575 209 618 ω
222 556 406 641 ἀκοσμοῦσι
432 561 594 644 τιμωρίαν
619 553 696 643 παρ’
727 558 835 642 ῦμών;
865 555 1088 642 ἀναγνώσεται
1115 549 1153 621 δδ
1175 552 1235 619 καὶ

221 663 281 727 τὸν
309 665 416 746 νόμον
444 663 524 749 ὑμῖν
553 662 609 730 καὶ
643 664 683 729 τὰ
716 662 913 748 ἀναλώματα
946 672 1007 729 τοῦ
1036 663 1159 748 χρόνον
1189 655 1234 725 οὗ

223 766 502 855 ἐπετριηράρχησα
523 765 607 857 ὑπὲρ
629 770 766 853 τούτου,
793 765 870 835 καθ’
897 767 1050 852 ἕκαστον,
1076 763 1234 841 καὶτοὺς

222 875 400 958 λιπόνεως,
433 875 514 941 ὅσον
548 874 682 952 ἕκαστος
716 877 801 961 ἔχων
831 873 993 961 ἀργύριον
1021 870 1147 958 ἀπέδρα
1175 869 1233 936 καὶ

222 977 320 1063 ὅπου,
342 973 387 1045 ἵν’
408 981 515 1065 εἰδῆτε
534 980 585 1046 ότι
603 981 679 1046 οὔτε
702 991 766 1046 νῦν
788 982 871 1065 πρὸς
888 979 974 1066 ὑμᾶς
990 980 1113 1059 ψεῦδος
1130 974 1232 1044 οὐδέν

222 1081 307 1167 λέγω
336 1085 412 1151 οῦτε
442 1085 479 1152 ἐν
508 1094 553 1175 τῷ
582 1089 733 1171 πρόσθεν
761 1089 890 1176 χρόνῳ,
922 1085 1069 1170 ἡγοῦμαί
1093 1106 1129 1150 τε
1158 1085 1231 1150 δεῖν

221 1191 281 1256 τὸν
303 1187 364 1276 μὲν
386 1192 451 1259 ὑπὸ
473 1203 540 1258 τῶν
561 1195 675 1276 νόμων
701 1195 825 1279 χρόνον
852 1189 1036 1278 ὡρισμένον
1059 1187 1232 1275 ἀμέμπτως

222 1294 302 1379 ὑμῖν
330 1302 540 1384 λῃτουργεῖν,
571 1301 650 1375 τοῦς
676 1294 714 1364 δὲ
740 1308 1029 1384 καταφρονοῦντας
1054 1293 1110 1361 καὶ
1136 1294 1230 1379 ὑμῶν

221 1399 277 1466 καὶ
308 1413 375 1468 τῶν
405 1405 519 1487 νόμων
555 1399 611 1467 καὶ
647 1401 709 1468 οὐκ
745 1400 922 1478 ἐθέλοντας
952 1404 1131 1466 πεύθεσθαι
1161 1411 1230 1476 τοῖς

222 1509 338 1590 νόμοις
366 1505 531 1590 ἐξελέγξας
564 1505 762 1585 ἀδικοῦντας
795 1506 832 1573 ἐν
861 1506 942 1592 ὑμῖν
971 1508 1230 1592 τιμωρήσασθαι.

183 1633 209 1674 ω
222 1605 261 1675 εὖ
284 1607 315 1676 δ’
338 1618 406 1678 λστε
429 1612 480 1678 ότι
503 1612 543 1678 οὐ
565 1611 730 1699 περὶτῶν
753 1611 841 1698 έμών
865 1614 960 1679 ἰδίων
983 1616 1109 1696 μᾶλλον
1130 1633 1230 1696 τιμω-

223 1717 366 1801 ρήσεσθε
397 1716 584 1803 Πολυκλέα,
615 1717 637 1802 ἢ
664 1717 725 1804 οὐχ
757 1714 840 1804 ὑπὲρ
870 1717 966 1803 ὑμῶν
997 1716 1118 1802 αὐτῶν,
1150 1713 1229 1784 οὐδὲ

221 1819 297 1907 περὶ
319 1833 385 1888 τῶν
407 1827 688 1909 παρεληλυθότων
705 1825 913 1910 τριηράρχων
932 1821 1118 1908 ἐπιμέλειαν
1135 1827 1228 1908 ποιη-

223 1933 322 1993 σεσθε
344 1931 461 2012 μόνον,
483 1927 567 1994 ἀλλὰ
589 1928 644 1995 καὶ
665 1927 825 2016 περὶτῶν
844 1931 1033 2014 μελλόντων
1055 1931 1227 2014 πρόνοιαν,

223 2034 305 2099 ώστε
333 2037 413 2118 μήτε
442 2037 519 2110 τοὺς
552 2038 817 2120 λῃτουργοῦντας
848 2032 1010 2119 ἀθυμεῖν,
1043 2036 1123 2118 μήτε
1150 2036 1228 2110 τοὺς

222 2140 398 2226 διαδόχους
410 2149 630 2225 καταφρονεῖν
644 2151 710 2205 τῶν
724 2142 849 2224 νόμων,
867 2136 939 2204 ἀλλ’
957 2137 1089 2204 ἀπιέναι
1103 2136 1157 2204 ἐπὶ
1170 2141 1226 2217 τὰς

221 2255 319 2331 ναῦς,
346 2246 425 2311 ὅταν
447 2250 709 2311 κατασταθῶσιν.
751 2244 772 2310 δ
793 2246 953 2332 προσήκει
975 2244 1061 2328 ὑμᾶς
1082 2242 1226 2330 ἐνθυμη-
1235 2259 1288 2311 1227

220 2349 342 2430 θέντας
362 2351 474 2439 ὀρθῶς
496 2349 551 2416 καὶ
573 2351 708 2429 δικαίως
731 2353 913 2436 διαγνῶναι
934 2349 1010 2435 περὶ
1033 2348 1196 2418 ἁπάντων.
1303 2395 1304 2406 1

182 2477 208 2518 ιτ
284 2455 411 2534 Ἡδέως
433 2454 463 2522 δ’
490 2455 532 2522 ἀν
559 2456 654 2541 ὑμῶν
680 2461 852 2541 πυθοίμην
876 2451 902 2521 ώ
925 2457 1044 2541 ἀνδρες
1067 2457 1228 2542 δικασταί,

221 2560 284 2629 τίν’
306 2564 348 2628 ἀν
370 2584 449 2630 ποτε
472 2563 607 2648 γνώμην
629 2561 705 2647 περὶ
727 2561 808 2647 ἐμοῦ
826 2568 939 2648 εἴχετε,
961 2564 993 2627 εί
1013 2571 1073 2628 τοῦ
1095 2586 1130 2628 τε
1152 2567 1226 2650 χρό-

221 2691 284 2734 νου
307 2666 478 2751 ἐξήκοντος
504 2667 559 2734 καὶ
585 2669 705 2736 τούτου
732 2669 776 2754 μὴ
803 2669 942 2752 ἥκοντος
968 2667 1022 2734 ἐπὶ
1047 2669 1109 2752 την
1131 2679 1227 2754 ναῦν,
1302 2751 1303 2756 ¹

221 2774 265 2860 μη
296 2772 575 2861 ἐπετριηράρχησα
603 2776 796 2852 κελεύοντος
823 2783 883 2841 τοῦ
913 2783 1114 2859 στρατηγοῦ,
1144 2772 1225 2840 ἀλλὰ

221 2877 331 2945 πλέων
353 2876 495 2966 ᾠχόμην.
531 2874 583 2967 ἆρ’
605 2880 666 2946 οὐκ
684 2879 726 2947 ἀν
744 2878 926 2967 ὠργίζεσθέ
944 2904 1002 2964 μοι
1019 2878 1074 2946 καὶ
1090 2879 1226 2963 ἡγεῖσθε

222 2985 264 3051 διν
287 2983 429 3063 ἀδικεῖν;
452 2986 483 3049 εί
503 2989 618 3050 τοίνυν
637 2985 679 3052 ἀν
698 2984 770 3071 ἐμοὶ
788 2989 860 3052 τότε
880 2985 1070 3072 ὠργίζεσθε,
1093 2985 1144 3051 ὅτι
1166 2986 1225 3052 οῦκ
1301 3039 1302 3058 ,

222 3090 517 3176 ἐπετριηράρχησα,
543 3101 613 3167 πῶς
634 3090 709 3178 οὐχὶ
731 3102 795 3157 νῦν
821 3097 979 3177 προσηκει
1001 3116 1087 3176 υμας
1108 3114 1224 3158 τουτον

221 3195 394 3281 εἰσπρᾶξαί
413 3219 469 3280 μοι
491 3197 531 3261 τὰ
552 3194 759 3283 ἀναλώματα,
782 3196 885 3281 δέγώ
904 3193 987 3282 ὑπὲρ
1006 3198 1126 3263 τούτου
1148 3196 1225 3282 ἀνη-
1300 3241 1301 3264 ι

221 3307 322 3384 λωσοι,
344 3303 402 3368 τὸν
426 3301 467 3367 οό
491 3300 724 3387 διαδεξάμενον
746 3304 808 3387 τὴν
830 3313 930 3381 ναῦν,

182 3425 208 3466 ιε
279 3404 351 3471 Ὅτι
381 3402 411 3471 δ’
445 3404 506 3471 οὐκ
538 3403 611 3490 ἐμοὶ
639 3409 730 3495 μόνω
767 3407 807 3472 οὐ
841 3406 1006 3486 διεδέξατο
1038 3408 1100 3494 την
1129 3418 1223 3492 ναῦν,

222 3512 305 3576 ἀλλὰ
334 3509 389 3576 καὶ
417 3513 578 3596 πρότερον
607 3511 772 3598 Ειίιριπίδη
807 3516 1065 3598 συντριήραρχος
1092 3513 1141 3578 ’ών
1169 3512 1222 3579 καὶ
