2658 3914
314 170 410 223 xm
427 171 555 226 ευμεν.
573 173 637 224 m
654 172 803 227 ιωιΗειΒ.
823 172 933 226 tvm.
1070 171 1134 236 105

124 353 226 416 τυρας
253 331 293 395 τὰ
319 331 427 412 ψευδῆ
456 328 752 416 μεμαρτυρηκέναι;
783 332 820 398 ov
838 353 876 416 γε
899 328 978 398 οὐδὲ
1000 341 1065 399 νῦν
1087 353 1138 398 πω

125 441 271 520 τολμῶσι
300 437 338 502 τὸ
369 447 462 520 σῶμα
493 445 550 520 τῆς
581 435 764 522 ἀνθρώπου
793 439 1020 524 παραδοῦναι,
1048 439 1138 503 καθά

126 544 253 626 ἔφασαν
283 540 552 626 προκαλέσασθαι
580 528 640 609 τὸυ
668 545 846 628 Θεόφημον
873 541 928 609 καὶ
958 542 1138 628 ἐμαρτύρη-

127 663 190 712 σαν
212 647 315 734 αὐτῷ,
337 644 393 713 καὶ
414 648 475 731 τὴν
498 644 560 732 μὲν
578 652 762 733 μαρτυρίαν
785 651 870 739 ἐργφ
892 652 1073 734 βεβαιῶσαι
1094 648 1139 726 ώς

98 752 255 836 εάληθής
274 751 354 837 ἐστι,
377 750 431 818 καὶ
454 756 531 830 τοὺς
549 754 717 839 μάρτυρας
739 753 949 841 ἀπηλλάχθαι
970 765 1032 821 τοῦ
1054 754 1139 837 ἀγώ-

124 882 200 942 υος,
225 859 432 944 παραδόντος
459 860 496 925 τὸ
520 869 613 944 σῶμα
635 867 693 943 τῆς
714 857 918 945 ἀνθρώπου,
939 861 1001 944 την
1023 857 1054 924 δ’
1080 861 1139 926 ἀν-

124 969 265 1049 θρωπον
297 961 373 1048 περὶ
404 973 462 1048 τῆς
492 965 617 1042 αἰκείας
647 967 904 1050 βασανίζεσθαι,
936 961 987 1050 ἐφ’
1020 957 1042 1052 ᾖ
1074 963 1137 1049 ἐγώ

127 1070 236 1134 διώκω
267 1071 342 1156 δίκη
369 1071 428 1136 τὸν
456 1071 652 1154 Θεόφημον,
682 1068 794 1154 ἐπειδη
821 1073 893 1137 τότε
922 1071 963 1136 οὐ
985 1069 1139 1157 παρέσχε,

126 1172 262 1241 καὶτὸν
284 1178 420 1261 ἐλεγχον
444 1173 476 1254 ἐξ
501 1169 548 1240 ὧν
571 1175 590 1242 ὁ
614 1178 788 1262 Θεόφημος
813 1178 904 1260 ἔλεγε
926 1179 999 1242 τότε
1023 1175 1139 1255 ἐξαπα-

126 1291 193 1346 τώυ
214 1283 292 1358 τοὺς
315 1280 480 1365 δικαστάς,
503 1278 540 1345 ἐκ
562 1281 690 1346 τούτων
713 1285 906 1365 γίγνεσθαι;
929 1284 992 1366 έφη
1015 1282 1078 1367 γὰρ
1102 1280 1139 1348 έν

125 1395 165 1472 τῇ
189 1388 264 1472 δίκη
287 1395 345 1470 της
367 1387 503 1469 αἰκείας,
524 1389 603 1464 τοὺς
625 1382 686 1471 μέν
708 1387 876 1473 μάρτυρας
898 1390 976 1464 τοὺς
997 1409 1139 1473 παραγε-

125 1490 290 1577 νομένους
314 1489 370 1558 καὶ
397 1501 647 1578 μαρτυροῦντας
673 1493 713 1558 τά
740 1495 903 1578 γενόμενα
932 1491 969 1558 έν
991 1517 1139 1579 γραμμα-

125 1602 202 1687 τείω
221 1598 302 1663 κατὰ
320 1600 380 1665 τὸυ
397 1600 516 1682 νόμον,
533 1598 668 1678 ψευδεῖς
685 1594 772 1664 εἰναι
789 1597 844 1665 καὶ
862 1595 918 1665 ὑπ’
942 1597 1023 1683 ἐμοῦ
1040 1620 1139 1686 παρε-

101 1701 388 1788 Ισκευασμένους,
419 1704 480 1787 την
508 1699 538 1768 δ’
569 1704 751 1790 ἀνθρωπον
777 1704 839 1787 την
868 1702 1140 1790 παραγενομένην

127 1808 216 1895 ἐρεῖν
237 1808 384 1894 τάληθῆ,
407 1809 470 1875 οὐκ
492 1808 528 1875 ἐκ
550 1813 772 1895 γραμματείου
795 1821 1041 1896 μαρτυροῦσαν,
1063 1807 1136 1876 ἀλλ’

127 1915 163 1982 ἐκ
184 1925 241 2000 τῆς
264 1917 478 2002 ἰσχυροτάτης
500 1919 696 2002 μαρτυρίας,
723 1915 1004 2001 βασανιζομένην,
1027 1917 1140 1983 ὁπότε-

99 2042 185 2108 ορος
207 2017 284 2107 ἦρξε
312 2033 432 2106 χειρῶν
462 2020 596 2087 ἀδίκων.
633 2021 735 2105 άδὴ,
761 2030 807 2110 τῷ
836 2025 924 2111 λόγῳ
947 2024 1020 2088 τότε
1042 2046 1139 2088 κατα-

126 2128 294 2213 χρώμενος
324 2125 379 2191 καί
412 2125 577 2212 μάρτυρας
608 2130 829 2213 παρεχόμενος
855 2128 1002 2212 τούτων,
1033 2128 1140 2212 ἠπάτα

127 2235 206 2309 τοὺς
235 2231 407 2314 δικαστάς,
437 2240 502 2296 νῦν
531 2229 731 2317 ἐξελέγχεται
756 2233 864 2316 ψευδῆ
892 2233 985 2298 ὄντα·
1016 2234 1054 2298 τὸ
1076 2232 1139 2318 γάρ

128 2349 222 2422 σῶμα
244 2345 301 2420 τῆς
323 2335 506 2421 ἀνθρώπου
530 2336 571 2402 οῦ
593 2341 697 2424 τολμᾷ
719 2338 947 2423 παραδοῦναι,
977 2337 995 2403 ὃ
1018 2360 1140 2423 μεμαρ-
1150 2359 1217 2410 1142

127 2446 308 2530 τυρηκασιυ
340 2441 442 2508 αὐτὸν
474 2439 604 2507 ἐθέλειν
635 2443 862 2526 παραδοῦναι,
898 2441 981 2508 ἀλλὰ
1013 2448 1139 2528 μᾶλλον
1268 2476 1270 2482 ·

127 2548 310 2638 προῄρηται
338 2551 397 2615 τὸν
424 2546 571 2632 ἀδελφὸν
598 2544 653 2612 καὶ
680 2549 739 2614 τὸν
768 2548 930 2632 κηδεστὴν
951 2550 1139 2636 ψευδομαρ-

126 2668 250 2743 τυριῶν
279 2654 521 2739 ἀγωνίζεσθαι,
549 2652 570 2737 ἣ
593 2654 802 2738 παραδοῦναι
827 2656 865 2721 τὸ
889 2665 981 2739 σῶμα
1002 2665 1060 2739 τῆς
1082 2655 1139 2722 ἀν-

126 2764 267 2848 θρώπου
296 2758 352 2827 καὶ
379 2760 515 2836 δικαίως
542 2759 769 2846 ἀπηλλάχθαι,
798 2757 854 2826 καὶ
882 2761 927 2845 μὴ
951 2761 1006 2826 διὰ
1029 2764 1138 2845 λόγων

127 2867 181 2933 καί
204 2869 357 2953 δεήσεως,
381 2865 439 2931 ἐάν
463 2866 647 2949 δάνωνται,
670 2863 929 2950 ἐξαπατήσαντες
951 2866 1036 2952 ὑμᾶς
1059 2867 1138 2934 ἀπο-

87 2993 113 3033 ιο
126 2976 275 3061 φεύγειν,
293 2972 451 3049 πολλάκις
469 2969 551 3056 ἐμοῦ
568 2969 859 3057 προκαλεσαμένου
877 2969 932 3038 καὶ
951 2971 1139 3057 ἐξαιτήσαν-

126 3104 181 3158 τος
203 3081 265 3164 την
288 3080 482 3163 ἄνθρωπον,
503 3074 559 3142 καὶ
581 3078 654 3142 τότε
677 3072 704 3141 τ’
733 3073 904 3155 ἀξιοῦντος
926 3079 1138 3164 παραλαμβά-

125 3209 198 3252 υειν
220 3183 275 3251 καί
298 3183 377 3268 μετὰ
399 3183 461 3266 την
485 3179 669 3266 δίκην,καί
693 3181 746 3248 ὅτε
771 3181 915 3260 ἐξέτινον
938 3183 1060 3266 αὐτοῖς,
1082 3182 1137 3251 καί

126 3291 177 3378 ἐφ’
203 3285 226 3378 ί]
250 3291 313 3375 ἐγὼ
337 3291 411 3376 δίκη
434 3290 494 3356 τὸν
513 3291 692 3374 Θεόφημον
715 3289 824 3354 διώκω
847 3297 904 3373 τῆς
925 3291 1060 3372 αἰκείας,
1082 3287 1138 3354 καί

127 3397 163 3463 ἐν
184 3407 223 3483 τῇ
247 3395 418 3481 ἀνακρίσει
439 3403 507 3459 τών
529 3395 840 3480 ψευδομαρτυριῶν·
868 3392 924 3459 καί
946 3395 1074 3459 τούτων
1097 3395 1137 3460 οῦ

125 3498 436 3587 προσποιουμένων,
471 3497 554 3564 ἀλλὰ
590 3501 679 3588 λόγῳ
711 3493 773 3583 μέν
809 3499 1067 3584 μαρτυρούντων
1097 3499 1138 3562 τὰ
