2658 3922
422 224 518 274 RATA
535 223 830 280 Δῑοανεοεεεεου.
1068 221 1133 288 237

118 393 165 473 τῷ
185 384 351 469 πράγματι
369 391 538 469 προσῇμεν
554 384 661 474 τούτςο
679 392 724 472 τβ
749 381 961 470 ἀρχιτέκτονι
978 391 1036 467 τῆς
1057 382 1137 468 όλης

121 491 310 576 ἐπιβουλῆς,
333 487 605 573 ἀγανακτοῦντες,
624 481 698 556 οἷον
716 491 815 574 είκὸς,
833 487 889 557 καὶ
907 489 1135 574 ἐγκαλοῦντες,

122 597 173 662 ότι
195 596 380 681 διαρρήδην
402 594 496 679 ἡμῶν
520 594 764 681 διορισαμένων
786 595 824 663 ἐν
846 607 918 674 ταῖς
941 595 1136 678 συνθήκαις,

123 701 210 779 ὅπως
227 701 248 786 ἡ
266 711 349 778 ναῦς
366 702 535 786 μηδαμόσε
553 702 811 768 καταπλεύσεται
832 697 905 768 ἀλλ’
926 699 948 784 ἢ
971 701 1018 777 είς
1036 696 1137 780 Ἀθή-

122 832 201 892 νας,
220 804 275 872 καὶ
298 804 352 872 ἐπὶ
373 807 508 884 ταύταις
532 817 605 884 ταῖς
631 807 824 892 ὁμολογίαις
851 805 1076 873 δανεισάντων
1098 805 1136 871 τδ

123 913 300 1000 ἀργύριον,
322 911 408 997 ἡμᾶς
430 908 491 997 μὲν
513 911 552 982 ἐν
574 911 704 1000 ὑποψίᾳ
729 910 944 979 καταλέλοιπε
965 922 1035 988 τοῖς
1056 915 1136 998 βου-

122 1017 275 1103 λομένοις
292 1020 464 1086 αἰτιᾶσθαι
481 1015 537 1084 καὶ
555 1017 677 1105 λέγειν,
699 1019 744 1096 ὡς
766 1021 831 1103 ἀρα
847 1016 903 1084 καὶ
920 1017 1014 1102 ὑμεῖς
1030 1039 1136 1083 κεκοι-

120 1128 317 1210 νωνήκαμεν
342 1133 401 1210 τῆς
428 1127 575 1210 σιτηγίας
602 1133 661 1209 τῆς
687 1126 734 1202 εἰς
754 1127 816 1210 τὴν
834 1121 961 1208 Ῥόδον,
983 1120 1078 1189 αὑτοὶ
1101 1119 1132 1190 δ’

121 1227 222 1298 οὐδὲν
245 1235 373 1316 μᾶλλον
395 1230 457 1314 την
479 1239 566 1297 ναῦν
593 1231 713 1315 ἥκουσι
739 1232 1009 1314 κατακομίζοντες
1030 1230 1078 1306 είς
1099 1229 1136 1295 τὸ

73 1357 106 1398 ιε
120 1336 282 1424 ὑμέτερον
319 1335 479 1423 ἐμπόριον
517 1338 565 1414 είς
597 1335 615 1403 δ
648 1337 908 1424 συνεγράψαντο.
953 1333 1066 1420 ἐπειδὴ
1099 1330 1132 1400 δ’

121 1439 222 1515 οὐδὲν
250 1441 467 1529 ἐπεραίνομεν
494 1438 579 1529 ὑπὲρ
606 1451 664 1527 τῆς
691 1452 885 1528 συγγραφῆς
910 1439 967 1508 καὶ
992 1451 1060 1507 τῶν
1088 1442 1138 1507 δι

120 1552 225 1616 καίων
248 1550 497 1633 διαλεγόμενοι,
521 1547 604 1615 ἀλλὰ
626 1551 668 1615 τό,
687 1572 727 1634 γε
748 1549 884 1615 δάνειον
906 1545 962 1614 καὶ
984 1549 1063 1625 τούς
1083 1549 1137 1613 τό·

120 1677 201 1732 κους
218 1653 376 1740 ἠξιοῦμεν
395 1653 577 1739 ἀπολαβεῖν
590 1657 670 1732 τοῦς
689 1654 723 1734 ἐξ
742 1654 844 1742 ἀρχῆς
861 1652 1137 1738 ὁμολογηθέντας.

121 1757 219 1838 οὗτος
240 1757 271 1827 δ’
298 1760 404 1838 οὑτως
426 1759 625 1846 ὑβριστικῶς
647 1759 808 1847 ἐχρήσατο
830 1760 927 1846 ὑμῖν,
954 1761 1037 1826 ὥστε
1058 1761 1138 1837 τοὺς

121 1862 183 1950 μέν
212 1867 331 1943 τόκους
357 1868 436 1943 τοὺς
463 1866 501 1932 ἐν
527 1876 567 1954 τη
601 1875 775 1954 συγγραφῇ
801 1865 1049 1955 γεγραμμένους
1075 1865 1137 1932 οὑκ

121 1974 185 2057 ἐφη
220 1971 355 2037 δύσειν·
385 1971 434 2038 *εί
466 1968 504 2038 δέ
538 1969 721 2058 βούλεσθ”
757 1975 819 2058 ἐφη
854 1973 1065 2059 ’κομίζεσθαι
1098 1972 1136 2038 τδ

120 2078 204 2162 πρὸς
226 2073 325 2161 μέρος
345 2087 406 2143 τοῦ
428 2081 516 2144 πλοῦ
538 2088 600 2145 τοῦ
621 2076 889 2163 πεπλευσμένου,
916 2079 1013 2146 δώσω
1035 2074 1137 2161 ὑμῖν’

121 2180 205 2266 φησὶ
223 2181 318 2258 ιτοὺς
334 2179 505 2259 είςῬόδον
525 2186 657 2261 τόκους·
675 2180 854 2259 πλείουςδ
872 2183 934 2250 οὑκ
952 2183 994 2250 ἀν
1014 2180 1138 2268 δοίην’,

122 2287 222 2364 αὐτὸς
244 2284 349 2375 ἑαυτῷ
373 2293 572 2371 νομοθετῶν,
592 2285 648 2352 καὶ
670 2286 745 2375 οὐχὶ
766 2297 836 2364 τοῖς
858 2285 894 2352 ἐκ
915 2296 973 2370 της
994 2305 1138 2372 συγγρα-

77 2413 107 2455 ιε
121 2400 187 2479 φῆς
210 2393 351 2470 δικαίοις
373 2394 582 2476 πειθόμενος.
619 2393 664 2470 ὡς
687 2390 718 2458 δ’
745 2392 840 2478 ἡμεῖς
862 2391 924 2459 ούκ
947 2391 989 2458 διν
1011 2395 1214 2478 ἐφαμενικεῖ

122 2507 334 2586 συγχωρῆσαι
348 2494 450 2564 οὐδὲν
464 2498 604 2584 τούτων,
623 2500 829 2584 λογιζόμενοι
847 2498 910 2582 ὅτι,
929 2499 1025 2566 ὁπότε
1039 2508 1137 2565 τοῦτο

121 2603 306 2692 πράξομεν,
333 2605 565 2691 ὁμολογοῦμεν
591 2602 648 2670 καὶ
680 2602 774 2672 αὑτοὶ
800 2606 849 2682 εἰς
869 2601 984 2673 Ῥόδον
1011 2622 1138 2690 σεσιτη-

121 2709 277 2796 γηκέναι,
312 2713 360 2778 ἔτι
392 2716 520 2796 μᾶλλον
557 2709 722 2777 ἐπέτεινεν
755 2705 851 2788 οὑτος
885 2709 941 2777 καὶ
971 2712 1138 2798 μάρτυρας

122 2820 266 2895 πολλοὺς
295 2817 501 2905 παραλαβὼν
530 2814 689 2905 προσῄει,
722 2817 860 2903 φάσκων
894 2816 1024 2902 ἕτοιμος
1051 2814 1137 2885 εἶναι

122 2923 320 2991 ἀποδιδόναι
337 2925 376 2991 τδ
395 2923 531 2990 δάνειον
549 2921 605 2988 καὶ
622 2925 700 3001 τοὺς
717 2926 835 3000 τόκους
851 2924 930 3000 τοὺς
945 2925 993 3000 εἰς
1010 2920 1137 3008 Ῥόδον,

122 3025 223 3097 οὐδὲν
246 3035 374 3115 μᾶλλον
397 3025 424 3094 ὦ
446 3030 567 3116 ἄνδρες
594 3026 749 3096 δικασταὶ
776 3029 961 3096 ἀποδοῦναι
983 3030 1137 3097 διανοού-

122 3158 232 3220 μενος,
249 3132 323 3202 ἀλλ’
339 3136 425 3221 ἡμᾶς
444 3135 690 3221 ὑπολαμβάνων
710 3135 772 3203 οὐκ
790 3135 832 3202 όν
851 3134 1009 3220 ἐθελῆσαι
1022 3140 1137 3221 λαβεῖν

122 3242 159 3306 τὸ
182 3239 345 3328 ἀργύριον
364 3241 420 3307 διὰ
437 3241 496 3319 τάς
514 3241 664 3319 ὑπούσας
686 3244 799 3318 αἰτίας.
835 3240 981 3325 ἐδήλωσε
1004 3237 1034 3306 δ’
1057 3240 1136 3308 αὑτὸ

84 3365 109 3405 1⁴
122 3349 159 3412 τὸ
183 3349 292 3434 ἔργον.
328 3345 443 3432 ἐπειδὴ
465 3348 529 3435 γάρ
553 3343 579 3414 ὦ
600 3349 720 3433 ἄνδρες
740 3343 915 3431 Ἀθηναῖοι
936 3356 1003 3412 τῶν
1025 3343 1138 3430 ὑμετέ-

123 3475 191 3536 ρων
227 3457 372 3519 πολιτῦν
408 3449 497 3530 τινες
532 3457 797 3542 παραγενόμενοι
834 3451 898 3518 ἀπὸ
933 3449 1138 3535 ταύτομάτου

2 3620 10 3644 ,
123 3560 372 3644 συνεβούλευον
394 3560 475 3645 ἡμῖν
497 3561 535 3627 τὸ
558 3555 620 3644 μὲν
644 3561 824 3645 διδόμενον
847 3557 1041 3643 λαμβάνειν,
1062 3550 1138 3638 περὶ
