2654 3926
227 181 267 244 16
521 183 605 235 xm.
634 177 937 250 [οΗΜοΣοωαοεΣ]

541 341 743 394 ΜΑΡΤΤΡΙΔῙ.
779 340 905 392 ΝΟΜΟΙ.

293 452 435 514 Τοιαῦτα
456 450 572 513 τοίνυν
592 442 617 512 ὦ
636 449 756 532 ἀνδρες
774 443 924 512 δικασταὶ
941 444 1117 519 πεπονθὼς
1138 441 1241 526 [ἐγὼ]

221 553 285 618 ὑπὸ
315 557 520 636 Φαινίππου,
548 550 788 639 ἀπεγραψάμην
818 554 900 639 πρὸς
925 553 1003 627 τοὺς
1030 551 1242 635 στρατηγοὺς

221 657 356 742 ταυτηνὶ
378 659 439 744 τὴν
462 657 669 744 ἀπογραφήν.
706 657 788 742 λέγε.

617 853 827 905 ΑΠΟΓΡΑΦΗ.
1251 853 1307 902 104

183 992 207 1032 ¹¹
287 981 366 1054 Πῶς
388 972 451 1043 οὑν
473 978 596 1062 άλλως,
623 979 706 1063 πρὸς
732 989 798 1043 τῶν
821 983 912 1042 θεῶν
934 972 988 1041 καὶ
1011 976 1182 1058 δαιμόνων
1207 969 1236 1038 ὦ

220 1082 339 1168 ἀνδρες
358 1084 519 1168 δικασταί,
542 1081 762 1149 ἐπιδεικνύειν
780 1081 861 1166 ὑμίν
880 1082 933 1145 δεῖ
950 1084 1140 1146 Φαίνιππον
1160 1083 1236 1146 ἔνο·

220 1211 280 1273 χον
310 1190 390 1254 όντα
419 1201 489 1265 τοῖς
518 1185 798 1272 ἀνεγνωσμένοις,
832 1186 853 1271 ἣ
882 1186 983 1271 ὅνπερ
1011 1190 1136 1272 τρόπον
1166 1185 1234 1270 ἐγὼ

220 1305 284 1361 νῦν
303 1294 514 1373 έπιδεικνύω;
535 1290 607 1359 ἀλλ’
629 1293 718 1378 ὅμως
736 1291 786 1378 ἔμ’
804 1292 1029 1378 ἀντεγράψατο
1046 1295 1235 1369 Φαίνιππος

221 1402 264 1484 μὴ
296 1401 430 1476 δικαίως
467 1399 665 1484 ἀποφαίνειν
701 1401 762 1483 την
799 1399 930 1466 ούσίαν·
963 1399 1050 1465 οὑτω
1082 1400 1118 1464 τὸ
1150 1399 1233 1483 πρὸς

219 1505 304 1589 ὑμᾶς
327 1506 511 1583 ψεύδεσθαι
533 1517 603 1582 τοῖς
624 1507 787 1583 τοιούτοις
811 1502 930 1592 ῥᾴδιόν
953 1504 1034 1570 ἐστι·
1057 1501 1112 1569 καὶ
1134 1527 1233 1588 κατη-

221 1621 317 1696 γορεῖ
332 1620 392 1677 τοῦ
411 1610 524 1695 ὅρκου,
548 1610 588 1676 δν
607 1613 721 1695 ὤμοσα
738 1613 802 1698 πρὸ
821 1621 878 1696 τῆς
895 1609 1102 1696 ἀποφάσεως,
1124 1608 1231 1692 λέγων

220 1717 271 1782 ὅτι
300 1719 386 1801 πλην
415 1726 482 1781 τῶν
512 1715 548 1781 ἐν
581 1728 650 1793 τοῖς
684 1719 793 1803 ἔργοις
826 1717 1016 1802 ὑπεσχόμην
1045 1715 1231 1801 ἀποφανεῖν

223 1825 283 1907 την
307 1824 412 1906 ἀλλην
436 1822 565 1908 οὐσίαν,
589 1823 698 1909 ὥσπερ
721 1826 758 1890 τὸ
781 1824 863 1888 κατά
884 1826 963 1900 τούς
982 1825 1107 1907 νόμους
1129 1822 1231 1906 ὀμνύ-

182 1945 207 1986 1⁸
221 1952 283 2013 ειν,
306 1927 393 1995 τοῦτ’
421 1927 514 2007 ἀξιον
541 1932 739 2015 κατηγορίας
765 1931 813 1994 όν.
854 1929 948 2014 ὑμεῖς
974 1927 1006 1996 δ’
1035 1922 1096 1995 ἴστ’
1123 1923 1149 1993 ὦ
1172 1929 1230 1993 ἀν-

222 2036 296 2121 δρες
319 2036 472 2100 δικασταί
492 2033 599 2121 (ὑμεῖς
616 2036 680 2122 γάρ
699 2032 836 2122 ἔθεσθε)
859 2038 918 2102 τὸν
939 2039 1057 2120 νόμον,
1079 2034 1116 2112 ὃς
1138 2035 1231 2120 διαρ-

221 2143 327 2227 ρήδην
346 2141 432 2208 οὑτω
451 2140 551 2224 λέγει,
570 2143 648 2218 τοὺς
666 2139 698 2206 δ’
721 2141 950 2219 ἀντιδιδόντας
967 2141 1132 2226 ἀλλήλοις,
1150 2141 1229 2207 ὅταν

221 2246 399 2331 ὀμόσαντες
421 2246 629 2332 ἀποφαίνωσι
651 2249 712 2332 τὴν
736 2249 865 2333 ούσίαν,
887 2249 1111 2334 προσομνύειν
1132 2249 1229 2313 τόνδε
1306 2317 1307 2324 ¹

220 2355 278 2418 τὸν
302 2353 403 2439 ὅρκον
432 2352 608 2438 (ἀποφανῶ
636 2354 697 2437 την
725 2354 843 2420 ούσίαν
869 2355 931 2437 την
955 2352 1097 2438 ἐμαυτοῦ
1120 2352 1228 2440 ὀρθῶς
1306 2337 1307 2341 ¹

220 2456 275 2523 καὶ
295 2461 439 2543 δικαίως,
461 2461 548 2543 πλὴν
571 2471 638 2525 τῶν
661 2459 697 2524 έν
721 2471 789 2537 τοίς
812 2463 921 2547 ἔργοις
941 2471 1011 2537 τοῖς
1032 2458 1227 2545 ἀργυρείοις,

183 2582 207 2622 1⁹
221 2565 282 2629 ὅσα
301 2565 337 2631 οί
351 2568 449 2650 νόμοι
468 2565 565 2649 ἀτελη
587 2567 829 2649 πεποιηκασιν.’
866 2572 993 2651 μᾶλλον
1015 2562 1054 2632 δέ
1075 2564 1148 2648 λέγε
1170 2567 1227 2632 τὸν

220 2672 325 2753 νόμον
353 2670 463 2736 αύτόν.
505 2674 622 2756 μικρὸν
650 2668 710 2756 μὲν
739 2667 800 2738 οὑν
828 2673 960 2739 ίκετεύω
988 2671 1124 2758 έπίσχες.
1164 2671 1226 2755 ἐγὼ
1305 2703 1306 2749 ι

220 2777 282 2861 γάρ
306 2772 361 2841 καὶ
383 2779 545 2863 πρότερον
567 2778 836 2864 προεκαλεσάμην
861 2781 1068 2863 Φαίνιππον,
1088 2775 1144 2843 καὶ
1165 2787 1226 2844 νῦν

221 2876 246 2945 ὦ
270 2882 389 2966 ἀνδρες
412 2880 562 2947 δικασταὶ
590 2880 707 2967 δίδωμ’
739 2883 827 2971 αύτῷ
852 2884 993 2969 δωρειάν
1015 2881 1071 2948 καί
1093 2881 1225 2968 ἀφίστα·

220 3012 278 3072 μαι
308 2989 387 3072 μετὰ
416 2997 474 3072 τῆς
503 2990 604 3073 άλλης
633 2988 748 3067 οὐσίας
777 2987 831 3054 καί
860 3000 926 3054 τῶν
949 2988 986 3054 έν
1013 3000 1082 3066 τοῖς
1110 2991 1224 3074 ἔργοις,

220 3093 278 3159 ἐάν
297 3117 353 3178 μοι
372 3095 432 3177 τὴν
451 3093 605 3180 ἐσχατιὰν
623 3098 730 3179 μόνην
749 3094 930 3181 ἐλευθέραν
947 3097 1097 3183 παραδῷ,
1120 3095 1223 3179 ὥσπερ

219 3195 262 3284 ἦν
286 3197 331 3264 ὅτ’
359 3199 423 3283 ἐγὼ
446 3202 483 3266 τὸ
506 3213 638 3287 πρῶτον
665 3197 774 3284 ἦλθον
800 3203 847 3277 είς
874 3201 978 3284 αὐτὴν
1006 3202 1086 3285 μετά
1108 3203 1223 3289 μαρτύ-

220 3329 300 3390 ρων,
323 3303 378 3371 καὶ
401 3305 472 3390 ἐάν,
495 3305 534 3372 δν
557 3305 670 3391 ἐξῆχεν
698 3305 733 3372 ἐκ
760 3317 827 3371 τῶν
850 3306 1036 3390 οίκημάτων
1059 3319 1153 3374 σῖτον
1173 3305 1223 3374 καὶ

220 3407 315 3478 οἶνον
337 3411 392 3478 καὶ
414 3414 528 3496 πόλλα,
551 3411 683 3498 ἀφελὼν
711 3411 774 3478 ἀπὸ
802 3424 869 3480 τῶν
896 3419 1015 3499 θυρῶν
1037 3414 1078 3479 τά
1100 3426 1223 3499 σημεῖα,

219 3529 320 3585 ταῦτα
347 3519 447 3584 πάλιν
475 3520 521 3595 είς
548 3518 646 3584 ταύτὸ
674 3521 867 3607 καταστηση.
908 3517 963 3584 καὶ
989 3521 1024 3584 τί
1049 3516 1154 3602 λε’γεις
1180 3524 1222 3588 ἔτι
1303 3513 1304 3565 3
