2654 3926
441 117 540 167 ΠΡοΣ
558 115 808 171 Μικιυιαυοω.
1090 113 1132 177 29

108 271 262 353 ἀνεψιοῦ
285 286 361 352 παῖς
384 275 432 340 ὢν
450 273 564 362 Ἁγνίᾳ
581 277 664 361 πρὸς
685 278 821 361 πατρός,
845 274 999 359 έπειδὴη
1026 279 1135 340 Φυλο-
1251 341 1258 356 ,

110 381 204 466 μάχη
229 381 250 464 ἡ
275 383 381 466 μήτηρ
403 381 424 464 ἡ
447 381 662 466 Εὐβουλίδου
684 379 740 446 καὶ
763 381 780 446 ὁ
800 379 963 465 Πολέμων
988 381 1005 446 ὁ
1028 381 1133 466 πατὴρ

111 486 131 552 ὁ
158 483 299 569 Ἁγνίου
332 484 470 572 ἀδελφοὶ
503 481 588 570 ἦσαν
621 486 815 572 ὁμοπάτριοι
846 483 902 552 καὶ
931 486 1134 571 ὁμομήτριοι.

111 598 162 676 τῷ
187 588 229 654 δέ
256 613 295 672 γε
317 592 526 680 Μακαρτάτῳ
557 589 656 679 τᾳδλ,
684 599 729 678 τῷ
759 592 827 656 υίεῑ
854 600 900 679 τῷ
926 595 1134 676 Θεοπόμπου,

114 692 221 762 οὐδὲν
245 692 375 778 ἐγένετο
398 697 537 779 ἔκγονον
556 697 574 761 ὅ
592 720 622 761 τι
647 692 737 761 ἐστὶν
760 695 796 761 έν
818 706 864 784 τῷ
888 703 967 786 οίκᾳ
990 706 1035 784 τῷ
1059 699 1134 762 τού-

78 830 100 868 α
114 825 177 867 του
201 799 259 866 καὶ
282 810 327 888 τῷ
352 804 528 886 Στρατίου.
573 802 701 866 τούτων
725 799 755 866 δ’
783 801 888 879 οὕτως
911 801 1065 888 έχόντων,
1087 811 1132 890 τῷ

116 903 179 992 μὲν
203 903 300 972 παιδὶ
322 910 447 995 τουτᾳί
468 906 558 972 ἐστιν
586 909 691 991 ὐνομα
713 919 780 972 τῶν
805 906 841 972 έν
863 917 908 995 τῷ
932 912 1024 997 νόμᾳ
1047 911 1134 994 είρη-

116 1011 248 1098 μένων,
275 1010 332 1077 καὶ
354 1011 449 1097 μέχρι
477 1006 524 1078 ὧν
547 1012 566 1078 ὁ
588 1015 691 1097 νόμος
713 1013 840 1078 κελεύει
862 1014 924 1097 τὴν
947 1013 1134 1100 ἀγχιστείαν

117 1115 220 1185 εἶναι·
250 1117 392 1198 ἀνεψιοῦ
421 1119 485 1204 γάρ
510 1115 645 1202 Ἁγνιόυ
673 1129 749 1195 παῖς
772 1117 874 1184 ἐστιν·
902 1118 1006 1205 ὁγάρ
1028 1121 1134 1204 πατὴρ

119 1226 226 1292 αὐτοῦ
247 1224 459 1308 Εὐβουλίδης
477 1223 614 1302 ἀνεψιὸς
635 1219 678 1308 ἦν
695 1221 822 1311 Ἁγνίᾳ,
844 1219 886 1290 οὐ
905 1223 994 1290 ἐστιν
1017 1225 1035 1290 ὁ
1058 1229 1135 1308 κλη-

119 1356 184 1416 ρος.
223 1330 242 1396 6
268 1328 308 1395 δέ
328 1353 366 1414 γε
386 1332 582 1414 Θεόπομπος
600 1329 618 1395 6
635 1326 771 1395 τουτουὶ
788 1331 893 1416 πατὴρ
911 1330 1135 1416 Μακαρτάτου

119 1437 180 1503 οὐκ
208 1435 252 1502 ἀν
280 1430 368 1520 εἶχεν
396 1437 503 1520 ὄνομα
531 1433 656 1501 θέσθαι
684 1433 787 1523 ἑαυτῷ
815 1447 882 1502 τῶν
910 1436 947 1502 έν
973 1445 1018 1524 τῷ
1041 1438 1133 1525 νόμᾳ

120 1539 305 1629 εἰρημένων
328 1539 442 1606 οὐδέν·
472 1539 505 1618 ἐξ
536 1538 649 1627 ἑτέρου
676 1542 740 1627 γάρ
763 1548 856 1607 οἴκου
878 1537 922 1627 ἦν
944 1552 1005 1608 τοῦ
1026 1547 1135 1628 Σιρα-

84 1678 107 1719 2⁸
120 1652 202 1714 τίον.
241 1646 282 1712 οὐ
309 1648 467 1733 προσήκει
496 1641 582 1712 δδῶ
611 1648 731 1733 ἀνδρες
758 1647 908 1740 δικασταὶ
931 1647 1053 1714 οὐδένα
1076 1647 1134 1712 ἀν·

119 1755 269 1840 θράπων
297 1755 383 1839 ἔχειν
410 1754 469 1818 τὸν
498 1758 624 1838 κλῆρον
650 1755 709 1818 τὸν
727 1751 861 1836 Ἁγνίου
889 1752 922 1831 ἐξ
951 1752 1063 1839 ἑτέρου
1087 1759 1134 1818 υί-

120 1884 181 1926 κου
205 1861 303 1943 ὄντα,
330 1857 393 1935 έως
415 1860 457 1924 ἀν
480 1882 530 1935 τις
558 1862 706 1943 λείπηται
728 1870 795 1924 τῶν
817 1858 1005 1944 γενομένων
1029 1858 1133 1946 ἐντῷ

122 1972 200 2054 οίκᾳ
224 1973 270 2052 τῷ
292 1961 440 2048 Ἁγνίου,
463 1961 537 2030 οὐδ’
560 1962 731 2048 ἐκβάλλειν
753 1968 822 2052 βίᾳ,
844 1965 925 2051 ὅπερ
948 1960 1040 2030 οὗτοι
1064 1966 1134 2029 δια-

121 2072 334 2157 πράττονται,
366 2070 456 2155 γένει
486 2093 522 2136 τε
556 2068 712 2156 ἀπωτέρω
740 2073 833 2148 ὄντες
858 2069 914 2138 καὶ
940 2071 1001 2136 οὐκ
1029 2069 1066 2135 έν
1087 2079 1133 2158 τῷ

123 2178 208 2266 αὐτςό
240 2183 329 2266 οίκᾳι.
374 2186 472 2243 τοῦτο
503 2177 567 2262 γάρ
598 2176 687 2242 έστιν
717 2173 887 2262 ὦάνδρες
913 2178 1079 2260 δικασταί,
1106 2169 1132 2264 ᾧ

122 2283 368 2369 παρεκρούσατο
397 2285 594 2366 Θεόπομπος
620 2281 639 2347 6
666 2278 800 2348 τουτουὶ
827 2283 933 2368 πατὴρ
955 2281 1134 2366 Μακαρτά-

91 2423 111 2462 29
124 2411 188 2456 του.
229 2391 318 2466 τίνες
346 2383 408 2454 οὐν
441 2389 477 2453 οὐ
497 2385 606 2453 λοιποὶ
637 2389 684 2452 ἔτι
713 2397 777 2454 νῦν
805 2389 898 2464 ὄντες
925 2386 961 2452 ἐν
983 2396 1029 2474 τῷ
1053 2394 1132 2477 οίκᾳ

125 2503 167 2583 τῷ
188 2492 339 2578 Ἁγνίου;
365 2493 548 2579 Φυλομάχη
571 2515 605 2556 τε
623 2492 643 2575 η
664 2491 724 2577 ἐμὴ
743 2495 840 2576 γυνή,
862 2492 1072 2577 Εὐβουλίδου
1096 2490 1133 2559 δέ

125 2600 273 2685 θυγάτηρ
297 2595 381 2665 οὐσα
403 2609 463 2666 τοῦ
486 2599 628 2679 ἀνεψιοῦ
650 2609 710 2665 τοῦ
728 2595 879 2683 Ἁγνίου,
900 2596 956 2665 καὶ
978 2598 1092 2667 οὐτοσὶ
1115 2601 1133 2669 6

126 2716 196 2782 ταῖς
219 2705 237 2773 6
261 2704 453 2789 εἰσηγμένος
478 2707 526 2783 είς
552 2707 612 2770 τὸν
643 2699 736 2770 οἶκον
763 2707 823 2770 τὸν
844 2705 1056 2790 Εὐβουλίδου
1078 2703 1133 2772 καὶ

122 2807 262 2894 Ἁγνίου.
305 2814 498 2895 Θεόπομπος
521 2807 558 2874 δ’
581 2809 600 2875 6
623 2808 757 2876 τουτουὶ
775 2811 880 2896 πατὴρ
898 2812 1134 2897 Μακαρτάτου,
1144 2833 1212 2884 1059

129 2918 185 2984 οὐκ
217 2917 275 2994 διν,
291 2926 351 2982 τοῦ
378 2923 472 2983 οίκου
499 2924 559 2982 τοῦ
582 2912 736 3001 Ἁγνίου,
763 2914 922 2996 έψεύσατο
949 2919 1031 3002 πρὸς
1057 2921 1134 2996 τοὺς

128 3023 277 3100 δικαστὰς
299 3021 522 3108 ὑπερμέγεθες
549 3023 675 3100 ψεῦδος
701 3025 780 3107 περί
799 3044 834 3088 τε
856 3031 913 3106 της
937 3024 1135 3109 Φυλομάχης

127 3138 178 3214 τῆς
198 3139 260 3195 τοῦ
284 3127 486 3212 Πολέμωνος
509 3127 668 3213 ἀδελφῆς,
690 3130 833 3212 τηθίδος
855 3125 886 3193 δ’
907 3125 1060 3214 Ἁγνίου,
1082 3131 1133 3196 ὅτι

129 3235 182 3301 οὐκ
203 3241 254 3319 εἴη
286 3242 332 3322 τῷ
356 3233 534 3319 Πολέμωνι
557 3243 602 3322 τῷ
624 3244 685 3300 τοῦ
703 3231 841 3317 Ἁγνίου
863 3234 932 3299 υἱεῖ
952 3235 1134 3323 ὁμοπατρία

129 3339 176 3406 καλ
198 3342 383 3428 ὁμομητρία
406 3341 545 3427 ἀδελφή,
566 3339 622 3406 καὶ
644 3341 744 3407 πάλιν
767 3343 1051 3426 προσποιούμενος
1072 3352 1133 3408 τοῦ

131 3447 225 3514 αὐτοῦ
255 3453 349 3514 οίκου
381 3437 467 3513 εἶναι
493 3444 624 3533 Ἁγνίᾳ,
657 3447 675 3513 ὁ
706 3446 915 3512 οὐδεπώποτε
946 3451 1132 3531 γενόμενος.
