2658 3922
193 146 259 211 224
515 147 571 201 ον.
598 144 878 201 ΔΗωοΣοααονΣ

191 306 269 374 νυνί
295 304 512 392 συμβέβηκεν.
553 305 761 391 ἐπιθυμήσας
787 306 850 390 γάρ
883 315 949 371 τῶν
980 305 1110 391 χωρίων
1137 327 1206 387 μου

192 417 380 496 Καλλικλῆς
400 412 488 478 οὕτω
506 409 685 496 διατέθηκέ
700 434 740 496 με
759 421 988 496 συκοφαντῶν,
1010 410 1093 477 ὥστε
1114 420 1207 493 πρῶ-

192 542 251 584 τον
274 514 335 602 μδν
357 519 416 584 τὸν
439 517 578 596 ἀνεψιὸν
606 519 665 584 τὸν
692 515 812 585 ἑαυτοῦ
838 517 1076 584 κατεσκεύασεν
1103 515 1206 599 ἀμφι-

166 628 327 708 τσβητεῖν
349 647 407 708 μοι
428 634 496 689 τῶν
518 626 668 709 χωρίων,
690 620 894 708 ἐξελεγχθεὶς
916 618 954 687 δέ
976 631 1126 707 φανερῶς
1147 619 1207 686 καὶ

191 727 451 813 περιγενομένου
474 751 539 814 μου
561 736 618 814 τῆς
639 728 768 796 τούτων
795 731 993 812 σκευωρίας,
1017 727 1117 792 πάλιν
1140 726 1206 792 δύο

194 836 288 912 δίκας
306 833 448 922 ἐρήμους
463 858 528 919 μου
542 834 809 920 κατεδιῃτήσατο,
825 833 888 918 τήν
901 827 963 917 μέν
976 831 1076 908 αὐτὸς
1087 833 1206 917 χιλίων

193 941 363 1026 δραχμῶν,
385 941 446 1025 τήν
469 936 507 1006 δδ
528 941 589 1007 τὸν
616 937 763 1024 ἀδελφὸν
790 935 924 1004 τουτονὶ
945 940 1059 1015 πείσας
1081 940 1204 1003 Καλλι-

192 1045 327 1130 κράτην.
370 1043 487 1130 δέομαι
516 1047 558 1130 δή
592 1045 726 1111 πάντων
760 1045 855 1128 ὑμῶν
888 1043 1031 1110 ἀκοῦσαί
1056 1065 1121 1128 μου
1149 1039 1207 1108 καὶ

193 1150 367 1238 προσέχειν
389 1154 449 1220 τὸν
469 1162 566 1237 νοῦν,
589 1152 650 1237 οὐχ
665 1151 713 1229 ,ὡς
730 1151 829 1227 αὐτὸς
846 1151 1072 1234 δυνησόμενος
1088 1150 1207 1232 εἰπεῖν,

194 1253 267 1324 ἀλλ’
293 1254 338 1324 ἵν’
365 1257 459 1343 ὑμεῖς
482 1256 515 1336 ἐξ
539 1257 649 1324 αὐτῶν
671 1268 739 1323 τῶν
760 1255 962 1341 πραγμάτων
984 1253 1208 1338 καταμάθητε,

194 1362 246 1428 δτι
267 1375 419 1449 φανερῶς
441 1372 721 1448 συκοφαντοῦμαι.

167 1486 181 1528 ⁸
254 1465 314 1534 Ἐν
331 1465 393 1552 μὲν
412 1462 474 1534 οὖν
493 1463 519 1533 ὦ
537 1469 657 1553 ἄνδρες
670 1465 845 1554 Ἀθηναῖοι
861 1469 944 1554 πρὸς
961 1467 1106 1544 ἅπαντας
1128 1468 1208 1542 τοὺς

194 1574 321 1639 τούτων
358 1576 479 1656 λόγους
515 1571 698 1659 παρέχομαι
733 1576 874 1640 δίκαιον.
917 1574 956 1640 τὸ
987 1573 1050 1656 γάρ
1082 1576 1207 1658 χωρίον

195 1687 292 1744 τοῦτο
314 1679 604 1768 περιῳκοδόμησεν
626 1679 646 1746 δ
667 1681 774 1766 πατήρ
804 1688 925 1765 μικροῦ
953 1679 1025 1745 δεῖν
1046 1677 1126 1761 πρὶν
1149 1674 1207 1762 ἐμὲ

195 1781 368 1869 γενέσθω,
404 1786 525 1864 ζῶντος
555 1781 617 1869 μὲν
647 1787 696 1851 ἔτι
725 1787 957 1852 Καλλιππίδου
988 1794 1049 1852 τοῦ
1079 1785 1207 1850 τούτων

195 1891 317 1975 πατρὸς
338 1889 394 1956 καὶ
421 1899 645 1975 γειτνιῶντος,
673 1889 710 1967 ὃς
736 1889 970 1976 ἀκριβέστερον
997 1888 1073 1976 ήδει
1098 1891 1207 1974 δήπου

195 1996 339 2082 τούτων,
362 1999 458 2074 όντος
481 1992 518 2062 δδ
540 1994 765 2074 Καλλικλέους
786 1995 909 2081 ἀνδρὸς
929 1996 994 2080 ήδη
1016 1993 1073 2061 καὶ
1094 1994 1207 2079 ἐπιδη-

168 2111 339 2187 4μοῦντος
353 2099 544 2187 Ἀθήνησιν.
580 2100 636 2167 καὶ
656 2100 759 2168 πλέον
781 2099 843 2187 μὲν
865 2101 887 2186 ή
907 2097 1129 2168 πεντεκαίδεκ’
1151 2103 1206 2186 έτη

195 2217 256 2274 τοῦ
286 2209 409 2294 πατρὸς
439 2207 653 2292 ἐπιβιόντος,
676 2207 738 2274 οὐκ
770 2208 890 2274 ἐλάττω
923 2203 961 2273 δέ
989 2216 1050 2274 τοῦ
1080 2207 1207 2273 τούτων

195 2315 318 2398 πατρὸς
341 2313 619 2395 [Καλλιππίδου],
646 2311 683 2378 ἐν
709 2313 840 2389 τούτοις
865 2323 935 2388 τοῖς
956 2314 1063 2378 ἐτεσιν
1085 2313 1207 2378 ἅπασιν

197 2415 267 2484 οὔτ’
297 2417 446 2502 ἐγκαλῶν
473 2415 585 2495 οὐδεὶς
609 2414 735 2484 πώποτ’
759 2413 867 2503 ήλδεν
895 2419 971 2484 οὔτε
999 2421 1208 2504 μεμφόμενος

197 2521 317 2609 (καίτοι
345 2525 448 2607 δήλου
476 2523 527 2590 δτι
556 2521 611 2590 καὶ
636 2521 712 2590 τόδ’
736 2524 841 2590 ὕδατα
866 2525 1024 2602 πολλάκις
1052 2522 1208 2614 ἐγένετο),

198 2625 273 2694 οὐδ’
294 2627 461 2716 ἐκώλυσεν
484 2628 516 2707 ἐξ
536 2627 648 2716 ἀρχῆς,
670 2636 760 2714 είπερ
782 2631 890 2714 ήδίκει
910 2630 986 2695 τινὰ
1003 2631 1205 2716 περιοικοδο-
1217 2646 1284 2696 1273

197 2742 269 2816 μῶν
290 2734 310 2801 δ
332 2736 439 2821 πατήρ
462 2736 500 2801 τὸ
523 2738 659 2821 χωρίον,
681 2733 752 2801 ἀλλ’
780 2733 854 2802 οὐδ’
879 2734 1106 2821 ἀπηγόρευσεν
1129 2732 1208 2802 οὐδὲ

170 2839 446 2925 εδιεμαρτόρατο.
488 2843 595 2906 καίτοι
618 2835 644 2905 ὦ
668 2843 863 2918 Καλλίκλεις
890 2839 967 2924 ἐξήν
994 2841 1103 2924 δήπου
1128 2839 1204 2907 τόθ’

196 2943 289 3028 ὑμῖν,
311 2945 435 3032 ὁρῶσιν
457 2943 788 3032 ἀποικοδομουμένην
805 2948 868 3032 τήν
885 2946 1067 3034 χαράδραν,
1089 2945 1208 3013 ἐλθοῦ-

197 3065 252 3116 σιν
283 3050 387 3128 εὐῦδς
418 3050 615 3135 ἀγανακτεῖν
651 3049 707 3118 καὶ
741 3050 852 3136 λέγειν
882 3053 965 3136 πρὸς
994 3053 1055 3118 τὸν
1085 3050 1208 3136 πατέρα

198 3155 342 3242 Ὓεισία,
364 3160 399 3223 τί
418 3166 520 3224 ταῦτα
542 3169 662 3237 ποιεῖς;
685 3156 917 3242 ἀποικοδομεῖς
937 3158 1000 3242 τήν
1022 3157 1205 3244 χαράδραν;

196 3255 254 3326 εἶτ’
281 3261 467 3348 ἐμπεσεῖται
493 3265 530 3329 τὸ
557 3262 650 3349 ὕδωρ
677 3266 725 3341 εἰς
751 3266 788 3330 τὸ
816 3267 940 3350 χωρίου
961 3265 999 3328 τὸ
1021 3261 1207 3350 ήμέτερον’,

197 3365 241 3434 ἵν’
267 3371 299 3436 εί
319 3366 381 3455 μέν
403 3369 559 3454 ἐβούλετο
581 3369 789 3454 παύσασθαι,
817 3367 923 3455 μηδὲν
951 3369 1032 3453 ήμῖν
1057 3365 1101 3454 ήν
1127 3372 1207 3436 δυσ·

197 3470 290 3562 χερὲς
321 3476 404 3562 πρὸς
436 3472 618 3559 ἀλλήλους,
653 3477 685 3541 εί
712 3473 744 3542 δ’
774 3475 964 3561 ὠλιγώρησε
999 3472 1055 3541 καὶ
1083 3473 1206 3561 συνέβη
