2654 3926
208 161 250 226 28
504 166 601 217 me.
628 163 931 235 [AHM026ENOT2]

79 365 82 368 -
206 323 283 389 υίὸν
305 321 360 388 καὶ
381 325 442 407 τήν
459 322 628 409 θυγατέρα
646 326 845 410 οἰκειότερον
867 318 953 390 εἶναι
975 321 1100 413 ἑκάστῳ
1121 323 1222 409 ἡμῶν

207 433 333 512 μᾶλλον
362 427 384 512 ή
415 430 474 495 τὸν
503 429 720 514 ἀδελφιδοῦν·
748 427 803 496 ιιαὶ
830 429 871 496 οὐ
900 433 1004 514 μόνον
1032 426 1109 515 παρ’
1136 429 1222 513 ήμῑν

207 544 305 600 τοῦτο
334 537 544 620 νενόμισται,
573 533 657 600 ἀλλά
684 533 739 600 καὶ
768 536 855 620 ταρά
885 546 953 612 τοῖς
979 536 1093 612 ἀλλοις
1114 535 1221 602 άτασι

168 656 194 696 ²³
208 638 263 705 ταὶ
277 638 414 725 Ἕλλησι
436 640 491 706 καὶ
514 641 701 728 βαρβάροις.
743 641 855 726 έτειδή
878 645 993 709 τοίνυν
1015 637 1110 707 τοῦδ’
1138 640 1222 724 δμο-

208 749 368 830 λογεῖται,
395 747 518 833 ῥᾳδίως
546 748 610 831 ήδη
637 757 707 824 τοῖς
734 747 846 824 ἀλλοις
869 741 895 811 ὦ
919 748 1038 833 ἀνδρες
1066 744 1223 812 δικασταὶ

207 855 538 936 παρακολουθήσετε,
570 850 625 918 ιιαλ
657 853 862 936 αἰσθήσεσθε
897 853 1036 930 τούτους
1071 852 1121 918 ὅτι
1152 850 1221 918 stez

207 959 310 1040 βίαιοι
328 955 383 1023 ιιαὶ
401 957 551 1041 ἀσελγεῖς
569 959 752 1044 ἀνδρωτοι.
784 967 845 1024 τοῦ
859 957 1060 1042 Πολέμωνος
1075 958 1139 1044 γάρ
1157 967 1221 1024 τοῦ

207 1060 296 1140 υίέος
317 1073 377 1130 τοῦ
395 1061 529 1147 Ἁγνίου
547 1062 676 1147 ἐγένετο
694 1063 767 1140 υίὸς
784 1061 928 1148 Ἁγνίας,
949 1065 986 1131 τὸ
1003 1073 1064 1130 τοῦ
1082 1063 1220 1129 τάττου

208 1177 267 1234 τοῦ
298 1167 417 1238 ἑαυτοῦ
447 1166 540 1254 ὄνομ’
567 1166 670 1255 έχων,
698 1179 758 1236 τοῦ
776 1166 919 1253 Ἁγνίου.
955 1166 1010 1235 ταὶ
1037 1163 1133 1246 οὗτος
1156 1165 1220 1254 μὲν

168 1291 194 1331 ιι
208 1273 305 1350 άταις
328 1274 536 1358 ἐτελεύτησεν
564 1272 733 1357 δἉγνίας
756 1274 774 1341 6
796 1274 941 1361 ὕστερος.
980 1283 1038 1359 τής
1062 1275 1218 1359 Φυλομά-

207 1375 327 1464 χηςδὲ
349 1390 406 1464 τῆς
428 1379 573 1466 ἀδελφῆς
594 1388 652 1463 τής
673 1377 886 1464 Πολέμωνος,
908 1377 963 1445 ιιαλ
983 1381 1166 1467 Φιλάγρου,
1188 1357 1217 1466 χδ

209 1486 332 1549 έδωιιεν
359 1485 463 1569 αὐτήν
490 1486 509 1552 6
537 1484 680 1570 ἀδελφὸς
702 1482 865 1569 Πολέμων
891 1482 1016 1573 ἀνεψιῷ
1047 1487 1119 1551 ὄντι
1141 1481 1217 1550 ἑαυ-

208 1599 268 1654 τοῦ
291 1587 323 1676 (6
347 1592 409 1677 γάρ
439 1594 607 1676 Φίλαγρος
632 1591 706 1667 υίὸς
732 1585 775 1674 ήν
801 1590 1009 1675 Εὐβουλίδου
1038 1600 1098 1657 τοῦ
1121 1588 1218 1656 ἀδελ-

208 1705 276 1785 φοῦ
298 1705 358 1761 τοῦ
376 1693 545 1780 Ἁγνίου),
567 1704 628 1761 τοῦ
650 1696 692 1779 δή
718 1695 889 1781 Φιλάγρου
910 1705 972 1762 τοῦ
994 1695 1135 1774 ἀνεψιοῦ
1157 1705 1218 1762 τοῦ

213 1799 409 1884 Πολέμωνος
426 1799 481 1865 καὶ
498 1809 556 1884 τής
575 1801 774 1886 Φυλομάχης
791 1809 848 1884 τῆς
870 1798 1014 1886 ἀδελφῆς
1036 1809 1093 1885 τῆς
1110 1799 1218 1866 Πολέ-

209 1930 318 1992 μωνος
337 1904 466 1989 ἐγένετο
483 1907 556 1983 υίὸς
578 1906 798 1991 Εὐβουλίδης,
820 1907 838 1973 6
857 1909 962 1992 πατήρ
982 1907 1000 1973 6
1018 1915 1075 1991 τής
1096 1909 1218 1992 μητρὸς

209 2023 269 2080 τοῦ
282 2015 400 2089 ταιδδς
417 2015 559 2077 τουτουί.
587 2010 641 2077 καὶ
655 2008 747 2078 οὗτοι
765 2008 826 2095 μὲν
843 2012 927 2090 υίεῦς
944 2010 1097 2096 ἐγένοντο
1110 2011 1218 2078 Πολέ·

209 2143 295 2202 μωνι
317 2116 373 2184 καὶ
394 2126 434 2202 τῇ
453 2117 580 2203 ἀδελφή
598 2125 637 2202 τῇ
656 2115 858 2200 Πολέμωνος
876 2119 1067 2204 Φυλομάχη.
1098 2127 1157 2184 τοῦ
1180 2114 1218 2182 δὲ

210 2225 404 2309 Χαριδήμου
428 2221 556 2306 ἐγένετο
563 2233 655 2307 (τοῦ
677 2221 767 2300 υίέος
788 2233 848 2289 τοῦ
870 2227 1047 2307 Στρατίου,
1071 2227 1218 2308 Θεόπομ-

170 2345 196 2387 25
209 2352 270 2407 τος
289 2330 307 2396 6
326 2327 459 2397 τουτουί
477 2330 583 2414 πατήρ
601 2329 834 2414 Μακαρτάτου.
874 2329 974 2394 τάλιν
997 2331 1038 2413 δή
1062 2328 1172 2415 ἐρωτῶ
1191 2324 1217 2394 ὦ

210 2438 329 2521 ἀνδρες
348 2438 510 2519 δικασταί,
531 2438 669 2520 πότερος
686 2436 884 2520 οἰκειότερός
902 2433 971 2500 ἐστι
989 2432 1044 2500 καὶ
1060 2437 1218 2522 τροσήιιει

210 2546 336 2625 μᾶλλον
357 2539 473 2627 Ἁγνίᾳ
500 2548 545 2627 τῷ
574 2540 692 2630 τράτφ
720 2539 851 2628 ἐκείνῳ,
881 2539 900 2606 6
922 2538 1123 2624 Πολέμωνος
1145 2541 1219 2617 υίὸς

205 2645 347 2730 Ἁγνίας,
369 2643 424 2711 καὶ
446 2646 656 2730 Εὐβουλίδης
678 2646 697 2712 6
722 2645 921 2731 Φυλομάχης
941 2646 1014 2722 υίὸς
1037 2643 1091 2711 καὶ
1115 2650 1218 2711 Φιλα-

209 2777 312 2838 γρου,
338 2751 359 2836 ή
390 2753 583 2835 Εεότομτος
609 2750 628 2817 6
653 2753 847 2838 Χαριδήμου
873 2752 963 2835 υίός,
993 2755 1157 2837 Στρατίου
1182 2749 1219 2817 δὲ

209 2859 339 2940 ὑιδοῦς,
363 2857 427 2940 έγὼ
455 2853 601 2942 μὲνγὰρ
630 2852 722 2940 οἶμαι
744 2853 770 2924 ὦ
793 2858 913 2944 ἄνδρες
936 2859 1100 2941 δικασταί,
1127 2863 1218 2943 είτερ

209 2961 264 3029 καὶ
292 2963 311 3029 6
333 2963 406 3040 υίὸς
434 2964 630 3038 οἰκειότατός
657 2961 726 3027 ἐστι
752 2960 854 3047 καλή
882 2963 1050 3048 δυγάτηρ,
1076 2963 1176 3028 τάλιν
1199 2964 1218 3030 6

208 3069 326 3146 ὑϊδοῦς
347 3065 401 3132 καὶ
424 3067 443 3133 6
467 3067 503 3132 ἐκ
529 3077 585 3151 τῆς
607 3069 775 3153 θυγατρὸς
796 3067 884 3152 υίός,
912 3062 1004 3133 οὗτοι
1028 3069 1222 3154 οἰκειότεροί
1229 3097 1294 3147 1058

210 3177 275 3239 είσι
297 3179 425 3258 μᾶλλον
447 3173 468 3258 ή
492 3173 511 3239 6
533 3183 593 3240 τοῦ
616 3172 798 3258 ἀδελφιδοῦ
819 3173 893 3249 υίὸς
915 3171 970 3237 καὶ
993 3173 1011 3238 6
1034 3171 1147 3261 ἑτέρου
1171 3175 1219 3240 ὢν

170 3297 196 3338 26
211 3286 314 3346 οίιιου.
351 3287 395 3366 τῷ
420 3274 481 3362 μὲν
504 3273 566 3344 οὐν
593 3281 776 3367 Θεοτόμτφ
800 3275 928 3361 ἐγένετο
951 3279 1024 3356 υίὸς
1041 3279 1219 3366 Μακάρτα-

209 3409 265 3464 τος
288 3385 412 3469 οὑτοσί,
435 3392 479 3472 τῷ
504 3379 542 3450 δὲ
564 3384 757 3470 Εὐβουλίδη
779 3391 824 3472 τῷ
848 3392 905 3467 τής
924 3385 1121 3470 Φυλομάχης
1142 3387 1220 3471 υίελ,

211 3491 336 3581 ἀνεψιῷ
368 3487 398 3556 δ’
420 3487 554 3573 Ἁγνίου
582 3491 655 3555 ὄντι
683 3491 766 3575 τρδς
786 3492 926 3574 τατρός,
955 3488 1069 3556 οὑτοσὶ
1091 3491 1110 3557 6
1133 3504 1219 3577 ταῖς,
