2650 3918
179 175 248 241 330
481 179 552 233 mx,
578 173 883 248 [ΔΗΜοΣΘεΝουΣ]

179 347 248 416 τοῖς
269 337 421 423 ἀνδράσι.
464 337 522 416 τδς
544 333 605 422 μὲν
628 337 691 425 γάρ
714 335 844 423 ἑταίρας
863 326 990 420 ἡδονῆς
1010 333 1096 401 ἕνεκ’
1120 339 1200 422 έχο-

180 467 253 530 μεν,
274 445 332 522 τδις
354 439 391 510 δὲ
412 444 581 520 παλλακάς
601 451 659 528 τῆς
681 440 759 510 καθ’
780 441 907 530 ἡμέραν
929 445 1109 527 θεραπείας
1131 451 1200 508 τοῦ

181 549 339 633 σώματος,
362 550 421 626 τὰς
439 545 476 616 δὲ
493 561 653 634 γυναῖκας
674 559 735 616 τοῦ
756 551 1027 616 παιδοποιεῖσθαι
1049 549 1199 632 γνησίως
1313 575 1314 620 ι

180 651 324 720 καὶτῶν
346 655 607 740 ένδονφάλακα
633 657 754 740 πιστὴν
777 657 873 741 ἔχειν.
919 651 998 721 ὥστ’
1025 654 1057 719 εί
1077 654 1197 738 πρότε-
1313 629 1314 664 ³

180 782 242 844 ρον
271 762 371 844 ἔγημε
397 773 539 844 γυναῖκα
566 760 684 846 ἀστήν,
710 758 767 826 καί
793 759 879 826 είσὶν
908 739 1001 827 οὗτοι
1024 759 1060 825 οί
1078 759 1197 834 παῖδες

181 864 215 943 ἐξ
238 863 364 950 ἐκείνης
385 863 441 932 καλ
463 868 507 951 μὴ
525 870 689 952 Νεαίρας,
712 865 788 952 ἐξῆν
811 865 900 954 αὐτῷ
926 865 962 932 ἐκ
982 873 1041 950 τῆς
1063 863 1195 950 ἀκριβε-

183 970 299 1055 στάτης
315 975 496 1058 μαρτυρίας
513 971 681 1057 ἐπιδείξαι,
704 973 890 1058 παραδόντι
909 971 967 1049 τὰς
987 973 1196 1056 θεραπαίνας

132 1077 310 1153 ιεεταάτας.
354 1077 399 1154 ὡς
425 1073 462 1143 δὲ
489 1078 779 1165 προεκαλεσάμην,
810 1078 937 1143 τούτων
964 1076 1044 1162 ὑμῖν
1070 1079 1133 1160 την
1158 1097 1195 1140 τε
1313 1065 1314 1078 ’

182 1185 366 1268 μαρτυρίαν
388 1181 444 1249 καί
465 1184 526 1267 τὴν
548 1187 731 1270 πρόκλησιν
753 1181 988 1266 ἀναγνώσεται.
1033 1179 1109 1266 λέγε
1132 1183 1194 1266 τὴν

182 1291 381 1374 μαρτυρίαν,
404 1289 514 1352 ἔπειτα
536 1289 598 1372 τὴν
619 1288 813 1372 πρόκλησιν.
923 1355 925 1358 ,

594 1489 785 1542 ΜΑΡΤΤΡῙΝ

290 1603 484 1690 Ἱπποκράτης
512 1601 722 1689 Ἱπποκράτους
749 1610 964 1692 Προβαλίσιος,
993 1607 1196 1690 Δημοσθένης

227 1703 444 1784 Δημοσθένους
475 1705 651 1785 Παιανιεύς,
680 1708 839 1787 Διοφάνης
866 1707 1042 1786 Διοφάνους
1068 1701 1197 1769 Ἀλωπε·

227 1807 334 1882 κῆθεν,
350 1799 533 1880 Δεινομένης
549 1795 702 1882 Ἀρχελάου
716 1804 961 1884 Κυδαθηναιεύς,
978 1805 1098 1878 Δεινίας
1115 1807 1197 1886 Φορ·

228 1899 317 1979 μίδου
339 1898 545 1978 Κυδαντίδης,
567 1899 740 1980 Λυσίμαχος
762 1901 925 1963 Λυσίππου
947 1901 1099 1984 Αάγιλιεδις
1121 1925 1196 1983 μαρ-
1313 1953 1314 1956 ,

227 2004 349 2078 τυροῦσι
365 2001 502 2077 παρεῖναι
519 1993 552 2056 έν
569 1992 672 2081 ἀγορᾷ,
696 1991 738 2057 ὅτ’
762 1991 981 2080 Ἀπολλόδωρος
1002 1998 1195 2082 προύκαλεῖτο

228 2091 398 2174 Στέφανον,
425 2089 516 2166 ἀξιῶν
542 2093 728 2174 παραδοῦναι
754 2093 797 2167 εἰς
819 2093 953 2174 βάσανον
974 2093 1027 2169 τὰς
1048 2095 1195 2178 θεραπαί-

227 2215 282 2264 νας
311 2189 378 2273 περὶ
404 2181 447 2252 ὧν
473 2182 571 2277 η’μιᾶτο
592 2183 811 2272 Ἀπολλόδωρος
833 2189 990 2270 Στέφανον
1011 2192 1080 2274 περὶ
1102 2193 1195 2255 Νεαί-

229 2303 295 2370 ρας·
319 2285 476 2366 Στέφανον
506 2279 534 2347 δ’
566 2285 621 2348 οὐκ
649 2284 789 2366 ἐθελῆσαι
816 2287 1003 2367 παραδοῦναι
1028 2286 1081 2361 τδις
1103 2293 1197 2370 θερα-

227 2385 352 2458 παίνας·
379 2381 434 2462 τὴν
461 2379 493 2443 δὲ
519 2381 681 2464 πρόκλησιν
708 2375 785 2443 εἶναι
809 2379 850 2462 ἣν
878 2381 1032 2465 παρέχεται
1055 2377 1197 2448 Ἀπολλό-

230 2483 333 2564 δωρος.

135 2627 173 2668 ιιι
251 2597 336 2682 Λέγε
367 2601 408 2684 δὴ
432 2599 535 2683 αὐτὴν
562 2600 623 2683 τὴν
644 2599 843 2684 πρόκλησιν,
870 2599 912 2684 ἣν
935 2601 1197 2688 προύκαλούμην

186 2705 250 2789 ἐγὼ
273 2703 449 2791 Στέφανον
470 2707 613 2770 τουτονί.

582 2896 804 2951 ΠΡΟΚΛΗΣΙΣ..

298 3025 372 3087 Τάδε
400 3023 590 3107 προύκαλεῖτο
617 3019 836 3107 Ἀπολλόδωρος
865 3024 1024 3106 Στέφανον
1056 3027 1124 3111 περὶ
1153 3023 1197 3093 ὧν

228 3121 283 3202 την
304 3119 424 3204 γραφὴν
444 3119 601 3203 γέγραπται
623 3119 771 3203 Νέαιραν,
793 3120 882 3202 ξένην
907 3115 1000 3185 οὖσαν
1022 3123 1100 3211 ἀστῷ
1124 3144 1197 3189 συν-

230 3225 337 3300 οικεῖν,
369 3216 482 3297 ἕτοιμος
511 3215 554 3280 δυ
582 3217 634 3290 τάς
663 3218 846 3298 θεραπαίνας
875 3221 1117 3303 παραλαμβάνειν
1144 3223 1197 3298 τὰς

231 3317 379 3399 Νεαίρας,
411 3313 446 3389 ἀς
478 3313 510 3376 ἐκ
537 3317 692 3396 Μεγάραν
721 3314 827 3397 έχουσα
858 3310 949 3398 ἦλθε,
983 3320 1116 3404 Θρᾷτταν
1146 3321 1197 3382 καλ

230 3414 439 3493 Κοκκαλίνην,
469 3410 521 3473 καὶ
551 3410 587 3484 ἃς
614 3413 738 3494 ὕστερον
765 3413 845 3495 παρὰ
874 3414 1018 3501 Στεφάνῳ
1047 3413 1196 3499 ἐκτήσατο,

232 3507 356 3573 Ξεννίδα
374 3507 424 3571 καλ
441 3509 584 3591 Δροσίδα,
606 3508 659 3582 τὰς
675 3509 787 3584 εἰδυίας
808 3509 937 3592 ἀκριβῶς
958 3510 1024 3591 περί
1045 3522 1105 3574 τῶν
1126 3517 1196 3576 παί-
