2656 3926
204 157 269 222 378
565 159 844 213 ΔΗΜΟΣΘΕΝΟΤΣ

202 314 265 403 μὲν
294 313 357 385 οὖν
386 314 464 403 μηδ’
497 315 688 404 ὑπομείυητ’
721 316 860 385 ἀκοῦσαι
894 313 977 402 μηδὲ
1006 315 1063 402 ἐν,
1095 314 1136 383 ού
1167 324 1221 403 τῷ
1303 371 1304 376 ,

204 425 433 510 δοκιμάζοντες
451 426 655 511 διαμαρτεῖν,
677 423 761 491 ἀλλά
778 433 823 513 τῷ
842 424 942 510 φύσει
959 419 1076 510 πονήρ’
1094 421 1223 487 ἐπιθυ-

204 542 278 614 μεῖν
291 531 446 616 πράττειν
459 541 593 597 τοιαῦτα
602 537 836 617 προαιρεῖσθαι
849 529 969 609 δόξετε.
996 529 1054 596 ἐάν
1069 524 1100 594 δ’
1113 525 1220 592 ἀκού·
1304 600 1305 618 2

204 650 298 719 σητε,
323 637 426 720 τυχὸν
454 632 515 720 μὲν
542 643 621 714 ῖσως
647 635 709 702 κάν
731 640 1015 720 μεταπεισθείητε,
1038 635 1056 700 δ
1079 633 1214 718 μάλιστ’
1304 621 1305 628 ¹

204 738 269 824 ἐγὼ
286 744 409 824 νομίζω
428 753 639 825 συνενεγκεῖν
657 741 701 808 ἀν
718 742 811 826 ὑμῖν·
825 744 858 808 εί
870 738 908 808 δὲ
921 744 978 826 μη,
992 741 1028 807 οί
1038 736 1099 824 μὲν
1113 738 1218 823 ἀγνο-

204 857 256 912 εῖν
270 848 308 913 τὸ
323 845 505 934 συμφέρον,
523 848 559 915 οί
574 844 621 932 δ’,
639 848 703 915 ὅτι
717 849 759 914 ἀν
772 871 822 926 τις
839 849 1010 932 βούληται,
1028 843 1115 913 τοῦτ’
1134 843 1216 931 ἐρεῖ.
1305 881 1306 906 π

671 1061 743 1124 ΚΘ.

270 1203 413 1285 Πρῶτον
430 1195 491 1283 μὲν
510 1197 610 1266 ούδέν
628 1198 697 1265 ἐστι
714 1200 832 1265 καινὸν
850 1193 877 1264 ὦ
895 1199 1015 1286 ἀνδρες
1028 1194 1216 1280 Ἀθηναῖοι,

203 1315 272 1382 τοῖς
295 1304 410 1383 δόξασι
432 1303 509 1392 παρ’
535 1306 616 1390 ὑμῖν
638 1301 728 1371 εἶναί
750 1329 843 1382 τινας
864 1306 985 1382 οἵτινες
1007 1303 1216 1389 ἀντεροῦσιν,

203 1408 338 1476 ἐπειδάν
356 1412 510 1497 πράττειν
528 1434 559 1476 τι
579 1409 645 1496 δίη.
681 1412 713 1475 εί
733 1407 794 1494 μὲν
817 1405 879 1476 οὖν
902 1409 1096 1476 ἀποδόντων
1117 1409 1215 1492 ὑμῶν

203 1518 305 1599 λόγον
328 1516 450 1600 αὐτοῖς,
473 1514 520 1582 ὅτ’
548 1515 779 1601 ἐβουλεύεσθε,
800 1510 890 1582 τοῦτ’
917 1515 1064 1598 ἐποίουν,
1084 1516 1214 1581 τούτων

204 1620 246 1686 ἀν
268 1615 311 1706 ἦν
334 1620 427 1699 ἀξιον
449 1633 657 1707 κατηγορεῖν,
679 1623 711 1686 εί
731 1619 806 1708 περὶ
825 1616 872 1687 ὧν
890 1618 1019 1706 ἥττηντ’
1042 1619 1212 1706 ἐβιάζοντο

202 1725 303 1791 πάλιν
327 1725 448 1810 λέγειν·
471 1737 536 1793 νῦν
558 1722 596 1792 δὲ
617 1727 756 1804 τούτους
778 1723 840 1810 μὲν
862 1725 964 1794 ούδέν
987 1724 1051 1793 ἐστ’
1075 1726 1213 1810 ἀτοπον,
1223 1737 1288 1788 1439

203 1832 308 1896 εἰπεῖν
330 1835 541 1916 βουληθῆναι
562 1830 660 1898 ταῦθ’
687 1831 708 1898 δ
730 1830 796 1899 τότ’
819 1832 880 1919 οὐχ
901 1827 1089 1918 ὑπεμείνατ’
1112 1830 1212 1896 ἀκοῦ-

179 1954 273 2023 εσαι,
294 1937 375 2022 ὑμῖν
398 1935 429 2003 δ’
452 1939 495 2004 ἀν
517 1961 566 2016 τις
587 1940 720 2015 εἰκότως
738 1937 956 2024 ἐπιτιμήσειεν
975 1939 1094 2023 ἀνδρες
1112 1932 1212 2021 Ἀθη-

202 2053 304 2128 ναῖοι,
318 2043 368 2108 ὅτι
383 2045 506 2111 ὁπόταν
523 2048 603 2130 περί
616 2067 676 2111 του
693 2046 914 2130 βουλεύησθε,
932 2045 993 2111 ούκ
1010 2044 1082 2110 ἐᾶτε
1101 2041 1212 2126 λέγειν

204 2148 343 2214 ἕκαστον
365 2147 386 2213 δ
409 2150 595 2233 γιγνώσκει,
618 2146 689 2213 ἀλλ’
717 2148 759 2214 ἀν
782 2148 887 2235 ἕτεροι
909 2158 954 2237 τῷ
978 2151 1066 2237 λόγῳ
1088 2149 1211 2236 προλά-

203 2259 308 2338 βωσιν
337 2254 439 2338 ὑμᾶς,
469 2254 605 2331 οὐδενὸς
633 2253 676 2320 ἀν
704 2265 771 2320 τῶν
802 2252 921 2340 ἑτέρων
950 2253 1133 2321 ἀκούσαιτε.
1173 2255 1210 2321 ἐκ

205 2356 242 2425 δέ
264 2361 384 2426 τούτου
404 2365 578 2445 συμβαίνει
595 2357 717 2445 πρᾶγμ’
738 2356 836 2444 ἀηδὲς
853 2359 949 2446 ὑμῖν·
973 2352 1023 2437 οἷς
1044 2361 1107 2448 γὰρ
1129 2359 1210 2447 πρὶν

205 2464 361 2552 ἁμαρτεῖν
390 2465 471 2551 ὑμῖν
500 2465 576 2550 ἐξῆν
610 2467 877 2550 συμβουλεύουσι
909 2469 1106 2551 πείθεσθαι,
1134 2469 1210 2533 τού-

178 2592 282 2647 κτους
299 2572 439 2658 ὕστερον
457 2582 722 2658 κατηγοροῦντας
735 2570 903 2637 ἐπαινεῖτε.
934 2581 1032 2638 τοῦτο
1051 2573 1093 2658 δὴ
1111 2578 1208 2641 τοῦτό

204 2697 261 2758 μοι
282 2676 382 2741 πάλιν
405 2678 531 2743 δοκεῖτε
553 2679 739 2762 πείσεσθαι,
761 2679 793 2742 εί
813 2679 857 2762 μὴ
876 2680 1099 2764 παρασχόντες
1117 2685 1209 2756 ῖσους

204 2779 365 2865 ἀκροατὰς
394 2784 528 2848 πάντων
557 2782 643 2868 ὑμᾶς
672 2783 794 2860 αύτούς
823 2782 861 2849 ἐν
891 2793 936 2872 τῷ
967 2787 1123 2870 παρόντι,
1153 2784 1208 2851 καὶ

203 2896 323 2952 τοῦτον
345 2888 404 2952 τὸν
425 2891 531 2954 πόνον
548 2879 796 2973 ὑπομείναντες,
818 2886 969 2971 ἑλόμενοι
990 2890 1031 2955 τά
1053 2892 1208 2976 κράτιστα

203 2994 282 3070 τοὺς
314 2992 427 3059 ὁτιοῦν
463 2995 592 3072 τούτοις
628 2993 841 3079 ἐπιτιμῶντας
876 2995 1025 3079 φαύλους
1055 3008 1206 3080 νομιεῖτε.

204 3099 267 3182 ἐγὼ
291 3094 352 3183 μὲν
376 3099 416 3182 δὴ
440 3099 570 3164 δίκαιον
586 3099 763 3184 ὑπείληφα,
783 3108 915 3186 πρῶτον
933 3098 1087 3166 ἁπάντων
1109 3101 1207 3180 αὐτὸς

203 3205 323 3287 εἰπεῖν,
350 3207 385 3270 τί
403 3228 459 3288 μοι
483 3204 577 3271 δοκεῖ
595 3202 670 3289 περὶ
696 3198 744 3270 ὧν
771 3211 965 3289 σκοπεῖσθε,
990 3202 1050 3290 ἵν’,
1076 3205 1118 3272 ἀν
1145 3202 1206 3292 μὲν

207 3311 284 3393 ὑμῖν
306 3307 444 3397 ἀρέσκη,
470 3307 525 3375 καί
551 3310 591 3375 τά
618 3310 717 3375 λοιπά
742 3310 907 3396 διδάσκω,
931 3313 964 3377 εί
983 3307 1021 3376 δέ
1043 3313 1100 3397 μη,
1122 3311 1201 3398 μηδ’

203 3415 283 3498 ὑμῖν
307 3413 430 3501 ἐνοχλῶ
453 3413 529 3501 μήτ’
556 3415 697 3499 ἐμαυτὸν
718 3416 837 3481 κόπτω.
