2658 3914
202 175 244 239 96
493 178 589 230 xm.
614 176 917 248 [Διεαοεοευουε]

202 335 454 422 ἐξηπατήθησαν
485 337 530 415 ὡς
556 337 665 422 ἀληθῆ
692 338 819 403 τούτων
847 339 1124 423 μαρτυρούντων,
1147 336 1211 421 ἐγὼ

202 439 239 508 δέ
269 442 498 530 ἀπεστερήθην
526 436 573 509 ὧν
600 443 619 511 δ
642 445 747 528 πατήρ
778 467 834 526 μοι
861 441 1010 509 κατέλιπε
1037 444 1213 531 χρημάτων

201 545 338 614 καὶτοῦ
362 551 459 633 δίκην
486 553 600 642 λαβεῖν
626 547 702 634 περὶ
732 542 779 614 ὧν
802 548 988 633 ἀδικοῦμαι.
1034 561 1212 635 μαρτυρεῖν

201 654 264 738 γὰρ
296 653 332 718 oc
360 657 458 738 νόμοι
491 655 552 720 οὐκ
584 654 682 720 έῦσιυ
714 654 816 721 αὐτὸν
845 655 934 743 αὑτςῦ
963 653 1034 721 οὔτ’
1059 653 1112 720 έπὶ
1141 666 1213 730 ταῖς

200 771 342 845 γραφαῖς
371 758 442 826 οὔτ’
474 759 528 826 ἐπὶ
556 773 627 838 ταῖς
654 762 760 837 δίκαις
787 757 858 826 οὔτ’
885 760 921 826 ἐν
950 773 1021 838 ταῖς
1043 761 1212 836 εὐθύναις.

202 865 220 931 ὁ
243 869 358 931 τοίνυν
387 870 545 951 Φορμίων
572 866 671 943 αὐτὸς
700 867 788 955 αύτῷ
817 867 1083 952 μεμαρτύρηκεν,
1115 867 1212 933 ὁπότε

201 968 305 1054 φασὶν
324 967 416 1038 οὗτοι
435 971 634 1049 ἀκούσαντες
652 971 781 1038 ἐκείνου
799 981 901 1038 ταῦτα
919 970 1212 1058 μεμαρτυρηκέναι.

163 1089 189 1130 1⁰
202 1077 257 1141 ἵνα
277 1074 313 1143 δὲ
332 1078 439 1162 εἰδῆτε
458 1076 611 1165 ἀκριβῶς,
634 1078 736 1145 αὐτὸν
753 1080 813 1144 τὸν
830 1071 936 1162 νόμον
955 1101 1012 1163 μοι
1029 1076 1213 1162 ἀνάγυωθι.

635 1272 773 1326 ΝΟΜΟΣ.

316 1394 387 1453 Τοῖν
410 1389 573 1454 ἀντιδίκοιν
596 1389 758 1474 ἐπάναγκες
784 1384 862 1453 εἶναι
882 1388 1105 1470 ἀποκρίνασθαι
1127 1388 1212 1470 ἀλλή-

246 1490 308 1560 λοις
325 1487 357 1550 τδ
380 1486 585 1568 ἐρωτώμενον,
608 1494 766 1568 μαρτυρεῖν
789 1485 822 1549 δὲ
844 1488 893 1567 μή.

228 1605 230 1612 '
268 1604 447 1685 Σαέήασθε
477 1611 593 1673 τοίνυν
621 1605 754 1674 τουτονὶ
783 1609 842 1674 τὸν
869 1611 994 1692 νόμον,
1024 1607 1061 1685 ὃς
1087 1609 1212 1674 κελεύει

201 1710 381 1788 ὑποδίκους
412 1709 497 1779 εἶναι
529 1724 595 1779 τῶν
621 1715 920 1798 ψευδομαρτυριῶν
946 1711 1003 1780 καὶ
1029 1711 1100 1779 κατ’
1131 1714 1291 1791 αὐτδιιες

201 1821 316 1900 τοῦτο,
339 1817 389 1884 ὅτι
411 1830 573 1905 μαρτυρεῖ
591 1821 679 1905 παρὰ
701 1823 761 1886 τὸν
783 1822 900 1904 νόμον.

636 2013 772 2067 ΝΟΜΟΣ.

304 2128 401 2194 Ἔστω
425 2131 457 2195 δὲ
478 2133 529 2196 καί
555 2133 698 2207 ὑπόδικος
725 2143 785 2194 τῶν
807 2131 1074 2252 ψευδομμρτυριῦν
1097 2129 1114 2194 δ
1137 2155 1211 2212 μαρ-

209 2229 374 2309 κυρήσας
391 2205 484 2294 αύίοῦ
502 2231 620 2311 τούτου,
643 2231 687 2293 ὅτι
704 2253 844 2350 μαρτυρει
860 2253 941 2348 παρα
928 2229 1009 2292 τὸν
1032 2230 1139 2309 νόμον·
1162 2253 1213 2291 και

245 2323 261 2387 δ
284 2327 505 2408 προβαλόμενος
527 2328 602 2390 κατὰ
624 2328 722 2390 ταύτά.

162 2467 187 2506 ιι
260 2443 330 2511 Ἔτι
347 2451 463 2513 τοίνυν
481 2447 544 2514 κάν
563 2448 626 2515 ἀπὸ
644 2459 705 2514 τοῦ
726 2451 949 2534 γραμματείου
971 2451 1067 2531 γνοίη
1090 2471 1150 2531 τις,
1173 2446 1211 2512 ἐν

201 2545 227 2640 ᾧ
250 2551 272 2635 ἡ
295 2557 457 2638 μαρτυρία
475 2552 666 2639 γέγραπται,
689 2553 739 2618 ὅτι
762 2555 802 2619 τδ
821 2553 929 2637 ύευδή
953 2553 1210 2637 μεμαρτύρηκεν.

201 2657 446 2742 λελευκωμένον
473 2682 507 2724 τε
534 2660 597 2744 γάρ
627 2657 697 2724 ἐστι
718 2656 775 2724 καὶ
797 2665 933 2724 οἴκοθεν
956 2655 1211 2740 κατεσκευασμέ-

199 2786 271 2828 νον.
312 2769 418 2830 καίτοι
449 2767 527 2840 τοὺς
558 2760 620 2848 μὲν
637 2765 690 2829 τδι
721 2762 934 2849 πεπραγμένα
965 2771 1212 2848 μαρτυροῦντας

199 2871 358 2954 προσήκει
375 2877 512 2936 οίκοθεν
529 2870 587 2948 τάς
604 2873 785 2956 μαρτυρίας
807 2867 1107 2953 κατεσκευασμένας
1129 2892 1211 2953 μαρ-

199 2987 331 3061 τυρεῖν,
357 2979 435 3052 τοὺς
464 2973 502 3040 δὲ
530 2975 588 3051 τὰς
613 2977 810 3060 προκλήσεις
838 2961 1104 3062 μαρτυροῦντας,
1134 2977 1212 3051 τοὺς

200 3080 264 3147 ἀπὸ
290 3080 497 3163 ταύτομάτου
524 3081 730 3165 προστάντας
737 3077 760 3163 ,Δ
774 3079 811 3145 έν
838 3081 952 3166 μάλθη
981 3078 1211 3167 γεγραμμένην

198 3189 260 3270 τήν
278 3189 473 3271 μαρτυρίαν,
492 3183 538 3252 ἵν’
555 3192 590 3252 εί
603 3208 634 3252 τι
651 3186 863 3270 προσγράψαι
880 3185 901 3272 ή
920 3185 1098 3263 ἀπαλεῖψαι
1116 3185 1211 3269 ε’βου-
1243 3243 1245 3250 .
1317 3269 1318 3276 ¹

201 3295 289 3375 λήθη
315 3287 434 3378 ῥᾴδιον
456 3285 510 3375 ἦν.
961 3324 963 3328 ’

161 3416 186 3457 ιε
267 3397 400 3462 Οὐκοῦν
418 3398 500 3463 κατὰ
519 3392 580 3481 μέν
593 3407 695 3463 ταῦτα
711 3397 818 3462 πάντα
836 3395 1036 3482 ἐξελέγχεται
1049 3397 1089 3462 τδι
1102 3401 1210 3483 ῦευδή

200 3503 455 3587 μεμαρτυρηκὼς
477 3499 533 3566 καὶ
555 3503 643 3587 παρὰ
666 3504 724 3568 τὸν
746 3504 864 3585 νόμον·
888 3504 1051 3587 βούλομαι
1074 3500 1105 3567 δ’
1130 3503 1212 3588 ὑμῖν
1315 3541 1316 3567 τ
