2656 3926
517 201 709 253 EanOAH
726 203 775 255 111.
801 149 804 155 ’
1082 199 1152 264 419

141 356 271 424 νέσθαι.
317 355 393 423 ἀλλ’
420 359 500 424 ὅταν
523 383 560 444 γε
582 357 730 444 τοιαῦθ’,
758 352 812 427 οία
833 363 974 447 τὰνῦν,
996 362 1151 447 παραδεί-

142 460 238 548 γματ’
265 463 436 550 ἐκφέρητε,
458 469 508 543 τίς
529 469 619 532 ἐστιν
647 467 736 544 ὅστις
763 469 810 544 είς
831 469 953 552 ταύτην
975 468 1037 552 την
1059 464 1151 544 τάξιν

101 592 129 632 τι
143 567 263 636 ἑαυτὸν
285 575 427 654 γνησίως
449 571 529 656 ὑμίν
553 571 705 656 ἐθελήσει
729 574 862 651 δοῦναι;
891 571 976 638 άλλδι
997 573 1063 657 μην
1084 583 1151 636 τῶν

141 699 179 760 γε
201 675 518 762 προσποιησομέυων
541 677 603 744 οὐκ
626 677 819 764 ἀπορήσετε·
849 674 927 745 οὐδὲ
949 680 1013 764 γάρ
1036 681 1151 763 πρότε-

142 774 229 867 ρον.Ι
257 783 301 866 μη
324 781 454 865 γένοιτο
478 778 511 848 δ’
535 772 620 848 ίδείν
642 781 895 870 ἐξελεγχθέντας
916 785 1038 862 αὐτοὺς
1059 783 1151 868 δμοί-

143 911 188 965 ως
205 887 353 972 ἐκείνοις,
372 891 407 954 οἳ
422 900 576 975 φανερῶς
592 888 614 955 δ
631 886 698 955 τότ’
716 890 881 975 ἠρνοῦντο
899 900 964 956 νῦν
981 892 1152 956 πολιτευό-

141 1015 248 1078 μενοι,
272 991 381 1059 οὐδέν’
405 994 499 1078 ὑμῶν
518 995 594 1061 οὔτε
618 996 808 1061 δεδοίκασιν
831 995 906 1060 οὔτε
929 996 1150 1081 αἰσχύνονται.

141 1099 162 1166 ἃ
193 1101 255 1186 χρὴ
292 1097 527 1183 λογιζομένους
558 1095 585 1164 ὦ
617 1102 737 1186 ἄνδρες
769 1097 942 1186 Ἀθηναίωι
974 1103 1053 1184 μήτε
1084 1113 1150 1166 τῶν

141 1207 251 1272 εθνων
269 1206 457 1291 ὀλιγωρεῖν,
475 1208 555 1290 μήτε
573 1217 643 1284 τοῖς
656 1207 863 1292 προάγουσιν
881 1209 928 1284 είς
944 1210 1080 1292 πικρίαν
1096 1204 1151 1271 καλ

99 1335 128 1375 ει
142 1313 294 1397 ὠμότητα
307 1314 369 1397 την
382 1316 483 1378 πόλιν
497 1316 685 1378 πείθεσθαι.
712 1317 798 1380 πολὺ
813 1314 875 1400 γάρ
886 1317 1012 1398 μᾶλλον
1020 1313 1152 1388 εὐνοίας

141 1416 197 1483 καὶ
219 1421 474 1503 φιλανθρωπίας
497 1419 536 1483 τὰ
559 1422 706 1506 παρόντα
723 1420 898 1505 πράγματα
917 1421 1031 1502 δεῖται,
1053 1417 1074 1501 ἣ
1096 1441 1151 1482 τα·

142 1533 244 1611 ραχης
270 1521 325 1588 καλ
353 1525 564 1608 δυσμενείας,
596 1519 644 1592 ὧν
670 1525 837 1610 ὑπερβολῇ
864 1526 1031 1611 χρώμενοί
1054 1546 1152 1606 τινες,

142 1630 383 1717 έργολαβοῦσιν
400 1625 479 1694 καθ’
501 1627 595 1714 ὑμῶν
613 1633 661 1708 είς
677 1630 849 1716 ὑποδοχὴν
870 1629 1081 1716 πραγμάτων,
1104 1622 1151 1693 ὧν

142 1736 352 1815 διαψεάσειεν
376 1735 497 1813 αὐτοὺς
519 1736 537 1803 ὁ
561 1741 728 1821 λογισμός.
773 1738 805 1801 εί
827 1735 867 1801 δέ
886 1759 936 1813 τις
962 1733 1057 1819 ὑμῶν
1080 1736 1151 1800 δια-

141 1845 236 1929 σύρει
264 1852 382 1926 ταῦτα,
409 1846 535 1925 πολλῆς
561 1841 651 1908 ἐστιν
679 1842 833 1927 εὐηθείας
855 1845 980 1926 μεστός.
1024 1843 1056 1906 εί
1076 1842 1151 1926 γάρ,

142 1946 296 2032 δμηδεὶς
320 1947 361 2012 άν
385 1945 512 2032 ἤλπισ,
535 1947 624 2032 ὅρων
642 1946 856 2031 γεγενημένα,
879 1947 900 2012 ἃ
917 1946 1151 2032 καὶπρότερον

142 2054 280 2139 γέγονεν
308 2062 369 2119 τοῦ
400 2055 508 2138 δήμου
537 2055 620 2137 πρὸς
648 2057 726 2130 τοὺς
754 2049 837 2136 ὑπὲρ
867 2053 970 2118 αὐτοῦ
996 2051 1151 2135 λέγοντας
1161 2069 1229 2120 1483

142 2157 198 2225 ὑπ’
226 2157 416 2241 ἀνθρώπων
445 2157 633 2242 ἐγκαθέτων
659 2157 914 2243 διαβληθέντας,
945 2168 1010 2225 νῦν
1037 2159 1081 2243 μη
1109 2157 1151 2223 δν

144 2273 245 2332 οίεται
268 2263 438 2348 γενέσθαι,
460 2275 529 2340 πῶς
552 2263 593 2330 οὐ
615 2265 811 2349 τετάφωται;

103 2390 130 2432 ιε
215 2375 323 2438 Ταῦτα
342 2369 372 2436 δ’
395 2373 427 2436 εί
443 2367 504 2455 μὲν
521 2380 643 2457 παρῆν,
666 2368 771 2454 λέγων
795 2369 837 2436 δν
856 2368 942 2456 ὑμᾶς
959 2370 1150 2437 ἐδίδασκον·

144 2478 256 2562 ἐπειδὴ
280 2473 310 2543 δ’
338 2476 375 2543 ἐν
397 2478 560 2554 τοιούτοις
582 2479 665 2561 είμί,
693 2476 730 2543 έν
752 2468 803 2554 οἷς
830 2484 864 2542 εί
881 2500 930 2554 τις
957 2476 1038 2562 ἐμοῦ
1060 2477 1151 2542 κατέ-

143 2597 281 2665 ψευσται
305 2580 358 2668 ἐφ’
385 2575 435 2661 οἷς
458 2583 612 2650 ἀπόλωλα
635 2579 780 2666 γένοιτο,
808 2584 936 2669 γράψας
962 2581 1151 2667 ἐπέσταλκα,

143 2703 275 2778 πρῶτον
298 2685 359 2774 μὲν
381 2687 437 2754 καὶ
454 2695 609 2754 πλείστου
627 2692 729 2773 λόγον
746 2691 944 2774 ποιούμενος
965 2699 1025 2756 τοῦ
1047 2695 1151 2756 καλοῦ

144 2796 198 2862 καὶ
220 2806 281 2864 τοῦ
303 2793 531 2883 συμφέροντος
552 2792 645 2880 ὑμίν,
669 2796 825 2881 δεύτερον
848 2792 878 2861 δ’
901 2795 951 2861 ὅτι
969 2797 1029 2880 τὴν
1048 2796 1151 2881 αὐτην

145 2903 291 2986 εὔνοιαν,
308 2902 351 2985 ἣν
368 2905 451 2988 πρὸς
470 2905 573 2981 ζῶντα
587 2905 787 2987 Λυκοῦργον
800 2897 902 2988 εἶχον,
921 2904 1052 2968 δίκαιον
1065 2897 1151 2966 εἶναι

145 3011 265 3091 νομίζω
287 3006 447 3092 καὶπρὸς
472 3011 551 3087 τοὺς
578 3010 698 3086 παῖδας
724 3008 828 3075 αὐτοῦ
854 3012 1034 3093 φαίνεσθαι
1057 3010 1150 3093 ἔχων.

106 3115 176 3178 πεί
198 3111 237 3177 δέ
256 3135 301 3200 τφ
323 3113 525 3199 παρέστηιιεν
548 3115 592 3192 ὡς
613 3115 700 3180 πολύ
718 3137 775 3198 μοι
796 3119 940 3199 περίεστι
963 3125 1029 3178 τῶν
1053 3112 1150 3197 ἐμαυ-

144 3228 204 3285 τοῦ
221 3219 432 3303 πραγμάτων,
455 3219 516 3286 οὐκ
534 3218 577 3286 ἂν
594 3220 769 3304 ὀκνήσαιμι
791 3223 872 3306 πρὸς
894 3229 1013 3286 τοῦτον
1035 3221 1150 3303 εἰπεῖν,

146 3325 281 3392 ὅτιτῶν
300 3328 538 3410 συμφερόντων
555 3324 637 3410 ὑμίν
654 3324 787 3392 καὶτοῦ
805 3323 931 3410 μηδένα
953 3335 1020 3391 τῶν
1042 3329 1149 3408 φίλων

146 3431 389 3514 ἐγκαταλείπειν
396 3479 406 3514 ,
441 3430 561 3514 ὁμοίως
591 3431 699 3517 ὥσπερ
728 3441 785 3516 της
818 3431 961 3516 ἐμαυτοῦ
990 3434 1150 3514 σωτηρίας

144 3539 317 3623 φροντίζω.
363 3537 488 3602 οὔκουν
510 3534 547 3601 ἐκ
568 3545 631 3602 τοῦ
645 3539 818 3621 περιόντος
834 3544 935 3601 ταῦτα
953 3545 1048 3615 ποιῶ,
1071 3529 1145 3596 ἀλλ’

936 3635 989 3688 27'
