2650 3918
203 189 269 256 332
513 190 571 248 Lx.
598 187 904 262 [οΗιιοεοταουΣ]

672 366 741 434 LX.

558 486 863 608 ΕΠΙΤΑΦΙΟΣ.
915 507 917 512 ’

268 661 400 748 Ἰῦιειδή
423 666 502 741 τοὺς
524 661 562 730 έν
583 664 669 751 τςῦδε
690 669 736 752 τῷ
759 662 853 752 τάφφ
880 656 1067 746 κειμένους,
1094 659 1221 745 ἀνδρας

203 767 354 852 ἀγαθοὺς
376 769 413 836 ἐν
435 778 481 860 τῷ
504 767 637 858 πολέμφ
655 761 843 852 γεγονότας,
867 765 959 846 ἔδοξε
980 775 1020 852 τῇ
1042 767 1137 832 πόλει
1160 766 1221 849 δη-

205 880 305 963 μοσίηι
330 874 473 942 θάπτειν
498 872 554 941 καί
585 872 785 961 προσέταξεν
812 871 886 959 ἐμοὶ
908 873 973 946 ,τὸν
998 874 1221 959 νομιζόμενον

204 985 307 1066 λόγον
336 983 441 1047 εἰπεῖν
471 977 521 1048 ἐτά
553 981 683 1067 αὐτοῖς,
713 980 877 1047 ἐσκόπουν
906 975 968 1066 μέν
997 978 1313 1056 εόθὺςόπως1389

204 1096 265 1153 τοῦ
286 1089 512 1174 προσήκοντος
539 1085 677 1154 ἐπαίνου
704 1085 891 1171 τεύξονται,
918 1084 1075 1164 ἐξετάζων
1103 1077 1141 1150 δέ
1162 1082 1221 1150 καὶ

206 1204 338 1260 σκοπῶν
366 1192 464 1272 ἀξίως
491 1195 596 1260 εἰπεῖν
624 1203 694 1262 τῶν
724 1195 1002 1277 τετελευτηκότων
1027 1191 1065 1258 ἐν
1090 1214 1125 1257 τι
1151 1201 1221 1257 τῶν

206 1297 380 1366 ἀδυνάτων
398 1298 555 1385 εὕρισκον
573 1299 623 1365 όν.
659 1302 695 1364 οἳ
713 1298 778 1386 γάρ
800 1299 862 1383 τήν
883 1296 1099 1384 ὑπάρχουσαν
1115 1305 1221 1362 πᾶσιν

206 1407 353 1491 ἔμφυτον
375 1415 436 1471 τοῦ
460 1406 517 1489 ζῆν
538 1403 717 1490 ὑπερεῖδον
740 1403 934 1489 ἐπιθυμίαν,
955 1399 1011 1470 καὶ
1028 1407 1221 1487 τελευτῆσαι

205 1515 313 1588 καλῶς
343 1514 471 1596 μᾶλλον
502 1510 758 1595 ἠβουλήθησαν,
794 1509 815 1595 ή
849 1511 966 1589 ζῶντες
995 1509 1057 1595 τήν
1082 1505 1217 1575 Ἑλλάδ’

207 1617 292 1682 ἰδεῖν
314 1614 518 1701 ἀτυχοῦσαν,
544 1626 614 1693 πῶς
641 1616 703 1682 οὐκ
730 1611 981 1702 ἀνυπέρβλητον
1007 1612 1106 1681 παντί
1128 1617 1221 1706 λόγφ

205 1720 267 1803 τήν
289 1720 399 1787 αὑτῶν
422 1719 542 1806 ἀρετήν
560 1724 850 1800 καταλελοίπασιυ;
875 1721 997 1807 ὁμοίως
1014 1716 1128 1806 μέντοι
1146 1722 1220 1787 δια-

206 1830 365 1912 λεχθῆναι
387 1837 457 1903 τοῖς
478 1829 642 1912 πρότερόν
664 1822 736 1893 ποτ’
758 1828 927 1914 εἰρηκόσιν
951 1821 1066 1893 ἐνθάδ’
1094 1826 1224 1894 ἐνεῖναί

180 1954 263 2016 ιμοι
286 1933 385 1998 δοκεῖ.
423 1931 468 2010 ὡς
493 1928 555 2018 μὲν
583 1927 646 1998 οὖν
668 1930 689 2016 ή
712 1936 808 2011 πόλις
834 1932 1011 2012 σπουδάζει
1037 1931 1114 2020 περὶ
1139 1936 1220 2012 τοὺς

206 2038 244 2105 ἐν
265 2048 311 2128 τῷ
334 2035 466 2128 πολέμφ
495 2043 733 2124 τελευτῶντας,
762 2041 799 2105 ἐκ
826 2062 861 2105 τε
890 2050 957 2105 τῶν
986 2039 1098 2105 ἀλλων
1127 2041 1220 2105 ἔστιν

206 2146 292 2211 ἰδεῖν
314 2143 370 2211 καί
392 2141 522 2230 μάλιστ’
549 2142 585 2211 ἐκ
607 2147 706 2211 τοῦδε
728 2154 789 2212 τοῦ
810 2147 930 2230 νόμου,
952 2139 1030 2210 καθ’
1053 2142 1094 2211 δν
1115 2143 1219 2231 αἰρεῖ-

206 2275 259 2316 ται
281 2253 340 2318 τὸν
363 2248 492 2337 ἐροῦντ’
515 2249 567 2317 ἐπὶ
585 2263 657 2328 ταῖς
675 2253 849 2337 δημοσίαις
868 2261 999 2338 ταφαῖς·
1022 2251 1131 2316 εἰδυῖα
1153 2251 1218 2340 γάρ

205 2358 294 2444 παρά
320 2369 390 2434 τοῖς
417 2355 557 2439 ἀγαθοῖς
583 2355 746 2443 ἀνδράσιν
776 2357 834 2433 τάς
860 2352 922 2443 μὲν
948 2368 1015 2423 τῶν
1042 2355 1219 2445 χρημάτων

205 2466 335 2548 κτήσεις
363 2460 418 2528 καί
447 2473 514 2528 τῶν
543 2463 625 2528 κατὰ
658 2464 718 2529 τὸν
752 2467 828 2548 βίον
856 2461 990 2547 ἡδονῶν
1019 2461 1219 2541 ἀπολαύσεις

205 2566 489 2655 ὑπερεωραμένας,
510 2577 568 2653 τῆς
586 2564 616 2634 δ’
639 2567 756 2655 ἀρετῆς
777 2567 832 2635 καὶ
854 2577 922 2635 τῶν
940 2569 1086 2636 ἐπαίνων
1107 2577 1219 2635 πᾶσαν

205 2675 267 2758 τήν
291 2674 472 2759 ἐπιθυμίαν
495 2670 612 2758 οὖσαν,
635 2674 668 2754 ἐξ
692 2669 739 2741 ὧν
762 2673 851 2741 ταῦτ’
878 2673 920 2742 ἀν
942 2674 1056 2754 αὐτοῖς
1076 2675 1219 2761 μάλιστα

207 2779 336 2863 γένοιτο
364 2783 489 2865 λόγων,
516 2781 646 2857 τυότοις
673 2776 833 2868 ᾠήθησαν
861 2781 933 2847 δεῖν
960 2780 1081 2859 αὐτοὺς
1106 2789 1218 2867 τιμᾶν,

205 2882 250 2951 ἵν’
276 2885 319 2970 ἣν
343 2887 459 2964 ζῶντες
481 2881 649 2970 ἐκτήσαντ’
670 2884 836 2971 εὐδοξίαν,
858 2885 940 2970 αὕτη
958 2884 1014 2952 καί
1030 2892 1218 2972 τετελευτη-

179 2993 301 3057 εκόσιν
331 2990 442 3068 αὐτοῖς
475 2989 668 3076 ἀποδοθείη.
712 2993 745 3058 εἰ
773 2988 835 3078 μέν
869 2985 931 3058 οὖν
964 2993 1027 3079 τήν
1058 2993 1218 3079 ἀνδρείαν

206 3100 311 3182 μόνον
334 3096 446 3174 αὐτοῖς
467 3107 535 3164 τῶν
562 3099 609 3175 εἰς
634 3096 754 3183 ἀρετήν
782 3097 974 3183 ἀνηκόντων
1000 3097 1217 3185 ὑπάρχουσαν

206 3201 331 3290 ἑώρων,
348 3203 471 3287 ταύτην
490 3201 532 3269 ἀν
551 3201 724 3279 ἐπαινέσας
737 3201 988 3289 ἀπηλλαττόμην
1006 3215 1073 3269 τῶν
1092 3205 1217 3288 λόγων·

206 3309 319 3395 ἐπειδή
351 3305 388 3375 δὲ
419 3307 474 3375 καὶ
506 3315 706 3394 γενενῆσθαι
740 3313 848 3385 καλῶς
881 3293 937 3374 καί
973 3310 1218 3376 πεπαιδεῦσθαι

207 3418 387 3502 σωφρόνως
413 3412 469 3480 καὶ
491 3411 687 3499 βεβιωκέναι
713 3418 895 3499 φιλοτίμως
922 3413 1130 3500 συμβέβηκεν
1157 3414 1217 3481 αὐ-

205 3532 285 3604 τοῖς,
309 3520 342 3599 ἐξ
365 3515 412 3585 ὧν
435 3521 567 3596 εἰκότως
593 3513 679 3602 ἦσαν
707 3521 898 3603 σπουδαῖοι,
925 3522 1144 3606 αἰσχυνοίμην
1172 3519 1217 3586 ἀν
