2654 3926
509 39 515 84 λ

428 165 525 218 xm
542 165 742 218 Συεοεαου
758 167 790 220 ε.
1075 163 1116 230 79
1219 227 1221 230 ,

2 373 3 426 ,
100 320 238 389 διδόνθ’
267 318 376 408 οὗτοι,
403 324 544 408 εύλογου
566 319 610 408 ῆν
631 322 752 410 πρᾶξαι
778 334 889 392 ταῦτα.
930 322 1002 392 ἀλλ’
1029 326 1118 410 ὅμως

2 429 3 450 ³
100 429 124 496 ἃ
147 441 218 506 τοῖς
239 431 356 514 εἰκόσι,
376 442 446 508 τοῖς
468 434 617 516 χρόνοις,
639 442 708 508 τοῖς
729 429 971 518 πεπραγμένοις
992 430 1117 515 ἐξελέγ-

100 559 195 622 χεται
225 537 351 620 ψευδῆ,
381 546 483 602 ταῦτα
515 547 695 623 μαρτυρεῖν
727 537 789 602 οὐκ
820 538 970 622 ὤκνησεν
1002 534 1119 604 οὑτοσὶ

100 639 285 726 Στέφανος.

59 764 85 804 τι
171 741 254 812 Εἶτα
277 744 364 830 λέγει
386 749 541 832 περιιών,
568 747 613 824 ὡς
640 746 842 834 ἐμαρτύρησε
865 744 927 833 μὲν
949 752 1118 832 Νικοκλῆς

101 852 337 939 ἐπιτροπεῦσαι
359 853 441 918 κατὰ
463 853 525 936 τῆν
548 855 732 937 διαθήκην,
760 852 963 940 ἐμαρτύρησε
986 850 1024 920 δὲ
1046 858 1118 920 Πα-

101 965 217 1043 σικλῆς
248 957 527 1046 ἐπιτροπευθῆναι
558 959 640 1023 κατὰ
671 959 732 1042 τῆν
765 961 939 1043 διαθήκην.
985 960 1049 1044 ἐγὼ
1082 957 1113 1027 δ’

101 1065 187 1130 αύτδ
216 1060 307 1130 ταῦτ’
341 1058 433 1148 οἶμαι
461 1060 608 1150 τεκμήρι’
641 1059 745 1147 εἶναι,
773 1074 834 1130 τοῦ
864 1061 938 1149 μήτ’
970 1064 1118 1143 ἐκείνους

2 1189 3 1227 ι
100 1170 231 1255 τάληθῆ
257 1173 339 1255 μήτε
366 1170 485 1235 τούσδε
517 1166 810 1254 μεμαρτυρηκέναι.
851 1169 870 1236 ὁ
898 1171 961 1257 γὰρ
990 1169 1196 1256 §mmo-1113

101 1287 222 1344 πεῦσαι
235 1276 317 1342 κατὰ
332 1275 495 1360 διαθήκας
513 1285 701 1360 μαρτυρῶν,
720 1277 825 1358 δῆλον
843 1274 894 1340 ὅτι
907 1272 985 1340 καθ’
1003 1276 1118 1353 ὁποίας

102 1382 145 1449 διν
168 1385 286 1467 εἰδείη,
314 1379 370 1448 καὶ
393 1382 412 1449 ὁ
435 1381 715 1467 ἐπιτροπευθῆναι
742 1382 823 1446 κατὰ
851 1383 1014 1466 διαθήκας
1036 1405 1118 1468 μαρ-

2 1473 4 1485 ¹
60 1509 88 1549 εε
101 1499 225 1575 τυρῶν,
249 1491 352 1572 δῆλον
375 1487 427 1553 ὅτι
449 1481 527 1552 καθ’
553 1487 669 1564 ὁποίας
696 1486 739 1552 δν
766 1488 879 1572 εἰδείη.
916 1492 951 1554 τί
971 1483 1034 1554 οὖν
1057 1511 1117 1572 μα-

100 1597 222 1672 θόντες
245 1589 455 1681 ἐμαρτυρεῖθ’
478 1593 572 1679 ὑμεῖς
591 1592 628 1658 ἐν
645 1595 825 1679 προκλήσει
844 1595 1017 1678 διαθήκας,
1041 1590 1112 1660 ἀλλ’

102 1700 165 1767 οὐκ
194 1699 342 1778 ἐκείνους
370 1702 472 1780 είᾶτες
502 1703 534 1766 εί
562 1701 626 1786 γάρ
656 1695 699 1766 αὖ
727 1702 774 1785 μῆ
801 1701 968 1786 φήσουσιν
991 1698 1117 1766 εἰδέναι

100 1807 142 1872 τά
164 1803 361 1892 γεγραμμέν’
395 1805 432 1872 ἐν
462 1806 587 1890 αὐταῖς,
616 1817 685 1883 πῶς
713 1806 798 1890 ὑμᾶς
828 1798 902 1874 οἷόν
931 1801 960 1872 τ’
991 1803 1118 1872 εἰδέναι

101 1913 180 1989 τοὺς
197 1915 331 1998 μηδαμῆ
359 1914 516 1997 μηδαμῶς
542 1921 603 1978 τοῦ
630 1912 820 1998 πράγματος
847 1911 959 1996 ἐγγύςς
986 1907 1113 1978 τέτατ’

103 2013 166 2084 οὖν
198 2019 234 2084 οί
262 2014 323 2101 μέν
356 2016 480 2102 ἐκεῖνα,
512 2017 549 2086 οί
573 2012 611 2082 δὲ
637 2011 728 2083 ταῦτ’
759 2017 1004 2103 ἐμαρτύρησαν;
1036 2016 1116 2104 ὅπερ

103 2130 219 2209 εἴρηκα
235 2120 482 2210 καὶπρότερον,
500 2124 666 2188 διείλοντο
683 2122 898 2207 τάδικήματα,
915 2120 971 2188 καὶ
989 2121 1117 2206 ἐπιτρο-

2 2233 3 2292 f
103 2237 225 2295 πεῦσαι
246 2223 307 2311 μέν
329 2228 411 2292 κατά
430 2229 597 2310 διαθήκην
614 2223 716 2293 οὐδὲν
735 2229 848 2294 δεινὸν
866 2227 976 2310 ἡγεῖτο
996 2250 1118 2312 μαρτυ-

106 2344 178 2419 ρεῖν
197 2332 216 2398 ὁ
235 2341 424 2418 μαρτυρῶν,
447 2328 519 2397 οὐδ’
542 2330 823 2416 ἐπιτροπευθῆναι
840 2333 922 2398 κατὰ
941 2333 1118 2417 διαθήκην,

63 2461 92 2504 τε
107 2437 261 2524 ἀφαιρῶν
284 2435 435 2523 ἑκάτερος
456 2438 494 2504 τὸ
521 2449 701 2524 μαρτυρεῖν
727 2438 768 2503 τὰ
791 2435 828 2502 ἐν
850 2447 921 2513 ταῖς
943 2438 1118 2520 διαθήκαις

102 2545 169 2612 ὑπὸ
191 2545 312 2610 τούτου
340 2541 564 2629 γεγραμμένα,
592 2539 673 2610 οὐδὲ
699 2549 890 2610 καταλιπεῖν
917 2544 976 2609 τὸν
1002 2541 1113 2631 πατέρ’

104 2651 192 2739 αὐτῷ
217 2648 497 2736 ἐπιγεγραμμένου
520 2660 744 2736 γραμματεῖον
771 2650 955 2734 διαθήκην,
977 2645 1057 2716 ούδέ
1078 2651 1118 2716 τὰ

103 2766 254 2824 τοιαῦτα·
284 2759 449 2842 διαθήκας
480 2751 519 2822 δέ
551 2767 747 2843 μαρτυρεῖν,
783 2755 820 2822 ἐν
853 2747 906 2833 αἷς
942 2756 1118 2843 χρημάτων

69 2926 72 2932 .
104 2865 273 2930 τοσούτων
290 2865 407 2948 κλοπή,
428 2865 586 2948 γυναικὸς
605 2862 787 2948 διαφθορὰ,
809 2861 909 2946 γάμοι
930 2865 1117 2947 δεσποίνης,

104 2966 266 3056 πράγματ’
300 2971 462 3055 αἰσχύνην
490 2967 547 3036 καλ
575 2968 676 3056 ύβριν
705 2969 870 3054 τοσαύτην
899 2969 1033 3055 ἔχοντα,
1061 2968 1117 3034 ού-

108 3073 175 3154 δεῖς
196 3078 318 3160 ῆθελεν
344 3076 431 3160 πλήν
459 3071 568 3159 οὗτοι,
594 3077 780 3162 πρόκλησιν
806 3074 1117 3160 κατασκευάσαντες,

107 3180 181 3268 παρ’
208 3176 256 3248 ὧν
280 3183 410 3249 δίκαιον
436 3191 494 3266 τῆς
523 3181 602 3267 ὅλης
628 3180 743 3268 τέχνης
769 3179 826 3248 καὶ
847 3185 1045 3269 κακουργίας
1068 3181 1117 3245 δῖ-

107 3312 168 3373 κην
191 3293 317 3373 λαβεῖν.

68 3414 94 3454 ιο
164 3391 237 3460 Ἵνα
259 3397 375 3462 τοίνυν
402 3389 429 3460 ὦ
457 3395 577 3480 ἄνδρες
599 3391 774 3478 Ἀθηναῖοι
803 3395 847 3478 μή
874 3395 980 3478 μόνον
1008 3390 1040 3470 ἐξ
1069 3384 1117 3456 ὧν

107 3499 171 3584 ἐγὼ
202 3511 372 3587 κατηγορῶ
403 3497 459 3566 καὶ
491 3498 634 3586 ἐλέγχω,
670 3501 770 3584 δῆλος
801 3499 881 3583 ὑμῖν
913 3495 1045 3581 γένηται
1076 3497 1116 3561 τὰ
