2656 3926
515 218 708 270 ωΠοεεοΔω
734 219 756 272 1.
1074 214 1140 280 403

132 380 227 444 πόλει
249 363 392 464 μηδεμιᾷ
414 379 493 462 μήτε
515 387 582 444 τῶν
604 375 641 442 ἐν
665 374 783 463 ἑκάστη
801 387 868 443 τῶν
890 379 1020 442 πόλεων
1043 390 1144 457 συνη-

132 479 348 566 γωνισμένων
374 494 444 560 τοῖς
469 485 691 568 καθεστηκόσι
723 481 841 568 μηδενὶ
868 484 948 567 μήτε
975 484 1143 566 πικραίνει

103 595 213 654 τσθαι
242 590 324 672 μήτε
352 600 575 672 μνησικακεῖν.
620 588 638 654 ὁ
666 588 729 673 γὰρ
758 596 907 665 τοιοῦτος
935 589 1040 672 φόβος
1067 588 1144 662 τοὺς

132 695 326 771 συνειδότας
348 693 472 778 αὑτοῖς,
495 694 540 771 ὡς
557 692 749 777 ἀναγκαίοις
765 705 834 770 τοῖς
851 694 1070 777 καθεστηκόσι
1087 688 1144 757 καὶ

130 802 293 866 κίνδυνον
324 802 436 886 ἔχουσι
467 800 637 886 πρόδηλον
668 800 864 885 προθύμους
896 798 1143 882 συναγωνιστὰς

130 917 233 972 ποιεί·
257 903 437 991 ἀφεθέντες
459 901 496 971 δὲ
518 914 578 972 τοῦ
602 901 699 982 δέους
723 905 843 971 τούτου
866 904 985 980 πάντες
1006 903 1142 987 ήπιώτε-

131 1035 185 1097 ροι
214 1014 421 1096 γενήσονται.
466 1018 564 1078 τοῦτο
594 1006 625 1076 δ’
653 1010 693 1076 οὐ
724 1010 845 1094 μικράν
876 1007 1038 1094 ἀφέλειαν
1068 1012 1142 1094 ἔχει.
1270 1056 1275 1068 x

129 1118 211 1182 κατὰ
234 1114 296 1202 μὲν
319 1118 361 1201 δή
383 1120 496 1193 πόλεις
513 1116 553 1181 τὰ
570 1111 695 1183 τοιαῦτ’
717 1116 837 1200 εύηθες
854 1113 1040 1202 προλέγειν,
1062 1118 1142 1198 μᾶλ-

130 1227 191 1289 λον
211 1219 241 1289 δ’
264 1221 336 1288 οὐδ’
360 1222 398 1288 ἐν
421 1224 567 1311 δυνατῷ·
592 1223 636 1299 ὡς
658 1217 690 1286 δ’
712 1220 754 1286 άν
775 1221 856 1307 ύμῖν
880 1221 993 1297 αὐτοῖς
1015 1220 1141 1306 ὀφθήτε

130 1329 312 1416 χρώμενοι,
338 1328 496 1410 τοιαύτην
522 1325 577 1392 καὶ
603 1327 684 1391 κατὰ
710 1337 777 1392 τῶν
805 1328 916 1392 ἀλλων
938 1326 1142 1412 προσδοκίαν

102 1429 354 1520 επαραστήσεθ’
377 1431 532 1510 ἑκάστοις.
573 1430 658 1518 φημὶ
676 1433 718 1517 δή
737 1441 855 1520 χρήναι
873 1433 953 1517 μήτε
972 1439 1141 1520 στρατηγῷ

130 1542 209 1624 μήτε
234 1539 349 1626 ῥήτορι
371 1535 446 1624 μήτ’
472 1539 586 1623 ίδιύτη
617 1537 735 1623 μηδενὶ
764 1549 830 1603 τῶν
859 1538 899 1603 τά
928 1539 992 1623 πρὸ
1021 1547 1081 1605 τοῦ
1104 1560 1141 1621 γε

130 1645 321 1712 δοκούντων
344 1648 595 1730 σννηγωνίσθαι
621 1655 690 1722 τοῖς
716 1646 937 1728 καθεστηκόσι
960 1646 1039 1728 μήτε
1063 1641 1219 1728 μέμιιοσ

130 1757 255 1836 φεσθαι
273 1747 346 1835 μήτ’
366 1750 517 1836 ἐπιτιμᾶν
531 1748 658 1836 μηδένα
675 1747 781 1836 μηδὲν
798 1749 893 1835 ὅλως,
912 1747 996 1815 ἀλλὰ
1016 1765 1142 1834 συγχω-

131 1865 229 1942 ρῆσαι
251 1865 331 1924 πᾶσι
353 1867 424 1933 τοῖς
442 1856 480 1922 ἐν
496 1864 536 1941 τή
554 1858 649 1921 πόλει
669 1859 927 1921 πεπολιτεῦσθαι
949 1855 989 1920 τά
1013 1853 1141 1940 δέοντα,

131 1961 306 2046 ἐπειδήπερ
337 1963 372 2027 οί
398 1958 494 2045 θεοὶ,
527 1965 636 2037 καλῶς
664 1971 854 2045 ποιοῦντες,
888 1961 1053 2036 σώσαντες
1080 1961 1141 2045 τήν

130 2069 241 2149 πόλιν,
264 2065 514 2131 ἀποδεδώκασιν
536 2064 616 2150 ὑμῖν
639 2065 657 2130 ὅ
680 2088 712 2130 τι
734 2063 776 2130 ἀν
799 2061 961 2148 βούλησθ’
985 2063 1018 2143 ἐξ
1042 2063 1142 2151 ἀρχής

131 2171 398 2256 βουλεύσασθαι,
419 2167 475 2235 καὶ
497 2171 662 2253 νομίζειν,
691 2170 799 2255 ὥσπερ
823 2167 864 2235 ἀν
889 2168 925 2234 έν
948 2172 1052 2258 πλοίῳ
1075 2180 1141 2236 τῶν

131 2273 193 2362 μὲν
216 2276 320 2364 ίστίφ,
342 2287 409 2342 τῶν
433 2271 470 2342 δέ
493 2275 618 2352 κώπαις
639 2272 917 2359 ἀποφαινομένων
939 2278 1142 2360 κομίζεσθαι,

132 2380 288 2466 λέγεσθαι
311 2377 373 2466 μέν
394 2379 451 2448 ὑπ’
473 2378 669 2466 ἀμφοτέρων
692 2377 808 2447 ἅπαντ’
831 2378 884 2446 ἐπὶ
908 2383 1067 2468 σωτηρίη,
1088 2403 1142 2464 γε·

131 2494 294 2573 γενήσθαι
323 2483 360 2552 δὲ
390 2488 451 2572 τήν
479 2491 594 2573 χρείαν
622 2487 705 2571 πρὸς
732 2487 772 2552 τά
801 2481 959 2570 συμβάντ’
987 2483 1051 2552 ἀπὸ
1073 2497 1141 2553 τῶν

104 2602 232 2661 εθεῶν.
279 2593 338 2660 ἐὰν
358 2603 480 2660 τοῦτον
502 2594 562 2658 τὸν
584 2595 708 2678 τρόπον
726 2590 802 2677 περὶ
824 2602 891 2657 τῶν
914 2596 1141 2676 παρεληλυθό-

131 2724 199 2766 των
228 2699 407 2783 ἐγνωκότες
435 2692 511 2782 ήτε,
539 2694 596 2764 καὶ
623 2695 734 2765 πιστοὶ
760 2705 841 2762 πᾶσι
863 2698 1060 2784 γενήσεσθε,
1085 2698 1141 2765 καὶ

131 2811 242 2872 καλῶν
260 2805 420 2889 κάγαθῶν
439 2803 573 2889 ἀνδρῶν
591 2805 671 2889 ἔργα
689 2801 837 2889 πράξετε,
855 2798 909 2867 καὶ
923 2802 962 2867 τά
975 2801 1137 2889 πράγματ’

133 2908 310 2996 ὠφελήσετ’
337 2911 378 2978 οὐ
401 2910 518 2996 μικρά,
544 2907 598 2975 καὶ
625 2911 703 2986 τοὺς
730 2907 989 2987 ἐναντιωθέντας
1012 2909 1049 2975 έν
1071 2920 1141 2987 ταῖς

133 3019 271 3082 πόλεσιν
292 3017 313 3101 ή
337 3027 544 3101 μεταγνῶναι
565 3018 718 3099 ποιήσετε
740 3014 874 3098 πάντας,
896 3013 917 3100 ή
936 3014 1068 3100 ὀλίγους
1085 3039 1140 3081 κο-,

133 3125 212 3208 μιδήγ
235 3145 328 3199 τινας
350 3122 470 3198 αὐτοὺς
488 3124 565 3198 τοὺς
583 3123 708 3198 αίτίους
729 3125 998 3206 καταλειφθῆναι.
1043 3143 1140 3206 μεγα-

133 3230 287 3314 λοψύχως
315 3233 431 3295 τοίνυν
459 3226 514 3295 καὶ
543 3231 718 3304 πολιτικῶς
743 3228 784 3293 τά
805 3234 900 3313 κοινή
931 3225 1139 3313 συμφέροντα

94 3357 118 3397 ιο
132 3337 304 3422 πράττετε,
331 3334 474 3400 καὶτῶν
498 3335 593 3400 ίδίων
615 3335 660 3419 μή
683 3331 861 3418 μέμνησθε.
906 3338 1081 3420 παρακαλῶ
1105 3331 1135 3398 δ’

132 3445 179 3519 είς
201 3437 292 3508 ταῦτ’
319 3440 361 3507 ού
382 3441 492 3526 τυχὼν
515 3441 613 3517 αὐτὸς
635 3448 692 3524 τής
713 3440 867 3522 τοιαύτης
887 3440 1140 3525 φιλανθρωπίας

5 3637 10 3648 ‚
132 3544 209 3634 παρ’
243 3547 361 3633 ἐνίων,
390 3543 463 3612 ἀλλ’
497 3545 618 3624 ἀδίκως
651 3544 711 3612 καί
741 3553 974 3620 στασιαστικῶς
1003 3545 1051 3620 είς
1079 3544 1138 3625 τήν

924 3645 978 3700 26*
