2658 3914
192 193 256 258 172
518 199 549 252 n.
578 195 882 269 [Λεαοεοεαοοε]

191 355 306 440 αὐτοῦ,
332 353 388 422 καὶ
410 357 456 442 μὴ
482 357 713 424 διακινδύνευε
732 355 835 423 ἐκεῖσε
854 354 974 441 ἀγων’,
995 356 1051 422 ἵνα
1074 356 1200 422 λύσων·

189 465 246 528 ταί
262 484 318 546 μοι
335 463 373 528 τὸ
394 466 529 550 χωρίον,
552 462 733 540 ἀποδόντες
752 458 911 552 Ἀρχένεω
928 460 984 528 καὶ
999 455 1200 552 Θρασυλόχῳ

190 567 367 655 τριάκοντα
389 577 482 654 μνᾶς.
518 566 594 655 περὶ
616 565 648 634 δ’
675 567 854 654 ἀποτριβῆς
871 578 938 634 τῶν
961 579 1101 653 σκευῶν,
1122 567 1200 653 ἤθε-

191 678 251 739 λον
265 673 354 761 αύτῷ
368 674 543 761 γράμματα
561 674 715 761 γράφειν,
737 671 792 740 καὶ
806 672 962 758 ἐγγυηταὶ
980 671 1075 741 αὑτοὶ
1092 677 1201 758 γίγνε-

191 786 273 845 σθαι
290 776 374 867 ὑπέρ
393 779 486 865 ἐμοῦ,
508 775 529 866 ἦ
548 781 614 865 μὴν
633 782 770 846 ἔσεσθαι
788 779 877 868 αὑτχῦ
896 779 915 846 ὑ
937 801 970 846 τι
991 779 1034 846 ἀν
1056 777 1112 846 καὶ
1134 790 1202 857 τοις

190 885 304 963 ἀλλοις
320 887 532 974 τριηράρχοις
544 888 627 973 πρὸς
644 887 723 963 τοὺς
739 886 925 972 διαδόχους.
953 887 998 964 όις
1015 881 1078 952 οὖν
1095 886 1203 952 πάντα

191 989 280 1058 ταῦτ’
304 991 414 1078 ἀληθῆ
433 991 530 1079 λέγω,
551 993 680 1059 τούτων
698 991 779 1076 ὑμίν
797 989 1023 1075 ἀναγνώσεται
1040 991 1099 1069 τάς
1121 1013 1203 1078 μαρ-

190 1102 313 1185 vvqlag.
593 1185 791 1239 MAPr‘rPIAI
1206 1131 1208 1136 ι

151 1325 177 1368 ²⁹
253 1307 309 1377 ’λῦκ
326 1315 460 1378 πολλῶν
477 1313 595 1377 τοίνυν
612 1313 797 1397 τεκμηρίων
815 1304 906 1394 οἶμαι
924 1309 1005 1395 ὑμῖν
1027 1307 1205 1388 ἐπιδείξειν

190 1415 385 1500 Πολυκλέα,
408 1416 460 1482 ότι
482 1417 558 1482 οὔτε
581 1415 727 1482 αὑτόθεν
751 1417 910 1483 διενοεῖτο
931 1415 1203 1502 παραλαμβάνειν
1310 1435 1311 1445 ’

190 1517 267 1609 παρ’
294 1521 376 1606 ἐμοῦ
398 1522 460 1606 την
482 1530 569 1588 ναῦν
576 1571 587 1607 ,
614 1520 700 1607 οὔτ’,
727 1520 839 1606 ἐπειδη
861 1518 920 1607 ὑφ’
946 1520 1042 1605 ὑμῶν
1064 1517 1120 1587 καὶ
1142 1529 1203 1587 τοῦ
1212 1539 1272 1589 εειε

190 1632 401 1711 ψηφίσματος
430 1636 491 1694 τοῦ
522 1626 685 1715 ὑμετέρου
715 1629 912 1713 ἠναγκάσθη
945 1625 998 1693 ἐπὶ
1026 1628 1087 1712 τὴν
1116 1636 1203 1694 ναῦν

191 1731 338 1817 ἀπιέναι,
366 1732 478 1799 ἐλθών
504 1730 651 1818 ηθέλησέ
677 1757 734 1819 μοι
757 1732 974 1813 διαδέξασθαι
997 1732 1108 1817 αὑτήν.
1146 1729 1203 1800 οὑ·

190 1862 247 1914 τος
268 1839 333 1925 γὰρ
356 1838 469 1924 ἐπειδὴ
497 1838 632 1926 ἀφίκετο
659 1841 707 1918 είς
731 1840 843 1907 Θάσον
865 1841 930 1924 ἤδη
960 1863 1025 1924 μου
1046 1837 1203 1926 τέταρτον

191 1953 279 2030 μῆνα
292 1942 636 2033 ἐπιτριηραρχοῦντος,
653 1946 855 2032 παραλαβών
869 1943 933 2030 ἐγὼ
952 1946 1119 2032 μάρτυρας
1135 1957 1202 2012 τῶν

190 2074 225 2116 τε
248 2054 393 2116 πολιτῶν
421 2050 466 2128 ώς
488 2050 658 2136 ἐδυνάμην
679 2053 852 2128 πλείστους
873 2049 929 2116 καὶ
950 2053 1028 2128 τοὺς
1050 2050 1204 2136 ἐπιβάτας
1313 2103 1314 2106 ¹

191 2154 246 2223 καὶ
274 2157 336 2242 την
364 2157 569 2243 ὑπηρεσίαν,
600 2156 824 2245 προσέρχομαι
855 2157 944 2246 αύτῷ
974 2155 1011 2223 ἐν
1039 2157 1138 2248 Θάσῳ
1165 2157 1202 2224 έν

190 2273 230 2350 τῇ
253 2261 375 2352 ἀγορᾷ,
402 2261 458 2328 καὶ
481 2260 634 2329 ἐκέλευον
662 2262 763 2330 αὑτὸν
784 2265 846 2348 τήν
868 2285 904 2329 τε
925 2271 1011 2328 ναῦν
1033 2269 1202 2349 παραλαμ-

191 2371 307 2455 βάνειν
334 2366 410 2456 παρ’
439 2368 521 2454 ἐμοῦ
548 2369 593 2446 ὡς
620 2370 778 2455 διάδοχον
806 2369 903 2454 ὄντα,
929 2365 984 2434 καὶ
1011 2379 1071 2435 τοῦ
1099 2367 1203 2436 ἐπιτε-

191 2473 476 2561 τριηραρχημένου
507 2478 632 2561 χρόνου
665 2474 863 2541 ἀποδιδόναι
892 2498 950 2559 μοι
977 2472 1201 2560 τάναλώματα.

108 2587 112 2596 ’
152 2596 179 2637 ³⁰
193 2584 392 2662 λογίσασθαι
424 2576 455 2646 δ’
490 2581 616 2664 ἤθελον
640 2580 727 2668 αύτῷ
759 2576 837 2646 καθ’
868 2579 1025 2665 ἕκαστον,
1056 2579 1117 2658 ἕως
1146 2606 1203 2667 μοι

191 2685 354 2770 μάρτυρες
375 2693 527 2771 παρῆσαν
554 2697 621 2752 τών
651 2684 873 2771 ἀνηλωμένων
895 2687 985 2752 οἵτε
1007 2695 1126 2753 ναύται
1147 2687 1203 2754 καὶ

192 2790 227 2857 οί
248 2788 398 2874 ἐπιβάται
420 2787 476 2855 καὶ
497 2789 518 2874 ἡ
540 2788 715 2878 ὑπηρεσία,
737 2788 782 2857 ἵν’
809 2797 844 2857 εί
861 2815 893 2858 τι
911 2790 1077 2876 ἀντιλέγοι
1099 2793 1204 2872 εὐθὺς

191 2894 402 2982 ἐξελέγχοιμι.
438 2893 526 2960 οὑτω
553 2896 617 2983 γάρ
644 2919 701 2982 μοι
727 2895 871 2984 ἀκριβῦς
898 2895 1092 2984 ἐγέγραπτο,
1122 2896 1199 2964 ὥστ’

192 3003 233 3069 ού
257 3005 361 3086 μόνον
389 3000 472 3066 αύτά
498 3024 555 3085 μοι
583 2998 799 3088 τάναλώματα
822 3001 1019 3090 ἐγέγραπτο,
1041 3002 1204 3071 ἀλλὰκαὶ

69 3120 72 3125 “
191 3108 268 3174 ὅποι
294 3105 454 3192 ἀνηλώθη
481 3104 537 3172 καὶ
562 3109 599 3172 τί
622 3109 826 3193 ποιούντων,
854 3107 953 3193 καὶὴ
981 3110 1058 3195 τιμὴ
1084 3113 1134 3187 τίς
1158 3105 1202 3194 ἦν

189 3212 246 3280 καί
267 3217 414 3299 νόμισμα
435 3212 599 3297 ποδαπόν,
620 3211 677 3280 καὶ
700 3214 825 3281 δπόσου
842 3215 864 3300 ἡ
881 3216 1068 3299 καταλλαγὴ
1090 3209 1134 3300 ἦν
1156 3223 1201 3304 τῷ

190 3319 352 3408 ἀργυρίῳ,
375 3315 419 3384 ἀν’
442 3317 655 3405 είηάκριβῶς
677 3318 840 3404 ἐξελέγξαι
863 3343 903 3406 με
925 3329 970 3409 τῷ
995 3322 1151 3412 διαδόχῳ,
1172 3328 1208 3388 εί

151 3442 177 3483 ⁸1
190 3449 222 3491 τι
244 3426 358 3510 ἡγοῖτο
380 3427 506 3504 ψεῦδος
532 3425 620 3514 αὑτῷ
648 3428 848 3510 λογίζεσθαι.
884 3429 932 3492 ἐτι
956 3422 992 3492 δέ
1013 3425 1070 3493 καί
1091 3429 1205 3493 πίστιν

192 3530 280 3616 αὑτςῦ
300 3526 426 3607 ἐπιθεὶς
443 3529 592 3616 ἠθέλησα
611 3533 809 3615 λογίσασθαι
827 3531 867 3597 τδ
885 3530 1089 3618 ἀνηλωμένα.
1122 3553 1203 3616 προ-
