2658 3914
454 158 554 210 ΠΡΟΣ
572 159 786 214 nonum,
1059 157 1123 230 179

112 316 251 394 ναύταις
274 314 461 403 σιτηρέσιον
492 315 548 405 (οὐ
570 317 633 404 γάρ
657 320 720 402 ἔφη
743 320 842 404 ἐχειν,
865 313 936 384 ἀλλ’
963 316 1000 384 ἐκ
1017 321 1126 385 Μυτι-
1179 365 1182 369 -

113 425 217 508 λήνης
244 422 441 510 λήψεσθαι),
468 425 505 491 ολ
529 445 565 490 τε
593 435 786 511 στρατιῶται
809 419 899 511 είχον
923 419 1024 492 οὐδέν
1047 423 1126 492 ὅτου

113 527 157 594 άν
180 527 423 614 ἐπεσιτίσαντο,
444 530 553 596 ἄσιτοι
571 525 609 596 δὲ
627 530 688 598 οὐκ
706 529 748 596 ἂν
770 531 938 614 ἠδύναντο
961 531 1127 616 ἐλαύνειν,

68 652 99 694 ⁵4
113 635 215 700 πάλιν
244 637 447 721 παραλαβὼν
473 635 537 720 ἐγὼ
561 636 729 723 μάρτυρας
749 648 816 702 τῶν
838 643 999 722 πολιτῶν,
1024 654 1126 725 προσ-

113 741 225 806 ελθὼν
252 745 424 808 Πολυκλεῖ
447 740 568 830 τουτῳὶ
599 740 637 808 ἐν
668 740 814 830 Τενέδῳ,
844 741 997 812 ἐκέλευον
1024 744 1126 812 αύτὸν

113 847 174 932 την
196 868 231 912 τε
253 857 339 913 ναῦν
357 847 627 934 παραλαμβάνειν
650 848 695 925 ὡς
717 849 875 935 διάδοχον
898 851 991 933 ὄντα,
1010 848 1065 917 καὶ
1087 853 1124 917 τὸ

112 951 393 1039 ἐπιτριηράρχημα
415 951 613 1020 ἀποδιδόναι
639 963 700 1019 τοῦ
722 956 845 1040 χρόνον
868 949 909 1020 ού
932 953 1125 1040 ἐπανήλωσα

111 1053 197 1144 ὑπὲρ
224 1059 345 1125 τούτου
372 1058 651 1145 ἐπιτριηραρχῶν,
682 1059 739 1126 ἵνα
770 1059 815 1143 μὴ
846 1062 1011 1145 πρόφασις
1037 1062 1124 1150 αύτῷ

111 1163 243 1248 γένοιτο
266 1163 446 1248 ἀπολογίας
466 1166 549 1251 πρὸς
569 1164 671 1249 ὑμᾶς,
698 1164 743 1241 ὡς
770 1163 834 1247 ἐγὼ
862 1165 918 1232 διὰ
945 1175 1043 1234 τοῦτο
1065 1168 1126 1234 ούκ

111 1273 239 1355 ἤθελον
265 1270 355 1360 αύτῷ
382 1272 591 1357 παραδοῦναι
622 1271 683 1354 την
710 1280 813 1355 ναῦν,
839 1273 1126 1358 φιλοτιμούμενος,

112 1378 169 1442 ἵνα
195 1376 456 1460 καταπλεύσαιμι
483 1376 596 1442 οἴκαδε
628 1373 682 1441 ἐπὶ
707 1375 791 1453 νεὼς
817 1370 856 1442 εὖ
881 1378 1046 1462 πλεούσης
1070 1376 1126 1444 καλ

68 1499 99 1541 ⁵⁶
114 1481 324 1568 ἐνδειξαίμην
353 1481 434 1566 ὑμῖν
466 1482 508 1548 τὰ
537 1479 745 1567 ἀναλώματα.
793 1481 855 1548 ούιι
884 1480 1059 1564 ἐθέλοντος
1088 1481 1121 1550 δ’

113 1589 218 1656 αὐτοῦ
232 1586 516 1675 παραλαμβάνειν,
533 1597 601 1654 τῶν
619 1583 658 1652 δὲ
675 1597 807 1656 ναυτῶν
821 1586 982 1675 ἀργύριον
995 1590 1126 1658 αίτούν-

111 1719 180 1762 των
203 1692 248 1762 ἵν’
276 1693 506 1780 ἀγοράσωνται
527 1692 567 1757 τά
589 1689 768 1778 ἐπιτήδεια,
789 1694 890 1760 πάλιν
912 1693 1001 1784 αύτῷ
1023 1713 1125 1781 προσ-

112 1800 250 1888 έρχομαι
279 1801 447 1886 μάρτυρας
476 1799 580 1884 ἐχαν,
608 1796 665 1864 καλ
692 1798 831 1885 ἠρώτων
860 1800 963 1868 αὐτὸν
989 1803 1021 1868 εί
1045 1800 1124 1868 ἀνα-

111 1908 286 1974 πλεύσειεν
316 1910 401 1993 ἐχων
435 1903 597 1991 άρχύριον
631 1904 676 1982 δις
709 1903 941 1991 διαδεξόμενός
973 1931 1031 1992 μοι
1062 1909 1124 1992 την

111 2024 211 2098 ναῦν,
231 2012 253 2097 ἢ
276 2012 327 2080 ού.
363 2007 629 2096 ἀποκριναμένου
657 2005 688 2076 δ’
716 2010 820 2076 αὐτοῦ
843 2011 894 2078 ὅτι
916 2014 1002 2098 ἔχων
1024 2011 1124 2099 άρχύ-

112 2143 188 2206 ριον
215 2118 303 2202 ἥκοι,
331 2113 485 2183 ἐκέλευον
514 2115 617 2183 αὐτόν
647 2139 704 2200 μοι
734 2117 884 2183 δανεῖσαι
914 2115 1124 2202 ὑποθέμενον

110 2225 152 2291 τδι
183 2224 283 2308 σκεύη
311 2229 370 2304 τῆς
397 2222 498 2305 νεύς,
527 2218 574 2286 ἵν’
607 2223 714 2307 ἔχοιμι
744 2222 919 2287 διαδοῦναι
947 2231 1016 2300 τοῖς
1043 2225 1124 2289 ναύ-

110 2353 185 2406 ταις
213 2325 269 2394 καὶ
298 2329 515 2411 κατακομίσαι
543 2326 605 2410 τὴν
633 2335 739 2411 ναῦν,
769 2325 881 2411 ἐπειδὴ
908 2327 949 2394 οὐ
970 2329 1124 2413 βούλεται

72 2438 317 2523 ῦπαραλαβείν
349 2432 505 2518 διάδοχος
536 2433 593 2498 ὥν.
639 2430 800 2517 δεομένου
837 2431 877 2498 δέ
910 2457 975 2519 μου
1011 2444 1124 2520 ταῦτα,

113 2542 311 2629 ἀπεκρίνατό
342 2563 400 2625 μοι
431 2537 483 2604 δτι
514 2533 586 2605 οὐδ’
622 2536 726 2624 άκαρη
765 2541 921 2606 δανείσοι.
967 2539 1031 2624 ἐγὼ
1063 2535 1125 2626 μὲν

113 2643 176 2715 οὖν
204 2647 294 2734 παρὰ
323 2643 427 2726 ξένον
461 2646 625 2711 Τενεδίων
659 2654 719 2712 τοῦ
748 2646 889 2731 πατρὸς,
916 2647 1124 2725 Κλεάνακτος

112 2752 169 2820 καλ
193 2750 395 2840 Ἐπηράτου,
425 2750 645 2836 ἐδανεισάμην
674 2747 730 2816 καὶ
759 2752 866 2816 ἔδωκα
894 2761 963 2830 τοίς
989 2754 1123 2831 ναύταις

112 2861 150 2926 τὸ
169 2857 367 2945 σιτηρέσιον·
391 2858 447 2924 διδ
469 2858 532 2944 γάρ
555 2858 593 2923 τὸ
611 2858 789 2933 Πασίωνος
810 2851 895 2923 εἶναι
916 2857 972 2925 καλ
995 2858 1122 2926 ἐκεῖνον
1133 2880 1200 2931 1224

113 2964 295 3044 ἐξενῦσθαι
324 2969 460 3042 πολλοῖς
495 2961 552 3030 καὶ
586 2968 807 3048 πιστευθῆναι
843 2961 880 3029 ἐν
911 2972 950 3050 τῇ
977 2961 1122 3048 Ἑλλάδι,

113 3071 176 3138 οὐκ
202 3072 368 3157 ἠπόρουν,
400 3069 485 3136 ὅπου
517 3071 689 3154 δεηθείην,
721 3070 947 3136 δανείσασθαι.
988 3070 1032 3148 ὡς
1059 3064 1122 3136 οὖν

113 3175 202 3243 ταῦτ’
225 3175 335 3261 άληθῆ
353 3178 435 3263 πρὸς
453 3176 538 3261 ὑμᾶς
555 3174 652 3261 λέγω,
673 3176 801 3242 τούτων
818 3175 898 3261 ὑμῖν
921 3176 979 3253 τδς
1000 3199 1122 3263 μαρτυ-

114 3286 187 3369 ρίας
207 3280 397 3369 παρέξομαι.
