2650 3918
192 174 259 240 366
584 175 863 231 mmmmm

191 332 302 420 μένων
323 339 524 421 προτίθεται.
561 335 685 402 οὐκοῦν
703 336 744 404 ού
763 337 932 423 λοιδορίας
950 330 1029 401 οὐδὲ
1049 332 1205 420 μέμψεως
1322 336 1323 340 ’

192 441 348 525 δ’παρὼν
369 441 494 526 καιρὸς,
516 439 601 506 όλλδ
624 443 814 525 συμβουλῆς
830 435 920 507 εἶναί
935 464 992 526 μοι
1010 443 1109 506 δοκεῖ.
1146 442 1204 506 διδ

191 545 388 631 πειράσομαι
416 541 479 630 μὲν
507 544 720 632 φυλάξασθαι
727 594 738 630 ,
768 545 786 611 ὃ
815 547 946 623 τούτοις
973 544 1107 631 ἐπιτιμῶ
1114 595 1126 632 ,
1154 548 1203 631 μὴ

191 657 313 716 παθεῖν
342 650 459 735 αὐτός,
493 655 739 736 συμβουλεῦσαι
769 647 800 716 δ’
834 650 855 717 ἃ
889 651 1045 739 κράτιστα
1076 654 1203 737 νομίζω

190 753 356 841 περὶτῶν
384 759 568 842 παρόντων.
870 742 872 746 ’

669 865 728 928 ΙΒ.

260 981 379 1049 Οὐδέν
407 983 449 1050 ἂν
476 983 643 1051 ἀντειπεῖν
670 979 697 1050 ὦ
724 986 846 1071 ἄνδρες
868 979 1041 1069 Ἀθηναῖοι
1068 987 1203 1070 νομίζω,

192 1088 237 1167 ὡς
259 1089 300 1157 οὐ
321 1099 425 1156 κακοῦ
446 1093 585 1158 πολίτου
607 1088 664 1156 καὶ
681 1090 813 1176 φαύλου
835 1091 897 1175 την
919 1090 1056 1173 γνώμην
1079 1088 1203 1177 ἀνδρός

144 1242 147 1248 -
193 1193 283 1261 ἐστιν
290 1244 301 1280 ,
329 1196 415 1262 οὕτω
444 1197 520 1262 τινὰ
548 1207 658 1282 μισεῖν
679 1195 701 1280 ἢ
723 1201 834 1283 φιλεῖν
861 1207 928 1261 τῶν
955 1191 1009 1260 ἐπὶ
1035 1196 1075 1260 τὰ
1105 1196 1203 1262 κοινὰ

192 1305 412 1388 προσιόντων,
434 1303 518 1369 ὥστε
536 1311 596 1368 τοῦ
614 1312 653 1388 τῇ
671 1305 766 1368 πόλει
788 1304 960 1387 βελτίστου
977 1296 1081 1386 μηδὲν
1098 1325 1204 1389 φρου-

192 1410 303 1493 τίζειν,
325 1407 409 1474 ἀλλὰ
431 1409 471 1475 τὰ
492 1404 554 1494 μὲν
571 1411 654 1495 πρὸς
672 1407 839 1495 ἐπήρειαν,
860 1408 901 1473 τὰ
923 1403 961 1472 δέ
982 1408 1065 1493 πρὸς
1086 1410 1203 1492 φιλίαν

194 1514 408 1601 δημηγορεῖν·
426 1514 446 1580 ἃ
462 1511 592 1581 ποιοῦσ’
613 1516 698 1580 ἔνιοι
718 1526 784 1580 τῶν
801 1511 895 1601 δευρὶ
910 1515 1106 1600 παριόντων.
1135 1513 1203 1598 ἐγὼ

194 1614 231 1684 δὲ
253 1619 382 1696 τούτοις
403 1615 464 1703 μὲν
481 1629 643 1685 τοσούτω
665 1618 708 1686 δν
731 1626 867 1705 εἴποιμι,
889 1619 940 1685 ὅτι
963 1641 1021 1704 μοι
1044 1620 1204 1687 δοκοῦσιν

193 1721 266 1789 οὐδ’
293 1729 327 1789 εί
349 1747 380 1788 τι
406 1726 603 1809 πεποιήκασι
629 1735 782 1792 τοιοῦτον
809 1722 942 1812 μέγισθ’
972 1723 1204 1812 ἡμαρτηκέναι,

192 1825 264 1894 αλλ’
287 1828 338 1894 ότι
357 1831 517 1914 δηλοῦσιν
536 1827 687 1896 οὐδέποτ’
709 1828 789 1898 οὐδὲ
812 1832 1006 1898 παύσασθαι
1023 1848 1204 1918 παρεσκευ-

167 1937 339 2019 ιασμέυοι.
372 1935 453 2020 ὑμῖν
473 1932 510 2001 δέ
527 1947 678 2023 παραινῶ
691 1939 736 2023 μη
749 1935 967 2026 προϊεμένους
979 1936 1066 2022 ὑμᾶς
1083 1937 1205 2016 αύτούς

194 2039 308 2106 ίκανὸν
335 2050 432 2108 τοῦτο
459 2044 621 2126 νομίζειν,
648 2043 762 2128 δίκην,
789 2043 869 2110 ὅταν
892 2042 973 2128 ὑμῖν
996 2041 1091 2131 δόξη,
1113 2045 1204 2130 παρὰ

192 2147 319 2212 τούτων
341 2150 468 2232 λαβεῖν,
491 2145 574 2213 ἀλλὰ
591 2146 647 2214 καὶ
663 2151 813 2235 τούτους,
835 2149 917 2216 ὅσον
938 2146 1029 2215 ἐστὶν
1050 2148 1088 2215 έν
1110 2149 1204 2236 ὑμῖν,

191 2253 344 2338 κωλύειν,
361 2249 417 2318 καλ
434 2253 565 2337 αὐτοὺς,
584 2255 693 2342 ὥσπερ
712 2252 795 2342 ὑπὲρ
808 2257 935 2332 πόλεως
947 2257 1107 2342 προσήκει
1124 2259 1204 2340 βου·

192 2354 406 2443 λουομένους,
432 2358 490 2435 τὰς
517 2358 603 2434 ἰδίας
629 2357 809 2436 ἀνελόντας
837 2362 1026 2444 φιλονικίας
1047 2361 1085 2426 τὸ
1106 2369 1205 2448 κοινῇ

191 2461 361 2548 βέλτιστον
380 2469 588 2547 σκοπεῖσθαι,
611 2461 884 2549 ἐνθυμουμένους
901 2464 953 2530 ότι
976 2462 1101 2550 οὐδεὶς,
1123 2463 1200 2532 οὐδ’

192 2569 258 2652 ἅμα
275 2567 395 2645 πάντες
412 2569 448 2634 ολ
462 2570 724 2653 πολιτευόμενοι,
742 2579 808 2635 τῶν
824 2571 950 2654 νόμον,
969 2567 1021 2656 ἐφ’
1039 2563 1090 2649 οἷς
1106 2570 1204 2657 ὑμεῖς
1215 2589 1281 2641 142²

192 2670 274 2757 ἐστ’,
295 2671 471 2759 δξιόχρεώς
493 2672 584 2740 ἐστιν
607 2672 862 2761 διαφθαρέντων
885 2676 983 2760 δίκην
1005 2677 1136 2744 δοῦναι.

672 2852 730 2916 ΙΓ.

250 2970 345 3049 Ἴσως
366 2969 553 3057 ἐπίφθονον
580 2973 623 3039 ἄν
649 2989 738 3040 τισιν
761 2967 788 3040 ὦ
811 2973 932 3060 ἄνδρες
950 2970 1129 3058 Ἀθηναῖοι.
1148 2977 1206 3043 δό·

192 3078 277 3156 ξειεν
299 3072 396 3162 εἶναι,
419 3083 454 3143 εί
470 3100 520 3156 τις
542 3078 590 3144 ὢν
619 3079 751 3164 ἰδιότης
777 3075 833 3144 καὶ
859 3090 929 3149 τῶν
951 3085 1087 3148 πολλῶν
1102 3079 1205 3167 ύμῶν

190 3175 249 3267 εἷς,
272 3181 392 3270 ἑτέρων
411 3186 760 3270 συμβεβουλευκότων,
781 3187 818 3251 οἳ
836 3183 896 3251 καὶ
918 3193 964 3275 τςῖ
987 3186 1089 3254 πύλαι
1109 3196 1205 3254 πολι-

191 3288 346 3354 τεύεσθαι
375 3284 430 3354 καὶ
458 3295 504 3376 τῷ
537 3286 614 3373 παρ’
648 3288 729 3374 ὑμῖν
765 3287 868 3368 δόξαν
898 3293 986 3376 ἔχειν
1015 3289 1207 3379 προέχουσι,

191 3395 369 3480 παρελθὼν
382 3400 482 3478 είποι,
495 3393 546 3459 ότι
560 3392 601 3460 οὐ
615 3396 721 3478 μόνον
743 3394 831 3484 αὐτῷ
848 3397 1005 3464 δοκοῦσιν
1018 3397 1081 3486 οὐκ
1093 3397 1207 3484 ὀρθῶς

192 3495 313 3582 λέγειν,
331 3497 403 3565 ἀλλ’
423 3496 496 3566 οὐδ’
515 3498 615 3584 ἐγγὺς
634 3495 721 3566 εἶναι
738 3510 799 3568 τοῦ
816 3502 856 3567 τὰ
870 3499 987 3568 δέοντα
999 3503 1206 3586 γιγνώσκειν.
