2650 3918
448 211 636 266 HPOOIMIA.
662 213 847 266 xv-xvm.
1082 211 1146 278 369

138 378 324 455 ποιεῖσθαι,
345 371 400 435 ἵνα
422 371 467 455 μη
489 371 723 457 φιλάνθρωποι
745 375 862 456 μόνον,
884 370 968 438 ἀλλὰ
989 370 1045 438 καὶ
1066 383 1151 440 νοῦν

140 480 274 564 ’ἔχοντες
295 480 471 562 φαίνησθε.

615 585 673 647 ΙΖ.

202 705 297 783 Ἴσως
318 703 345 772 ὦ
368 707 488 791 ἄνδρες
505 702 679 792 Ἀθηναῖοι
705 710 863 793 προσήκει
889 714 934 794 τρλ
957 707 1150 798 βουλομένῳ

139 837 175 878 τι
197 822 371 896 παραινεῖν
393 811 485 896 ὑμῖν,
508 811 596 878 οὕτω
614 811 794 897 πειρᾶσθαι
816 809 926 895 λέγειν
949 813 993 889 ὡς
1015 811 1069 878 καὶ
1092 815 1150 881 δυ-

139 914 279 1002 νήσεσθ’
296 917 485 1001 ὑπομεῖναι·
504 919 536 984 εί
553 913 590 983 δὲ
608 919 652 1002 μὴ
670 914 775 1003 τοῦτ’,
793 915 918 1002 ἀφέντα
935 920 1012 996 τοὺς
1030 920 1151 997 ἄλλους

141 1025 287 1101 ἅπαντας
309 1025 447 1107 λόγους,
472 1020 547 1108 περὶ
570 1023 681 1092 αὐτῶν
703 1017 751 1088 ὧν
775 1033 922 1089 σκοπεῖτε
947 1027 1150 1108 συμβουλεύ-

139 1151 212 1213 ειν,
240 1127 296 1195 καὶ
324 1125 423 1196 ταῦθ’
449 1129 494 1206 ὡς
523 1129 578 1194 διὰ
607 1129 831 1215 βραχυτάτων.
876 1129 918 1196 οὐ
946 1130 1010 1216 γὰρ
1040 1129 1150 1218 ἐνδείᾳ

140 1258 199 1318 μοι
222 1237 348 1302 δοκεῖτε
371 1237 481 1318 λόγων
502 1230 582 1302 οὐδὲ
601 1244 664 1300 νῦν
683 1235 766 1320 ὁρᾶν
787 1237 827 1301 τὰ
849 1235 1022 1322 πράγματα
1043 1237 1149 1302 πάντα

140 1339 386 1424 λελυμασμένα,
404 1338 487 1408 ἀλλὰ
504 1349 550 1428 τῷ
568 1342 647 1416 τοὺς
663 1335 725 1424 μὲν
743 1337 869 1406 ἑαυτῶν
883 1342 991 1406 είνεκα
1005 1342 1149 1427 δημηγο-

140 1457 213 1531 ρεῖν
230 1443 286 1512 καὶ
302 1446 548 1530 πολιτεύεσθαι,
566 1449 644 1524 τοὺς
662 1442 699 1512 δὲ
717 1449 813 1531 μήπω
832 1448 951 1513 τούτου
965 1448 1149 1525 δεδωκότας

139 1561 274 1634 πεῖραν,
306 1554 433 1636 μᾶλλον
459 1551 547 1630 ὅπως
573 1548 611 1618 εὖ
643 1552 778 1632 δόξουσι
805 1551 914 1636 λέγειν
941 1553 1149 1638 σπουδάζειν,

140 1655 161 1739 ἢ
184 1668 253 1733 πῶς
270 1659 370 1743 ἔργον
393 1655 425 1736 ἐξ
449 1651 496 1724 ὧν
514 1655 652 1742 λέγουσί
670 1682 703 1737 τι
725 1657 895 1746 συμφέρον
914 1662 1148 1744 πραχθήσεται.

142 1761 205 1844 ἐγὼ
230 1760 261 1828 δ’
286 1764 343 1829 ίυα
365 1764 409 1848 μη
432 1763 527 1829 λάθω
553 1765 750 1831 τούναντίον
779 1761 820 1832 οὗ
847 1763 932 1849 φημὶ
955 1766 1028 1830 δεῖν
1049 1765 1149 1843 αὐτὸς

140 1877 260 1952 ποιῶν,
287 1867 342 1936 καὶ
368 1873 470 1936 πλείω
497 1867 572 1957 περὶ
598 1883 665 1936 τῶν
692 1873 803 1937 ἄλλων
830 1869 936 1954 λέγων
958 1871 979 1955 ἢ
1001 1869 1077 1957 περὶ
1100 1866 1148 1937 ὧν

138 1973 281 2058 ἀνέστην
304 1974 405 2061 έρῶν,
427 1974 523 2060 ἀφείς
544 1977 647 2042 τίίλλα
668 1978 790 2062 πάντα,
812 1977 834 2042 ἃ
855 1988 1004 2063 παραινῶ
1026 1975 1082 2044 καὶ
1104 1977 1146 2064 δὴ

139 2079 337 2164 πειράσομαι
358 2081 441 2166 πρὸς
461 2079 546 2164 ὑμᾶς
567 2084 683 2147 εἰπεῖν.

608 2258 673 2323 ΙΗ.

205 2377 347 2444 Αοκεῖτέ
366 2403 423 2465 μοι
447 2381 580 2457 δικαίως
597 2379 640 2446 δν
663 2376 689 2447 ὦ
712 2381 832 2467 ἄνδρες
849 2378 1024 2466 Ἀθηναῖοι
1045 2397 1147 2468 προσ-

141 2475 227 2571 έχειν
248 2488 308 2553 τὸν
329 2495 431 2571 νοῦν,
460 2492 495 2552 ελ
519 2509 569 2564 τις
597 2485 773 2572 ὑπόσχοιθ’
800 2488 881 2571 ὑμῖν
907 2487 1008 2552 ταύτὰ
1035 2489 1146 2553 δίκαια

134 2589 194 2657 καὶ
220 2590 431 2678 συμφέροντα
463 2590 583 2670 δείξειν
615 2589 689 2658 ἰόνθ’
721 2587 804 2679 ὑπὲρ
833 2586 881 2657 ὧν
906 2594 1145 2678 βουλευόμεθα.
1156 2612 1224 2662 1430

135 2689 202 2782 -έγὼ
221 2703 337 2765 τοίνυν
355 2695 446 2785 οἶμαι
463 2709 562 2765 τοῦτο
585 2700 736 2783 ποιήσειν
754 2697 795 2764 οὐ
812 2703 971 2784 χαλεπῶς,
993 2697 1036 2765 διν
1052 2699 1146 2785 ὑμεῖς

133 2806 244 2890 ’βραχύ
267 2823 327 2889 μοι’
345 2812 503 2890 πεισθῆτε
521 2805 618 2871 πάνυ.
654 2805 698 2890 μη
717 2801 835 2888 τόνδ’,
857 2803 902 2881 ῶς
923 2803 1057 2883 ἕκαστος
1079 2809 1145 2892 ἔχει

141 2901 271 2994 γνώμης
295 2911 391 2995 ὑμῶν
416 2909 492 2999 περὶ
518 2920 585 2976 τῶν
611 2912 801 2996 παρόντων,
829 2909 940 2996 ὀρθῶς
966 2908 1145 2994 ἐγνωκέναι

140 3005 319 3100 πεπείσθω,
340 3014 411 3082 ἀλλ’
435 3015 477 3082 δυ
499 3016 588 3101 παρὰ
610 3016 712 3081 ταῦτά
734 3039 766 3081 τι
789 3019 954 3103 συμβαίνῃ
977 3015 1145 3102 λέγεσθαι,

140 3123 299 3187 σκοπείτω
330 3120 431 3187 πάνθ’
464 3122 644 3206 ὑπομείνας
675 3120 833 3206 ἀκοῦσαι,
868 3117 926 3187 εἶτ’
961 3121 1004 3188 δν
1035 3122 1146 3209 ὀρθῶς

140 3231 296 3315 εἰρῆσθαί
321 3250 353 3291 τι
382 3229 462 3314 δοκῇ
491 3230 638 3315 χρήσθω.
687 3227 728 3294 οὐ
761 3228 824 3312 γὰρ
858 3222 956 3310 ἦττον
983 3227 1143 3315 ὑμέτερον

138 3347 204 3401 τῶν
221 3333 438 3422 χρησαμένων
457 3336 547 3399 ἔσται
565 3336 603 3400 τὸ
621 3329 840 3418 κατορδωδὲν
853 3333 874 3416 ἢ
888 3344 948 3399 τοῦ
965 3335 1047 3419 πρὸς
1059 3333 1144 3417 ὑμᾶς

139 3446 295 3518 είπόντος.
331 3440 352 3524 ἡ
376 3435 439 3524 μὲν
460 3435 522 3505 οὖν
541 3439 623 3525 ἀρχὴ
642 3447 703 3504 τοῦ
722 3450 857 3505 σκοπεῖν
875 3438 985 3524 ὀρθῶς
1007 3438 1076 3504 ἐστι
1098 3441 1142 3523 μη

4 3621 6 3644 2
133 3553 380 3633 ’βεβουλεῦσθαι
408 3542 488 3630 πρὶν
515 3543 548 3623 ἐξ
576 3539 623 3610 ὧν
652 3546 705 3611 δεῖ
725 3545 972 3630 βουλεύσασθαι
995 3542 1141 3609 ἀκοῦσαι.

188 3662 209 3702 D
211 3673 313 3703 εεεεεεε
342 3662 394 3704 VoL
407 3659 452 3701 ΙΙΙ
950 3652 984 3698 24
