2658 3914
181 207 182 210 ’
311 237 399 288 nm
415 235 491 288 υου
508 235 612 287 mm.
631 235 705 286 Tm:
723 233 969 290 TPIHPAPXIAZ.
1077 229 1141 298 183

136 403 316 480 συνθηκῶν
339 395 449 462 οὐσῶν
467 395 579 472 αὐτοῖς
596 397 675 472 τοὺς
692 393 725 472 ἓξ
744 403 849 480 μῆνας
859 391 1020 480 1εὐιάτερον
1037 385 1144 498 πλείν,

136 503 259 586 ἐπειδὴ·
272 501 455 588 Εὐριπίδης
482 499 653 580 ἐξέπλευσε
681 498 736 565 καί
763 500 782 566 ό
805 504 923 587 χρόνος
942 498 1076 584 Ιἐξῆκεν,
1103 497 1145 565 οῦ

137 607 302 687 διεδέξατο
320 609 380 692 ’τήν
398 616 484 674 ναῦν
501 605 605 694 αὐτῷ,
625 605 850 690 ἀναγνώσεται
871 607 932 690 τήν
950 608 1143 691 μαρτυρίαν.

547 711 738 768 ΜΑΡΓΤΡΙΑ.

612 989 666 1056 LI.
731 1027 732 1032 α

290 1133 418 1212 ΠΕΡΙ
442 1131 548 1207 ΤΟΤ
573 1129 855 1206 ΣΤΕΦΑΝΟΤ
879 1130 986 1204 ΤΗΣ

372 1292 374 1299 .
463 1247 831 1324 ΤΡΙΗΡΑΡΧΙΑΣ.
947 1338 950 1344 ¹

539 1435 739 1491 ΤΠΟΘΕΣΙΣ.
752 1451 753 1454 ’

204 1571 329 1632 Πολλῶν
359 1567 409 1630 καί
440 1565 573 1648 μεγάλων
603 1566 782 1648 πραγμάτων
816 1565 1045 1649 κατεπειγόντων
1075 1565 1145 1642 τοῦς

133 1663 316 1747 Ἀθηναίους
337 1665 464 1748 τριήρεις
485 1668 637 1745 πληρῶσαι
663 1661 713 1724 καὶ
739 1673 791 1745 τῆς
817 1663 891 1726 κατὰ
911 1665 1061 1726 θάλατταν
1082 1661 1145 1726 ἐπι-

137 1770 305 1846 μεληθῆναι
331 1763 498 1843 δυνάμεως,
524 1760 666 1843 γράφεται
692 1760 852 1842 ψήφισμα,
879 1769 939 1824 τῦν
964 1761 1145 1845 τριηράρχων

136 1862 191 1925 τδν
216 1857 270 1942 μὲν
295 1867 413 1942 πρῶτον
439 1867 499 1920 τῶν
525 1855 621 1918 ἀλλων
647 1855 703 1936 τήν
724 1867 802 1920 ναῦν
827 1857 1014 1939 παρασχόντα
1034 1863 1146 1938 πεπλη·

137 1956 273 2042 ρωμὲνην
297 1955 374 2034 [τὸν]
399 1954 546 2035 στέφανον
572 1955 687 2034 λαβεῖν,
713 1953 765 2016 τδν
792 1951 825 2016 δὲ
851 1963 892 2034 μή
919 1968 975 2038 πρὸ
1001 1965 1054 2036 τῆς
1077 1953 1146 2035 ἕνης

136 2055 187 2118 καὶ
208 2053 292 2134 νέας,
314 2053 379 2134 ήτις
401 2051 480 2114 ἐστὶν
501 2049 521 2132 ή
544 2052 691 2114 τελευταία
712 2059 765 2113 τοῦ
788 2051 896 2132 μηνός,
918 2054 1145 2136 περιορμίσαντα
1155 2071 1222 2121 1228

136 2153 193 2232 τήν
218 2159 296 2212 ναῦν
321 2148 370 2211 ἐπὶ
395 2148 429 2211 τδ
454 2158 537 2230 χῶμα
563 2149 699 2230 δεθῆναι.
742 2146 775 2209 τδ
802 2157 885 2228 χῶμα
911 2141 939 2210 δ’
965 2139 1004 2228 ήν
1030 2147 1145 2210 οἰκοδό-

138 2239 214 2328 μημ’
239 2243 272 2306 ἐν
292 2249 333 2330 τῷ
355 2241 450 2324 λιμένι
471 2241 721 2326 προβεβλημένον,
743 2245 963 2327 προσορμίσεως
990 2241 1075 2320 ἕνεκα
1096 2242 1146 2305 καί

137 2344 248 2426 ἀγορᾶς
269 2350 328 2403 τῶν
354 2350 481 2404 ναυτῶν.
522 2333 740 2423 Ἀπολλόδωρος
767 2331 822 2402 οῦν
845 2339 861 2403 ὁ
884 2342 1042 2414 Πασίωνος
1066 2347 1146 2422 πρῶ-

136 2464 187 2515 τος
204 2438 259 2518 τήν
277 2446 354 2500 ναῦν
371 2437 560 2520 περιαρμόσας
582 2435 666 2517 ἔλαβε
689 2437 740 2500 τδν
758 2435 915 2517 στέφανον.
954 2437 1147 2519 προτεθείσης

137 2535 170 2600 δὲ
181 2537 271 2598 πάλιν
283 2535 466 2616 δοκιμασίας,
481 2533 559 2608 ὅστις
568 2534 703 2596 κάλλιστα
716 2531 950 2618 παρεσκευάσατο
964 2533 1018 2613 τήν
1032 2533 1145 2616 τριήρη,

137 2619 322 2714 στεφανῶσαι
334 2631 384 2694 καί
397 2642 512 2712 τοῦτον,
530 2630 721 2694 ἀντιποιεῖται
738 2631 789 2694 καλ
806 2625 874 2696 τόθ’
892 2626 1145 2716 δἈπολλόδωρος.
1178 2644 1184 2658 “

203 2825 247 2888 Ec
273 2818 333 2907 μδυ
361 2821 426 2910 ὅτφ
452 2825 600 2888 πλείστοι
621 2825 816 2888 ’συνείποιεν
838 2815 865 2886 ὦ
887 2821 992 2906 βουλή
1019 2825 1057 2890 τὸ
1083 2827 1145 2907 ψή-

137 2925 232 3013 φισμ’
259 2926 387 2994 ἐκέλευε
414 2929 534 2994 δοῦναι
559 2929 619 2994 τὸν
646 2926 828 3012 στέφανον,
853 2925 917 2994 κάν
943 2927 1082 3014 ἀνόητος
1102 2925 1145 3014 ήν

137 3037 169 3100 εί
190 3039 305 3119 λαβεῖν
327 3033 429 3100 αὐτὸν
451 3032 578 3118 ήξίονν,
601 3036 837 3119 Κηφισοδότου
859 3037 965 3118 μόνον
988 3057 1045 3119 μοι
1068 3051 1146 3100 συν-

137 3142 321 3226 ειρηκότος,
343 3133 537 3215 τούτοιςδδ
562 3142 775 3224 παμπόλλων.
814 3147 879 3205 νῦν
902 3135 940 3205 δὲ
961 3149 1007 3226 τῷ
1028 3141 1146 3230 πρώτω

136 3244 421 3331 παρασκευάσαντι
443 3244 504 3327 τήν
531 3246 647 3329 τριήρη
675 3247 734 3311 τὸν
760 3248 881 3329 ταμίαν
907 3241 1104 3330 προσέταξεν
1127 3247 1146 3312 ὁ

138 3351 242 3434 δήμος
264 3354 395 3432 δοῦναι,
416 3351 577 3433 πεποίηκα
607 3345 644 3414 δὲ
670 3346 758 3415 τοῦτ’
785 3348 863 3433 ἐγώ·
891 3351 945 3416 διό
967 3374 1051 3434 φημι
1075 3351 1146 3415 δείν

110 3473 235 3530 εαυτος
268 3461 526 3537 στεφανοῦσθαι.
574 3455 733 3539 θαυμάζω
767 3451 804 3520 δὲ
835 3453 889 3520 καί
921 3455 1064 3537 τούτων,
1095 3453 1146 3519 ὅτι

136 3568 195 3642 τῆς
217 3561 374 3644 τριήρους
395 3558 616 3643 ἀμελήσαντες
633 3562 710 3636 τοὺς
728 3559 869 3644 ῥήτορας
886 3573 1146 3643 παρεσκευασαν,
