2658 3914
385 159 482 211 ΚΑΤΑ
500 159 806 216 ΟΔΤΜΠΙΟΔΩΡΟΤ.
1034 155 1096 222 141

34 337 64 378 ω
81 319 165 402 ὑμῖν
192 318 400 386 δικαιότατον
428 320 510 405 δοκῆ
538 314 634 385 εἶναι.
676 329 778 387 ταῦτα
807 317 838 386 δ’
866 319 948 405 ἐμοῦ
974 340 1097 404 προκα-

80 419 250 505 λουμένου
281 421 342 488 οὐκ
372 421 516 509 ήθέλησε
548 424 675 490 τούτων
707 419 808 490 οὐδὲν
839 434 990 508 ποιῆσαι,
1021 420 1093 490 ἀλλ’

81 527 172 592 οὕτω
202 531 487 614 πεφιλοσόφηκεν,
522 529 606 595 ὥστε
643 531 688 614 μή
724 525 811 597 εἶναι
841 529 927 615 ὑμᾶς
957 528 1097 596 ἀκοῦσαι
1108 535 1174 586 1181

81 643 152 698 τῶν
180 639 360 718 συνθηκῶν
390 633 427 700 ἑκ
455 644 523 700 τῶν
556 646 680 701 κοινῶν
709 635 920 722 γραμμάτων.
961 634 1016 701 καί
1046 635 1097 700 ὅτι

82 747 186 804 ταῦτα
207 740 465 825 προύκαλούμην
482 749 616 824 τοῦτον,
638 745 823 827 μαρτυρίαν
844 741 925 826 ὑμῖν
948 740 1097 824 ἀναγνώ-

83 863 176 911 σεται
195 840 243 912 ὧν
261 845 414 912 ἐναντίον
431 845 700 932 προύκαλούμην.
732 845 807 930 λέγε
824 847 885 932 τήν
904 849 1096 933 μαρτυρίαν.

492 1037 684 1094 ΜΑΡΓΤΡΙΑ.

42 1182 69 1224 ιο
152 1167 233 1241 Πῶς
263 1161 305 1228 ἀν
337 1156 401 1228 οὖν
432 1167 559 1246 μᾶλλον
587 1164 778 1249 καταφανής
805 1159 936 1248 γίνοιτο
965 1163 1098 1248 ἀνθρω-

83 1290 162 1352 πος,
191 1267 242 1335 δτι
270 1268 405 1344 δικαίως
430 1263 492 1352 μὲν
523 1264 625 1334 οὐδδν
651 1270 805 1352 βούλεται
834 1270 917 1354 πρός
938 1291 978 1353 με
1000 1268 1097 1352 πρότ-

84 1398 168 1460 τειν,
189 1372 428 1460 ἀποστερήσειν
455 1371 487 1440 δ’
514 1379 616 1441 οίεται
643 1374 665 1441 δ
691 1376 850 1462 προσήκει
876 1373 950 1459 ἐμοί
972 1377 1099 1458 λαβεῖν,

84 1480 267 1565 προφάσεις
288 1477 396 1564 λέγων
418 1477 474 1546 καί
492 1479 679 1564 ἐγκλήματα
697 1480 858 1565 ἐγκαλῶν,
879 1480 938 1557 τὰς
960 1474 997 1545 δέ
1019 1495 1098 1545 συν·

83 1590 210 1671 θήκας,
240 1585 279 1662 ἀς
306 1588 392 1671 φησί
420 1608 461 1670 με
489 1585 773 1672 παραβεβηκέναι,
804 1586 866 1652 οὐκ
896 1582 993 1674 ᾠήθη
1026 1586 1097 1651 δεῖν

84 1693 173 1776 ὑμᾶς
195 1690 346 1771 ἀκοῦσαι,
375 1690 439 1775 ἐγὼ
463 1687 501 1757 δὲ
523 1695 596 1759 τότε
619 1689 681 1778 μὲν
708 1692 860 1759 ἐναντίον
886 1702 954 1758 τῶν
976 1692 1098 1778 μαρτύ-

85 1821 158 1883 ρων
178 1808 245 1864 τῶν
266 1794 546 1883 παραγενομένων
567 1798 859 1885 προύκαλεσάμην,
881 1796 960 1864 νυνί
983 1794 1020 1864 δὲ
1042 1795 1098 1866 καὶ

84 1903 181 1988 ὑμῶν
203 1902 355 1970 ἐναντίον
378 1913 445 1970 τῶν
468 1905 632 1970 δικαστῶν
654 1905 756 1972 πάλιν
777 1909 1021 1991 προκαλοῦμαι,
1042 1902 1098 1969 καί

85 2008 166 2089 ἀξιῶ
193 2019 377 2096 συγχωρεῖν
404 2009 507 2075 αὐτὸν
535 2008 591 2075 καί
618 2008 683 2093 ἐγὼ
710 2021 870 2096 συγχωρῶ
898 2009 1098 2095 ἀνοιχθῆναι

84 2116 144 2193 τάς
165 2117 335 2198 συνθήκας
358 2111 498 2179 ἐνταυθὶ
520 2112 574 2180 ἐπὶ
592 2124 653 2180 τοῦ
672 2116 900 2200 δικαστηρίου,
922 2113 977 2180 καὶ
999 2114 1098 2180 ἀκοῦ-

85 2237 144 2288 σαι
179 2219 280 2302 ὑμᾶς,
319 2216 375 2284 καὶ
409 2219 511 2285 πάλιν
552 2227 765 2305 σημανθῆναι
805 2220 959 2287 ἐναντίον
994 2218 1098 2304 ὑμῶν.

39 2346 70 2387 τι
80 2324 335 2410 Ἀνδροκλείδης
353 2320 384 2389 δ’
405 2322 520 2390 οὑτοσί
537 2325 709 2409 πάρεστιν·
728 2325 793 2410 ἐγὼ
811 2327 874 2412 γδρ
894 2326 981 2413 αὐτῷ
1001 2324 1099 2409 ἐπήγ-

85 2437 182 2518 γειλα
212 2430 305 2514 ήκειν
336 2431 446 2515 ἔχοντι
477 2430 534 2508 τὰς
566 2433 746 2515 συνθήκας.
795 2428 850 2497 καὶ
883 2439 1042 2515 συγχωρῶ
1072 2426 1098 2496 ὦ

86 2538 207 2624 ἀνδρες
229 2531 380 2600 δικασταὶ
402 2533 440 2600 ἐν
457 2543 503 2623 τῷ
525 2535 647 2600 τούτου
669 2538 759 2625 λόγφ
780 2535 801 2620 ῆ
824 2535 862 2602 ἐν
883 2544 928 2624 τῷ
950 2532 1098 2625 προτέρῳ

85 2643 108 2727 ῆ
131 2641 168 2709 ἐν
190 2649 236 2730 τῷ
259 2639 387 2730 ὑστέρφ
410 2639 623 2727 ἀνοιχθῆναι·
651 2637 752 2708 οὐδὲν
774 2642 837 2726 γάρ
860 2666 917 2726 μοι
939 2640 1098 2727 διαφέρει

86 2750 172 2832 ὑμᾶς
203 2743 241 2812 δὲ
271 2747 434 2832 βούλομαι
465 2745 606 2814 ἀκοῦσαι
641 2748 699 2825 τὰς
735 2751 905 2833 συνθήκας
935 2743 990 2813 καί
1022 2749 1099 2823 τοὺς

87 2855 222 2940 ὅρκους,
249 2852 308 2930 οδς
334 2854 509 2938 ὠμόσαμεν
536 2851 691 2938 ἀλλήλοις
713 2852 778 2938 ἐγὼ
800 2852 856 2921 καί
874 2852 1098 2939 Ὀλυμπιόδω-

88 2983 147 3047 ρος
173 2959 297 3025 οὑτοσί.
339 2956 394 3024 καὶ
423 2960 455 3024 εί
483 2954 545 3043 μδν
575 2970 754 3045 συγχωρεῖ,
785 2961 868 3026 ἔστω
897 2970 1016 3044 ταῦτα,
1044 2957 1099 3026 καὶ

88 3065 182 3150 ὑμεῖς
210 3063 362 3144 ἀκούετε,
390 3063 525 3130 ἐπειδὰν
553 3065 658 3154 τοότφ
686 3066 782 3150 δοκῆ*
806 3065 865 3130 ἐὰν
888 3062 925 3131 δὲ
947 3065 992 3148 μή
1008 3063 1099 3152 Ιθέλη

88 3180 190 3238 ταῦτα
211 3177 332 3252 ποιεῖν,
354 3168 416 3236 οὐκ
437 3170 501 3254 ήδη
528 3168 719 3254 καταφανής
745 3172 836 3235 ἐσται
858 3165 884 3236 ὦ
908 3171 1028 3254 ἀνδρες
1049 3172 1099 3237 δι-

88 3278 216 3359 κασταί,
234 3275 284 3340 ὅτι
302 3274 599 3361 ἀναισχυντότατός
617 3275 707 3341 ἐστιν
725 3273 914 3360 ἀνθρώπων
933 3273 1099 3360 ἁπάντων,

81 3381 144 3449 καί
171 3383 306 3458 δικαίως
332 3376 406 3446 οὐδ’
438 3378 481 3448 ἀν
512 3382 627 3448 ὁτιοῦν
658 3379 878 3467 ἀποδέχοισθε
908 3381 1029 3446 τούτου
1055 3381 1100 3458 ὡς

91 3485 181 3573 ὑγιές
201 3510 234 3553 τι
257 3482 424 3570 λέγοντος,
