2658 3922
441 214 541 266 111202
559 214 809 266 ευεοελῑΔΗΝ.
891 263 893 268 .
1065 209 1131 274 251

114 373 339 458 ταύτομάτου,
358 370 430 440 ἀλλ’
448 373 674 459 ἐπιβουλεύων
688 373 772 458 ἐμοί,
790 373 879 451 ὅπως
896 373 941 450 ὡς
958 368 1128 452 ὀψιαίταθ’

113 479 138 563 ἡ
174 481 370 566 διαψήφισις
397 479 418 564 ἡ
451 477 526 566 περὶ
558 479 639 564 ἐμοῦ
671 478 813 563 γε’νοιτο·
849 475 905 546 καὶ
937 476 1132 564 διεπράξατο

114 596 226 652 τοῦτο.
262 584 318 652 καὶ
340 597 407 652 τῶν
429 581 490 672 μὲν
518 588 672 670 δημοτῶν
693 586 730 651 οί
750 584 931 671 ὀμόσαντες
949 584 1132 668 ἐγενόμεθα

115 702 220 776 τρεῖς
235 689 291 756 καὶ
321 689 565 777 ἑβδομήκοντα,
594 689 766 778 ήρξάμεθα
794 685 831 758 δέ
858 699 918 757 τοῦ
941 691 1132 775 διαψηφίζε-

117 798 336 881 σθαιδείλης
359 796 468 881 ὀψίας,
490 797 574 863 ὥστε
598 795 739 882 συνέβη,
765 796 864 881 ἡνίκα
886 796 1011 881 τούμδν
1034 790 1128 880 ὄνομ’

73 918 102 959 10
118 901 278 986 ἐκαλεῖτο,
297 905 413 980 σκότος
431 899 517 969 εἶναι
534 904 613 987 ήδη·
635 900 691 968 καλ
709 902 772 988 γὰρ
791 896 834 985 ήν
851 899 927 989 περὶ
946 900 1133 988 ἑξηκοστόν,
1143 916 1211 967 1302

115 1005 175 1073 καὶ
197 1006 343 1093 ἐκλήθην
365 1009 505 1086 ύστατος
523 1007 677 1075 ἁπάντων
695 1018 762 1073 τῶν
781 1006 818 1074 ἐν
835 1006 944 1094 ἐκείνη
966 1017 1005 1093 τῇ
1027 1004 1132 1093 ήμέρηι

116 1112 328 1200 κληθέντων,
359 1115 458 1200 ήνίκα
488 1116 524 1181 οί
547 1111 609 1200 μὲν
640 1112 857 1201 πρεσβύτεροι
883 1125 951 1180 τῶν
981 1116 1132 1198 δημοτῶν

116 1218 374 1304 ἀπεληλύθεσαν
401 1224 448 1298 είς
475 1223 553 1298 τοὺς
581 1219 718 1307 ἀγρούς·
741 1229 803 1286 τοῦ
829 1220 894 1306 γδρ
922 1221 1031 1304 δήμου
1053 1218 1133 1303 ήμῑυ

115 1320 289 1412 ὦάυδρες
322 1325 474 1392 δικασταὶ
505 1323 602 1392 πέντε
633 1324 690 1391 καὶ
720 1325 898 1412 τριάκοντα
927 1325 1044 1391 στάδια
1072 1333 1133 1390 τοῦ

115 1433 241 1509 ἄστεως
264 1431 457 1518 ἀπέχοντος,
484 1430 629 1498 καὶτῶν
655 1435 821 1498 πλείστων
849 1431 918 1498 ἐκεῖ
937 1431 1132 1514 οἰκούντων,

115 1536 371 1622 ἀπεληλύθεσαν
399 1539 436 1605 οί
458 1541 597 1605 πολλοί·
629 1539 665 1604 οί
689 1534 727 1604 δέ
757 1538 951 1604 κατάλοιποι
978 1532 1064 1621 ήσαν
1091 1535 1132 1600 ού

115 1647 251 1721 πλείους
272 1644 293 1728 ή
316 1643 501 1731 τριάκοντα.
548 1641 585 1709 ἐν
609 1639 647 1709 δέ
669 1644 800 1721 τούτοις
825 1639 911 1728 ήσαν
938 1643 1077 1718 ἅπαντες
1099 1644 1132 1706 οί

74 1765 103 1806 1²
117 1750 224 1840 τούτφ
259 1746 570 1836 παρεσκευασμένοι.
627 1746 740 1834 ἐπειδή
779 1745 809 1815 δ’
846 1748 971 1833 ἐκλήθη
1006 1747 1131 1833 τούμὸν

106 1856 240 1940 όνομα,
262 1854 476 1940 ἀναπηδήσας
499 1849 597 1932 οὗτος
620 1854 823 1941 ἐβλασφήμει
847 1850 917 1920 κατ’
945 1853 1027 1938 ἐμοῦ
1049 1856 1130 1940 ταχὺ

116 1958 172 2026 κού
194 1961 301 2027 πολλὰ
323 1959 379 2026 καὶ
401 1960 527 2047 μεγάλη
550 1969 589 2046 τῇ
614 1969 723 2046 φωνή,
746 1961 856 2046 ὥσπερ
874 1957 929 2026 καὶ
952 1969 1027 2044 νῦν,
1050 1960 1131 2046 μάρ-

117 2090 202 2153 τυρα
225 2064 286 2151 μὲν
309 2059 357 2132 ὧν
383 2069 609 2151 κατηγόρησεν
636 2064 759 2132 ούδένα
785 2069 1034 2153 παρασχόμενος
1055 2067 1131 2132 ούτε

117 2183 185 2238 τῶν
208 2173 363 2256 δημοτῶν
386 2171 462 2236 ούτε
485 2181 552 2236 τῶν
580 2171 691 2236 ἀλλων
714 2176 876 2255 πολιτῶν,
897 2172 1131 2256 παρεκελεύετο

79 2294 105 2334 12
119 2273 158 2342 δὲ
186 2287 256 2352 τοῖς
285 2277 442 2360 δημόταις
475 2274 751 2360 ἀποψηφίζεσθαι.
800 2275 972 2356 ἀξιοῦντος
1001 2275 1041 2342 δέ
1066 2300 1132 2362 μου

119 2378 346 2466 ἀναβαλέσθαι
368 2383 417 2459 είς
437 2381 499 2464 τήν
522 2380 715 2467 ὑστεραίαν,
744 2381 799 2448 διά
821 2405 857 2447 τε
879 2384 941 2467 τήν
963 2383 1055 2468 ὥραν
1076 2381 1132 2448 καλ

117 2490 155 2555 τό
174 2485 301 2573 μηδένα
318 2510 375 2572 μοι
393 2496 547 2570 παρεῖναι
565 2488 603 2568 τό
622 2509 656 2552 τε
670 2485 793 2573 πρᾶγμ’
811 2479 907 2575 ἀφνω
920 2503 1132 2574 προσπεπτω-

118 2593 227 2680 κέναι,
253 2595 310 2660 ίυα
335 2593 443 2682 τούτῳ
470 2589 498 2658 τ’
526 2590 659 2671 ἐξουσία
686 2591 817 2677 γένοιθ’
844 2593 950 2661 ὁπόσα
976 2594 1130 2678 βούλοιτο

117 2709 339 2785 κατηγορῆσαι
361 2697 418 2766 καὶ
440 2699 609 2786 μάρτυρας
631 2705 667 2765 εί
684 2723 778 2778 τινας
800 2703 870 2788 ἔχοι
890 2698 1131 2787 παρασχέσθαι,

119 2806 194 2892 ἐμοί
212 2803 243 2872 τ’
270 2801 427 2890 ἐκγένοιτ’
455 2803 730 2890 ἀπολογήσασθαι
754 2805 791 2873 ἐν
813 2807 915 2872 ἅπασι
937 2817 1007 2883 τοῖς
1029 2806 1131 2891 δημό-

118 2935 189 2992 ταις
213 2910 270 2979 καὶ
295 2915 375 2989 τοὺς
401 2912 543 2987 οἰκείους
570 2911 738 2998 μάρτυρας
763 2909 1006 2999 παρασχέσθαι·
1033 2911 1130 2980 καλό

82 3033 106 3074 1³
119 3042 150 3084 τι
167 3022 329 3102 γνοίησαν
346 3013 422 3102 περὶ
441 3015 535 3100 ἐμοῦ,
552 3016 683 3093 τούτοις
700 3017 827 3099 ήθελου
846 3014 1015 3100 ἐμμένειν·
1034 3014 1131 3096 οὗτος

120 3118 166 3189 ὧν
192 3118 255 3207 μὲν
283 3121 347 3205 ἐγὼ
374 3121 634 3208 προύκαλούμην
662 3118 763 3189 οὐδὲν
790 3120 981 3208 ἐφρόντισε,
1008 3125 1070 3208 τήν
1094 3122 1131 3190 δέ

118 3239 232 3314 ψήφου
255 3228 360 3304 εὐθύς
382 3226 497 3293 ἐδίδου
519 3237 589 3304 τοῖς
609 3238 754 3312 παροῦσι
775 3239 843 3293 τῶν
865 3229 1031 3313 δημοτῶν,
1054 3227 1126 3296 οὔτ’

119 3333 302 3418 ἀπολογίαν
334 3330 408 3418 ἐμοὶ
440 3334 520 3410 δούς
551 3333 711 3419 οὐδεμίαν
743 3329 814 3401 οὔτ’
845 3335 981 3420 ἔλεγχον
1013 3331 1126 3400 οὐδέν’

104 3438 236 3526 ἀκριβῶ
268 3441 418 3524 ποιήσας.
462 3438 498 3505 οἱ
524 3435 562 3504 δέ
590 3439 697 3530 τούτφ
732 3449 933 3516 συνεστῶτες
962 3437 1130 3520 ἀναπηδή-

122 3561 236 3624 σαντες
259 3543 467 3632 ἐψηφίζοντο.
512 3541 633 3629 καλήν
655 3542 717 3631 μὲν
740 3547 867 3628 σκότος,
890 3543 926 3610 οἱ
946 3538 983 3608 δέ
1005 3541 1130 3626 λαμβά-
