2658 3922
191 145 259 210 244
497 147 567 201 τοι.
596 143 901 217 [Λωιοεοτυοεν]

191 308 318 374 τούτων
333 307 553 391 ὁμολογεῖται·
569 305 687 390 οὐγὰρ
701 305 743 372 ἀν
757 305 958 372 ἀπεδίδοσαν
971 307 1009 371 τό
1022 301 1050 370 τ’
1064 304 1205 390 ἀρχαῖον

191 414 327 479 δάνειον
345 410 400 477 καλ
417 421 485 477 τῶν
501 414 609 477 τόκων
627 410 726 497 μέρος
743 434 784 480 τι.
821 411 861 477 οὐ
879 414 1149 496 καταιωιιόμισται
1169 407 1199 476 δ’

191 522 239 596 είς
260 521 320 585 τὸν
342 523 495 603 Πειραιᾶ.
537 519 593 583 διά
615 514 713 584 τοῦθ’
739 517 833 602 ἡμεῖς
854 512 916 602 μὲν
939 517 975 583 ολ
994 519 1207 592 δανείσαντες

191 624 384 691 ἀδικεῖσθαί
403 646 529 709 φαμεν,
557 619 725 709 καῖ’ὑπέρ
754 625 875 690 τούτου
905 624 1123 708 δικαζόμεθα,
1152 622 1288 691 ὅτιιῦεῖ

151 750 178 791 ει
192 729 233 796 αὐ
255 727 475 798 κατέπλευσεν
498 732 546 808 είς
567 731 605 795 τὸ
630 732 846 815 συγκείμενον
870 728 1038 815 ἐμπόριον.
1079 732 1206 794 Διονυ-

192 837 340 920 σόδωρος
362 832 393 900 δ’
421 836 463 902 οῦ
485 853 589 921 φησιν
611 834 740 902 ἀδικεῖν
763 831 808 899 δι’
835 835 915 902 αὐτὸ
938 845 1052 902 τοῦτο·
1075 832 1117 901 οδ
1138 835 1205 918 γὰρ

191 943 263 1009 δεῖν
291 942 394 1008 αὐτὸν
421 939 607 1008 ἀποδοῦναι
633 941 758 1017 πάντας
783 942 861 1018 τοὺς
887 943 1020 1025 τόκους,
1047 939 1204 1025 έπειδηὴ

190 1058 273 1126 ναῦς
295 1049 336 1115 οὐ
358 1046 577 1115 κατέπλευσεν
599 1049 653 1125 εἰς
677 1051 737 1115 τὸν
764 1051 916 1134 Πειραιᾶ.
956 1047 977 1131 ῆ
1001 1043 1038 1113 δὲ
1061 1064 1205 1133 συγγρα-

190 1156 237 1240 φῆ
268 1158 304 1220 τί
332 1153 434 1239 λέγεις
467 1154 509 1222 οὐ
540 1154 585 1239 μά
617 1150 679 1220 Δί’
710 1153 752 1221 οὐ
782 1150 882 1220 ταῦθ’
914 1152 936 1220 ἀ
968 1155 1009 1218 σὺ
1041 1151 1146 1237 λέγεις
1176 1147 1206 1220 ὦ
1308 1142 1309 1180 ¹

190 1263 443 1348 Διονυσόδωρε·
472 1259 544 1327 ἀλλ’
580 1259 638 1326 ἐάν
672 1261 716 1346 μῆ
751 1259 885 1348 ἀποδῷς
917 1261 956 1327 τὸ
986 1259 1120 1327 δάνειον
1148 1259 1205 1326 καὶ

189 1370 267 1445 τοὺς
295 1370 431 1451 τόκους,
460 1367 481 1452 ἦ
511 1368 555 1452 μὴ
587 1367 756 1454 παράσχῃς
784 1367 825 1432 τά
851 1366 1051 1450 ὑποκείμενα
1073 1364 1203 1451 ἐμφανῆ

189 1470 245 1540 καὶ
263 1471 428 1558 ἀνέπαφα,
449 1470 471 1556 ἣ
490 1473 571 1538 ἀλλο
595 1494 627 1538 τι
648 1473 737 1558 παρὰ
758 1472 821 1556 την
839 1473 1036 1558 συγγραφὴν
1054 1473 1205 1560 ποιῆσχς,

190 1577 361 1644 ἀποτίνειν
387 1578 514 1644 κελεύει
542 1595 579 1644 σε
612 1577 770 1643 διπλάσια
797 1577 837 1643 τὰ
863 1581 1023 1664 χρηματα.
1065 1581 1124 1648 καί
1146 1601 1205 1662 μοι

190 1681 265 1767 λέγε
288 1683 369 1749 αὐτὸ
392 1692 491 1750 τοῦτο
514 1691 571 1768 τῆς
594 1692 796 1769 συγγραφῆς.

590 1876 798 1934 ΣΤΓΓΡΑΦΗ.

300 1989 373 2060 Ἐἀν
396 1992 428 2058 δὲ
447 2039 612 2060 ........
635 1995 676 2078 μὴ
699 1999 869 2080 παράσχωσι
894 1997 930 2060 τά
952 1995 1130 2078 ὑποκείμενα
1152 1995 1205 2077 ἐμ-

223 2103 318 2174 -φανῆ
341 2092 391 2156 καί
413 2092 562 2174 ἀνέπαφα,
584 2091 605 2174 ἢ
627 2094 776 2174 ποιήσωσί
794 2117 822 2156 τι
843 2092 923 2177 παρὰ
944 2093 1000 2174 τῆν
1018 2097 1204 2179 συγγραφήν,

235 2189 459 2256 ἀποδιδότωσαν
482 2191 621 2253 διπλάσια
641 2190 677 2255 τὰ
699 2191 840 2274 χρήματα.

150 2336 177 2376 ⁸⁹
248 2317 363 2386 Ἔστιν
386 2314 449 2387 οὖν
470 2319 547 2386 ὅποι
570 2318 777 2406 παρέσχηκας
795 2320 924 2406 ἐμφανῆ
942 2323 1003 2406 τῆν
1021 2333 1118 2408 ναῦν,
1141 2321 1199 2409 ἀφ’

190 2421 231 2492 οὗ
260 2426 300 2492 τά
329 2428 478 2514 χρήματα
507 2428 623 2510 ἔλαβες
656 2422 734 2512 παρ’
767 2426 879 2511 ἡμῶν,
909 2425 1083 2512 ὁμολογῶν
1112 2431 1203 2496 σώαν

190 2527 276 2597 εἶναι
298 2531 410 2610 αὐτός;
439 2531 460 2616 ἦ
482 2528 747 2609 καταπέπλευκας
774 2529 807 2610 ἐξ
836 2530 964 2599 ἐκείνου
992 2544 1052 2602 τοῦ
1078 2538 1203 2622 χρόνον

189 2639 237 2713 είς
258 2635 296 2703 τὸ
315 2633 504 2721 Ἀθηναίων
528 2636 699 2723 ἐμπόρων,
721 2645 779 2721 τῆς
802 2649 997 2725 συγγραφῆς
1019 2641 1204 2728 διαρρήδην

190 2743 351 2827 λεγούσης
372 2745 419 2819 είς
440 2744 500 2809 τδυ
522 2747 667 2830 Πειραιᾶ
695 2743 852 2826 κατάγειν
877 2745 939 2828 τῆν
960 2755 1048 2813 ναῦν
1070 2745 1125 2813 καὶ
1148 2746 1204 2832 έμ-

149 2867 177 2907 ιο
191 2856 281 2933 φαυῆ
304 2845 459 2934 παρέχειν
481 2859 551 2925 τοῖς
573 2850 780 2928 δανείσασιν;
808 2846 864 2916 καὶ
890 2851 954 2934 γάρ
977 2849 1068 2919 τοῦτ’
1095 2848 1122 2920 ἀ
1145 2855 1204 2920 ἀν-

190 2956 267 3039 δρες
284 2950 466 3038 Ἀθηναῖοι.
506 2955 678 3021 θεάσασθε
705 2956 767 3039 τῆν
794 2954 992 3042 ὑπερβολήν.
1036 2957 1157 3046 ἐρράγη
1181 2959 1202 3041 ῆ

188 3068 282 3144 ναῦς,
305 3059 350 3135 ὥς
372 3073 475 3143 φησιν
498 3054 607 3144 οὗτος,
629 3058 685 3126 καὶ
707 3060 764 3126 διδ
786 3059 875 3128 τοῦτ’
902 3064 950 3139 είς
966 3059 1083 3130 Ῥόδον
1104 3068 1203 3150 κατῆ-

190 3188 291 3250 γαγεν
314 3164 426 3249 αὐτήν.
469 3163 595 3232 οὐκοῦν
615 3167 653 3233 τὸ
676 3166 757 3250 μετά
780 3162 870 3234 τοῦτ’
896 3166 1123 3256 ἐπεσκευάσθη
1146 3169 1202 3236 καὶ

189 3273 329 3356 πλόῖμος
350 3268 490 3354 ἐγένετο.
532 3272 588 3338 διὰ
615 3274 650 3338 τί
674 3266 737 3338 οὖν
759 3267 786 3338 ὦ
808 3270 956 3358 βέλτιστε
982 3277 1031 3354 είς
1057 3272 1118 3361 μὲν
1140 3275 1202 3360 την

189 3383 362 3461 Αῖγυπτου
384 3374 441 3443 καὶ
462 3375 553 3444 τᾶλλ’
580 3375 721 3463 ἐμπόρια
748 3377 940 3460 ἀπέστελλες
961 3383 1082 3470 αὐτην,
1101 3383 1201 3469 Ἀδῆ-

189 3486 265 3562 ναζε
290 3479 323 3549 δ’
350 3482 412 3549 οὐκ
438 3480 640 3560 ἀπέσταλκας
671 3481 803 3550 οὐδέπω
833 3483 889 3554 καὶ
916 3497 981 3556 νῦν
1007 3491 1090 3574 πρὸς
1115 3489 1201 3574 ἡμᾶς
