2650 3918
187 229 256 294 320
489 228 558 283 mx.
588 229 893 301 [οιοιοεοενονο]

189 388 274 457 ιέναι
303 388 359 456 καί
387 389 428 456 τά
456 387 558 476 γέρρα
591 388 760 476 ἀναιρεῖν,
794 391 851 459 ἵνα
878 392 993 477 κύριος
1020 390 1068 460 ὢν
1102 390 1207 469 αὐτὸς

188 497 292 563 αὑτοῦ
311 495 446 572 ἕκαστος
464 505 624 581 σκοπῆται
645 497 729 582 πρὸς
745 495 848 562 αὑτὸν
870 496 986 564 όντινα
1008 500 1119 581 μέλλει
1141 518 1206 564 πο-

189 605 283 685 λίτην
305 603 517 687 ποιήσεσθαι,
539 603 571 667 εί
591 600 682 680 ἀξιός
700 601 769 667 ἐστι
786 611 844 686 τῆς
866 605 1007 687 δωρειᾶς
1028 601 1047 669 ό
1071 600 1205 686 μέλλων

188 708 365 791 λήψεσθαι.
388 710 498 774 ἔπειτα
507 708 586 793 μετὰ
596 717 698 774 ταῦτα
706 711 908 794 παρανόμων
921 709 1055 795 γραφήν
1068 707 1204 792 ἐποίησε

188 809 258 878 κατ’
281 813 386 881 αὐτοῦ
402 822 448 902 τῷ
468 812 664 905 βουλομένην
683 811 883 900 Ἀθηναίων,
905 811 961 884 καὶ
983 817 1073 882 ἔστιν
1097 816 1206 880 εἰσελ-

188 921 295 987 θόντα
317 921 365 997 είς
382 921 420 987 τὸ
438 921 652 1005 δικαστήριον
673 918 847 1004 ἐξελέγξαι,
868 920 914 998 ὡς
935 919 997 986 ούκ
1019 917 1110 998 ἄξιός
1132 918 1204 986 ἐστι

188 1032 247 1108 τῆς
269 1026 425 1111 δωρειᾶς,
446 1025 530 1091 ἀλλά
553 1026 642 1110 παρὰ
663 1028 742 1102 τοὺς
763 1029 888 1111 νόμους
907 1023 1085 1111 Ἀθηναῖος
1106 1023 1203 1114 γέγο-

148 1146 175 1187 ⁰1
189 1154 258 1197 νεν.
302 1129 358 1197 ααὶ
387 1133 452 1216 ήδη
484 1130 552 1198 τισὶ
582 1140 642 1198 τοῦ
670 1133 778 1217 δήμου
810 1133 927 1210 δόντος
955 1133 1017 1216 τήν
1046 1132 1204 1218 δωρειύν,

189 1240 277 1328 λόγφ
301 1235 562 1322 ἐξαπατηθέντος
587 1238 653 1305 ὑπὸ
681 1248 748 1303 τῶν
770 1239 970 1322 αἰτούντων,
998 1240 1203 1324 παρανόμων

188 1351 317 1430 γραφῆς
339 1342 521 1429 γενομένης
542 1341 598 1410 παὶ
615 1344 833 1427 εἰσελθούσης
854 1345 902 1421 είς
918 1345 956 1410 τὸ
975 1344 1203 1429 δικαστήριον,
1215 1374 1281 1424 1376
1316 1323 1317 1382 ἀ

189 1448 422 1536 ἐξελεγχθῆναι
455 1447 578 1534 συνέβη
610 1452 670 1516 τὸν
701 1451 859 1536 εἰληφότα
876 1445 951 1535 ’τήν
982 1448 1124 1534 δωρειὰν
1155 1451 1202 1534 μή

187 1552 283 1633 ἀξιον
305 1550 392 1621 εἶναι
418 1554 533 1640 αὐτῆς,
562 1553 618 1621 καὶ
644 1555 797 1641 ἀφείλετο
818 1557 856 1624 τὸ
880 1556 1101 1641 δικαστήριον.
1145 1553 1204 1624 καὶ

188 1662 267 1735 τοὺς
288 1655 350 1745 μὲν
370 1663 515 1737 πολλοὺς
536 1658 592 1726 καὶ
614 1664 776 1740 παλαιοὺς
797 1664 896 1748 ἔργον
919 1661 1157 1746 διηγήσασθαι·
1180 1661 1203 1728 ἃ

189 1760 228 1829 δέ
245 1764 365 1842 πάντες
383 1766 616 1851 μνημονεύετε,
638 1768 812 1832 Πειθόλαν
829 1789 864 1833 τε
881 1768 941 1834 τὸν
958 1768 1124 1834 Θετταλὸν
1145 1766 1204 1834 ναὶ
1239 1751 1248 1768 ’

184 1867 434 1956 Ἀπολλωνίδην
462 1872 522 1938 τὸν
547 1867 727 1938 Ὀλύνθιον
753 1876 889 1950 πολίτας
913 1872 979 1941 ὑπὸ
1008 1881 1069 1940 τοῦ
1091 1874 1200 1958 δήμου

146 1994 176 2034 ιε
189 1975 391 2061 γενομένους
419 1975 572 2062 ἀφείλετο
603 1980 641 2044 τὸ
674 1979 900 2063 δικαστήριον·
929 1989 1033 2046 ταῦτα
1063 1979 1128 2065 γὰρ
1159 1979 1201 2046 ού
1317 2035 1318 2046 ,

188 2083 290 2150 πάλαι
308 2080 379 2150 ἐστὶ
397 2081 611 2169 γεγενημένα,
634 2084 718 2152 ὥστε
741 2082 876 2169 ἀγνοεῖν
897 2083 991 2168 ὑμᾶς.
1023 2084 1111 2154 οὕτω
1134 2087 1201 2152 τοί-

188 2213 253 2255 νυν
271 2195 379 2265 καλῶς
396 2187 452 2256 ναὶ
470 2191 613 2277 ἰσχυρῶς
630 2201 697 2256 τῶν
718 2193 833 2275 νόμων
855 2188 1016 2275 κειμένων
1039 2187 1122 2276 ὑπὲρ
1144 2200 1201 2275 τῆς

188 2298 365 2380 πολιτείας,
388 2291 432 2361 δι’
456 2289 504 2362 ὧν
522 2297 577 2361 δεῖ
592 2291 773 2380 Ἀθηναῖον
790 2292 960 2379 γενέσθαι,
975 2293 1093 2383 ’ἕτερός
1111 2296 1200 2364 ἐστιν

188 2397 240 2486 ἐφ’
272 2401 374 2468 ἅπασι
405 2401 537 2477 τούτοις
566 2401 767 2487 κυριώτατος
796 2403 900 2486 νόμος
927 2404 1089 2486 κείμενος·
1112 2402 1200 2468 οὕτω

186 2508 317 2591 πολλήν
336 2507 355 2573 ό
375 2507 479 2591 δῆμος
491 2509 654 2593 πρόνοιαν
673 2505 814 2574 ἐποιεῖτο
832 2503 917 2594 ὑπὲρ
935 2507 1040 2575 αὑτοῦ
1056 2505 1112 2578 καὶ
1134 2517 1200 2576 τῶν

186 2617 296 2696 θεῶν,
326 2613 410 2680 ὥστε
441 2608 485 2682 δι’
512 2612 679 2698 εὐσεβείας
704 2613 745 2682 τά
775 2613 847 2699 ἱερὰ
868 2614 1016 2679 θύεσθαι
1037 2609 1121 2699 ὑπὲρ
1143 2623 1200 2698 τῆς

187 2719 324 2794 πόλεως.
361 2716 461 2794 ὅσους
478 2718 542 2804 γὰρ
560 2717 603 2785 ἀν
620 2722 795 2805 ποιήσηται
814 2718 832 2785 ὁ
852 2720 956 2803 δῆμος
973 2717 992 2785 ὁ
1012 2716 1200 2804 Ἀθηναίων

186 2826 332 2906 πολίτας,
354 2821 373 2889 ό
391 2826 494 2907 νόμος
511 2822 710 2910 ἀπαγορεύει
729 2825 915 2910 διαρρήδην
933 2825 977 2909 μή
997 2822 1119 2903 ἐξεῖναι
1141 2825 1201 2894 αύ-Ι

185 2940 255 3006 τοῖς
284 2939 351 2996 τῶν
381 2924 477 2994 ἐννέα
505 2926 678 3014 ἀρχόντων
703 2927 879 3015 γενέσθω,
908 2924 992 3015 μηδὲ
1019 2929 1201 3016 ἱερωσύνης

186 3036 347 3121 μηδεμιᾶς
367 3044 554 3119 μετασχεῖν·
576 3044 646 3111 τοῖς
668 3031 700 3102 δ’
723 3034 759 3102 ἐν
781 3035 912 3108 τούτων,
930 3032 1113 3120 μετέδωκεν
1134 3038 1199 3122 ήδη

186 3140 205 3210 ὁ
229 3140 332 3225 δῆμος
354 3137 529 3224 ἀπόντων,
555 3137 611 3205 καὶ
640 3138 867 3227 προσέθηκεν,
896 3139 956 3210 ἐὰν
978 3135 1061 3208 ὦσιν
1083 3140 1120 3214 ἐκ
1141 3155 1201 3227 yv-

145 3263 173 3306 0⁸
185 3248 299 3324 ναικὸς
330 3244 430 3329 ἀστῆς
457 3242 513 3311 καὶ
543 3244 700 3332 ἐγγυητῆς
727 3247 810 3314 κατὰ
831 3248 890 3315 τὸν
912 3249 1027 3333 νόμον.
1072 3245 1127 3341 καί
1150 3248 1202 3334 ότι

187 3348 277 3420 ταῦτ’
310 3351 420 3438 ἀληθῆ
454 3349 557 3436 λέγω,
589 3352 714 3438 μεγάλη
745 3351 800 3419 παὶ
830 3363 1009 3440 περιφανεῖ
1037 3357 1202 3441 μαρτυρίᾳ

189 3456 253 3541 ἐγὼ
276 3456 358 3546 ὑμίν
383 3456 531 3540 δηλώσω.
566 3458 729 3542 βούλομαι
752 3455 783 3528 δ’
808 3458 889 3543 ύμῖν
911 3460 970 3527 τὸν
991 3461 1098 3542 νόμον
1120 3463 1201 3544 πόρ-

191 3568 304 3640 ρωθεν
330 3563 636 3650 προδιηγήσασθαι,
659 3563 708 3650 1ὡς
734 3562 831 3649 ἐτέθη
858 3561 914 3632 ναὶ
936 3565 1019 3649 πρὸς
1040 3564 1099 3642 οὓς
1122 3567 1200 3633 διω-
